1904 3250
214 201 298 240 214

840 199 1144 243 HORATII

1577 207 1685 257 [Lus.
1708 216 1768 247 ιν.

332 316 462 368 Gens,
485 332 592 373 quae,
615 323 798 358 cremato
818 316 935 357 fortis
956 317 1010 358 ab
1031 317 1125 367 Ilio,

328 387 491 430 Jactata
511 386 661 428 Tuscis
682 386 921 442 aequoribus
943 401 1074 437 sacra,

242 464 296 502 55

445 459 660 515 Natosque
679 466 949 515 maturosque
968 466 1122 515 patres,

559 527 738 569 Pertulit
759 528 968 570 Ausonias
989 529 1044 570 ad
1064 529 1203 580 urbes,

326 601 458 643 Duris
480 607 526 641 ut
546 599 630 641 ilex
650 607 771 641 tonsa
790 599 1040 656 bipennibus

327 673 473 730 Nigrae
493 671 621 713 feraci
641 671 801 714 frondis
822 673 866 714 in
887 673 1058 731 Algido,

443 745 525 786 Per
546 745 711 795 damna,
734 761 809 801 per
831 746 980 797 caedes,
1003 747 1055 788 ab
1075 748 1167 803 ipso

239 820 293 857 60

557 814 689 855 Ducit
710 830 810 870 opes
832 816 1099 872 animumque
1119 815 1244 858 ferro.

326 883 424 925 Non
447 883 599 940 Hydra
621 892 732 925 sec-to
755 898 929 939 corpore
951 884 1111 925 firmior

324 954 446 995 Vinci
469 953 678 995 dolentem
701 955 829 995 crevit
849 955 891 995 in
916 954 1168 996 Herculem:
1199 980 1206 989 ·

440 1025 734 1067 Monstrumve
755 1027 983 1068 submisere
1007 1026 1156 1069 Colchi

556 1095 711 1152 Majus,
736 1095 1004 1138 Echioniaeve
1027 1096 1202 1139 Thebae.

206 1230 292 1251 nunc
305 1219 450 1251 laudator
464 1221 578 1258 existit,
594 1221 704 1251 acriter
718 1230 774 1260 pro
789 1231 821 1251 se
835 1221 965 1263 quisque

204 1263 347 1295 intendat
373 1264 515 1295 animum
541 1264 581 1294 ad
603 1274 764 1294 summum
785 1263 877 1295 illum
898 1276 966 1295 ver-

204 1309 318 1338 borum
340 1314 497 1346 ornatum,
520 1315 551 1339 et
572 1307 820 1347 splendidissima
841 1315 965 1339 senten-

205 1351 321 1382 tiarum
343 1351 475 1387 lumina,
499 1352 612 1392 quibus
634 1351 767 1391 simplex
790 1353 961 1384 sententia:

205 1400 227 1414 ⁶⁸
248 1395 337 1425 Vana
367 1401 398 1425 et
423 1394 509 1425 irrita
534 1402 580 1425 est
604 1395 706 1425 omnis
731 1405 826 1435 opera
851 1402 964 1432 nostra,

205 1448 300 1479 quam
315 1438 349 1468 in
370 1437 453 1469 bello
474 1446 581 1469 contra
605 1439 776 1476 Romanos,
798 1438 966 1480 fugiendos

205 1482 296 1512 nobis
309 1481 423 1522 potius,
438 1492 533 1523 quam
547 1482 784 1522 persequendos,
796 1483 942 1522 ponimus
954 1495 964 1521 ;

205 1535 270 1566 quo
283 1526 409 1566 gravius
422 1525 507 1556 enim
521 1536 574 1556 eos
586 1526 821 1567 impugnamus
841 1537 879 1557 eo
900 1537 966 1557 ma-

204 1569 254 1610 gis
269 1579 378 1600 eorum
393 1568 555 1600 efflorescit
569 1569 689 1610 gloria;
712 1568 778 1601 imo
795 1571 965 1608 Romanos

205 1622 285 1653 quos
298 1613 338 1652 ab
351 1614 439 1643 omni
453 1613 592 1653 periculo
605 1619 690 1644 tutos
701 1624 825 1654 semper
839 1621 964 1653 praesta-

206 1655 252 1686 bit
283 1655 449 1686 Neronum
475 1657 583 1694 virtus,
609 1667 627 1687 a
650 1657 740 1687 nobis
761 1657 844 1688 vinci
865 1668 963 1697 posse,

204 1699 308 1730 omnis
337 1699 438 1738 plane,
472 1699 672 1731 Hasdrubale
700 1700 876 1738 interemto,
896 1712 966 1741 spes

204 1743 332 1773 evanuit
347 1742 379 1774 !‘'
406 1744 530 1784 egregie
554 1754 696 1784 expressa
721 1752 753 1775 et
778 1744 966 1785 amplificata

204 1792 260 1816 eet.
311 1789 398 1818 Cervi
412 1789 475 1827 lup.
491 1790 600 1828 proeda
615 1796 721 1828 rapae.
738 1795 862 1820 sectam.
882 1790 964 1821 ultro

203 1839 262 1859 nos
275 1829 363 1860 stulti
378 1830 461 1861 ultro
476 1837 631 1862 sectamur
647 1831 819 1869 Romanos,
836 1839 872 1863 ut
885 1832 966 1867 sicut

205 1872 287 1903 cervi
322 1874 388 1904 fere
417 1874 484 1905 istis
511 1881 662 1915 tanquam
690 1876 773 1916 lupis
802 1877 965 1915 rapacibus

204 1915 319 1956 praedae
333 1918 440 1948 simus.
466 1918 507 1948 cf.
533 1918 644 1959 Epigr.
673 1919 832 1959 Posidipp.
861 1919 961 1950 xlv.

207 1960 306 1990 Anth.
339 1961 395 1991 Gr.
429 1962 467 1992 T.
503 1962 553 1992 ΙΙ.
586 1972 616 2001 p.
649 1962 702 1994 50.
777 1965 895 2003 opimus
923 1970 967 1995 est

204 2005 390 2045 triumphus,
405 2005 439 2034 in
455 2004 583 2046 gloriosi
597 2006 749 2046 triumphi
763 2006 832 2037 loco
847 2017 964 2046 ponen-

203 2047 281 2077 dum
304 2054 370 2086 est;
394 2058 450 2088 pro
471 2050 575 2079 tenui:
602 2057 748 2088 praestat3
770 2052 965 2091 triumphum

200 2091 269 2131 jam
285 2090 446 2133 insignivit
461 2093 606 2132 epithem,
623 2104 686 2134 quo
702 2094 824 2134 proprie
835 2096 965 2134 gloriosa

203 2133 260 2177 illa
271 2137 372 2174 spolia,
389 2146 408 2166 a
422 2135 503 2166 duce
518 2146 598 2167 caeso
612 2137 687 2168 duci
708 2137 844 2177 derepta,
867 2138 964 2179 insig-

205 2177 267 2208 niri
281 2177 391 2209 solent.
476 2186 608 2211 cremato
611 2182 694 2223 fort.
712 2183 750 2212 ab
765 2183 834 2216 Ilio,
840 2181 964 2221 jactata

202 2223 321 2253 *Tuscis
341 2233 421 2263 aequ.
443 2233 543 2260 sacra,
569 2223 756 2264 Opportune
785 2231 966 2264 comparant

203 2263 324 2306 virgil.
345 2265 472 2296 AEneid.
501 2266 529 2297 I.
555 2266 606 2298 71.
651 2269 733 2300 Gens
747 2270 876 2299 inimica
889 2270 965 2300 mihi

203 2309 410 2350 ·22¹srrhenum
434 2311 559 2351 navigat
582 2322 694 2353 (equor,
719 2312 817 2343 Ilium
839 2313 873 2343 in
896 2314 962 2343 Ita-

204 2353 281 2384 liam
299 2359 428 2393 portans
457 2355 606 2396 victosque
631 2357 775 2387 Penates.
864 2366 962 2392 saera,

207 2394 353 2433 Penates,
369 2395 431 2426 vid.
450 2398 559 2438 Heyn.
579 2398 712 2429 Excurs.
733 2398 799 2429 IX.
817 2398 859 2429 ad
875 2399 964 2440 Virg.

203 2438 285 2470 -AEn.
307 2439 357 2470 11.
373 2449 402 2470 ν.
421 2438 486 2470 293
500 2451 581 2482 seqq.
601 2452 630 2480 p.
649 2441 724 2472 304.
769 2449 906 2474 maturos
921 2452 962 2473 sc.

205 2482 320 2520 funeri,
335 2488 372 2514 ut
385 2482 457 2514 infr.
479 2483 549 2514 Art.
573 2484 660 2515 Poet.
679 2496 707 2516 v.
729 2483 800 2515 115.
819 2492 963 2517 maturus

206 2537 296 2558 senez·
309 2532 437 2567 etsupr.
458 2526 528 2558 111.
552 2526 599 2558 15.
619 2527 651 2558 4«.
701 2529 826 2560 Chloris
839 2535 962 2560 maturo

203 2572 328 2611 propior
326 2571 453 2611 suna-i·
527 2574 695 2609 Ausonias,
715 2572 819 2609 Italas,
835 2574 874 2603 ab
893 2573 963 2602 Au-

206 2615 345 2651 sonibus,
360 2613 495 2656 antiquis
510 2614 612 2645 Italiae
626 2615 757 2652 incolis;
780 2615 840 2646 vid.
857 2617 964 2655 Heyn.

208 2657 343 2688 Excurs.
377 2657 442 2689 IV.
467 2656 508 2688 ad
534 2658 611 2689 AEn.
641 2658 724 2689 VII.
750 2657 804 2689 37.
829 2669 860 2698 p.
886 2657 958 2689 129.

172 2733 175 2737 ,
206 2720 250 2726 --
263 2702 415 2734 Dur-isat
426 2702 484 2733 ila
496 2707 582 2733 tonsa
598 2703 720 2742 bipenn.
738 2708 809 2733 cett.
838 2702 960 2738 Quem-

205 2743 379 2775 admodum
391 2744 464 2782 ilex,
478 2745 568 2786 cujus
588 2744 715 2775 frondes
736 2745 785 2775 vel
806 2745 884 2775 rami
905 2755 960 2783 per

205 2787 373 2827 bipennem
387 2787 605 2826 detondeatur,
622 2788 724 2818 laetius
742 2787 856 2818 deinde
875 2787 961 2818 efflo-

205 2840 322 2862 rescere
336 2831 436 2870 solet;
458 2831 502 2863 ita
520 2842 597 2874 gens
621 2832 776 2869 Romana,
798 2831 876 2862 dum
898 2831 960 2861 cla-

206 2873 298 2904 dibus
316 2874 350 2905 in
370 2875 453 2906 bello
474 2874 615 2912 afficitur,
637 2877 677 2906 ab
697 2875 764 2915 ipso
783 2874 874 2911 ferro,
897 2885 960 2914 quo

205 2917 343 2956 caeditur,
367 2929 486 2950 novum
507 2919 536 2948 vi
665 2924 697 2950 et
717 2917 860 2949 animum
880 2918 960 2948 acci-

206 2959 261 2998 pit.
350 2964 471 3002 Algido,
495 2962 558 2993 vid.
589 2971 683 3002 supra
710 2961 751 2992 ad
782 2961 811 2992 1.
839 2959 892 2991 21.
921 2960 952 2991 6.

204 3004 359 3044 ——firaci
366 3007 479 3048 srond.
503 3008 610 3048 nigroe,
632 3005 685 3048 qui
707 3004 822 3046 profert
843 3004 957 3036 multas

1008 1223 1143 1258 arbores,
1158 1221 1245 1252 ilices
1259 1232 1381 1261 nempe,
1397 1232 1533 1264 quarum
1547 1220 1673 1253 frondes
1693 1223 1769 1254 sub·

1009 1264 1091 1306 nigri
1112 1265 1177 1296 fere
1198 1265 1310 1296 coloris
1333 1274 1416 1297 sunt.
1500 1277 1559 1307 per
1583 1269 1710 1303 damna,
1729 1277 1766 1307 p.

1009 1311 1085 1339 caed.
1116 1310 1154 1339 ab
1183 1311 1224 1349 ip.
1250 1311 1320 1341 duc.
1347 1322 1393 1351 op.
1418 1311 1513 1341 anim.
1528 1310 1620 1351 ferro
1641 1311 1770 1341 observa

1009 1351 1166 1383 delectum
1193 1354 1370 1390 verborum,
1395 1359 1458 1384 tam
1487 1353 1576 1394 genti
1602 1353 1768 1390 Romane,

1008 1406 1104 1436 quam
1119 1402 1217 1426 tonsae
1231 1396 1294 1426 ilici
1309 1407 1382 1427 cum
1398 1396 1453 1428 illa
1466 1403 1663 1437 comparate,
1679 1407 1769 1438 egre-

1008 1439 1060 1481 gie
1075 1438 1170 1470 simul
1184 1440 1499 1471 accommodatomm.

1051 1493 1079 1514 v.
1097 1481 1235 1514 61—76.
1254 1485 1332 1515 Nun
1348 1485 1461 1525 Hydra
1475 1490 1553 1515 secto
1574 1495 1656 1524 corp.
1669 1485 1766 1527 firm—

1009 1532 1082 1557 cett.
1123 1527 1258 1558 Sensus:
1288 1527 1376 1558 Gens
1394 1528 1546 1563 Romana,
1568 1528 1768 1568 quotiescun-

1009 1580 1070 1611 que
1091 1572 1132 1601 ab
1152 1571 1240 1601 hoste
1263 1570 1342 1602 victa
1363 1576 1419 1606 est,
1444 1570 1534 1602 toties
1558 1581 1640 1601 nova
1659 1577 1767 1601 contra

1007 1623 1082 1644 eum
1096 1614 1240 1645 firmitate
1254 1614 1362 1655 surgit,
1374 1614 1475 1645 veluti
1489 1614 1564 1645 olim
1575 1614 1674 1654 hydra
1686 1614 1767 1645 Ler-

1007 1667 1086 1694 naea,
1113 1668 1194 1698 quae,
1220 1658 1467 1699 quotiescunque
1489 1659 1530 1688 ab
1551 1657 1618 1699 ejus
1639 1668 1767 1698 corpore

1007 1710 1109 1731 unum
1124 1707 1219 1740 caput
1231 1701 1411 1733 desecuerat
1428 1701 1593 1739 Hercules,
1615 1701 1707 1732 toties
1727 1711 1766 1732 eo

1007 1743 1134 1782 firmior,
1167 1745 1306 1775 subnatis
1331 1743 1436 1776 statim
1459 1744 1583 1776 duobus
1606 1744 1675 1775 aliis
1700 1744 1765 1786 (vel

1007 1787 1165 1828 pluribus)
1195 1788 1354 1828 capitibus,
1377 1797 1486 1819 contra
1505 1797 1590 1824 eum.
1612 1797 1678 1819 non
1697 1787 1765 1819 sine

1008 1831 1124 1868 dolore,
1147 1842 1180 1862 se
1201 1833 1241 1862 ab
1261 1842 1299 1862 ea
1318 1832 1412 1869 vinci,
1437 1831 1632 1867 sentientem,
1655 1841 1765 1862 exsur-

1008 1875 1108 1912 rexit;
1132 1875 1242 1906 veluti
1257 1875 1333 1906 olim
1347 1885 1387 1906 ex
1401 1875 1474 1906 satis
1492 1874 1638 1906 dentibus
1657 1873 1767 1906 draeo-

1008 1919 1057 1948 nis
1081 1918 1175 1955 illius,
1200 1929 1294 1959 quem
1325 1918 1466 1950 Cadmus
1493 1917 1656 1954 ceciderat,
1686 1927 1768 1950 nove

1010 1970 1148 1993 monstra
1162 1962 1196 1992 in
1213 1961 1364 1994 Colchide
1377 1968 1410 1993 et
1432 1962 1556 1993 Boeotia
1575 1961 1659 1992 edita
1678 1967 1765 1992 sunt.

1009 2006 1208 2037 —Fabulam
1223 2005 1262 2036 de
1277 2008 1377 2047 hydra
1393 2007 1530 2038 Lernan
1543 2011 1654 2036 tractat
1670 2004 1764 2050 Ov'id.

1010 2050 1092 2080 Met.
1112 2049 1180 2080 IX.
1202 2048 1246 2080 69
1267 2060 1349 2091 seqq.
1374 2049 1415 2080 cf.
1443 2048 1626 2089 Apollodor.
1654 2047 1704 2080 11.
1728 2047 1761 2079 5.

1009 2092 1040 2123 2.
1091 2093 1174 2124 Cum
1195 2093 1295 2133 hydra
1315 2093 1450 2124 Lernaea
1466 2092 1628 2124 Romanos
1639 2101 1763 2133 quoque

1008 2143 1166 2176 comparat
1181 2136 1323 2177 Pyrrhus
1336 2136 1420 2176 apud
1437 2135 1569 2168 Flor.·1.
1586 2133 1636 2166 18.
1683 2141 1762 2167 secto

1008 2191 1140 2220 corpore,
1176 2180 1249 2210 hinc
1283 2179 1464 2219 proverbiali
1491 2178 1650 2210 locutione
1678 2177 1762 2222 ἅδῃ,

1009 2224 1115 2256 τίμιον
1138 2223 1296 2259 dicuntur,
1317 2222 1431 2264 quibus
1450 2232 1488 2253 ex
1511 2232 1586 2258 uno,
1608 2221 1695 2262 quod
1715 2222 1762 2252 vi-

1007 2273 1128 2305 cerunt,
1153 2267 1237 2297 malo
1257 2266 1348 2306 plura
1372 2273 1404 2297 et
1428 2266 1545 2308 majora
1567 2266 1762 2296 subnascun-

1006 2317 1076 2348 tur3
1108 2310 1169 2340 vid.
1204 2312 1347 2342 Torrent-
1371 2309 1413 2351 ad
1437 2310 1468 2339 h.
1495 2308 1517 2339 l.
1605 2310 1689 2341 vinti
1708 2310 1762 2340 do—

1006 2356 1080 2388 lent.
1110 2363 1195 2390 nam,
1219 2359 1256 2383 ut
1279 2355 1352 2383 satis
1373 2358 1502 2390 constat,
1530 2351 1611 2383 Iolai
1631 2352 1763 2383 demum

1007 2407 1067 2436 ope
1081 2397 1162 2427 victa
1176 2402 1222 2426 est
1235 2396 1293 2426 ista
1305 2395 1404 2435 hydra
1417 2397 1456 2426 ab
1473 2394 1623 2427 Hercule.
1695 2406 1762 2428 cre-

1006 2442 1058 2476 vit.
1071 2439 1265 2480 significante
1286 2439 1434 2470 brevitate
1454 2445 1486 2470 et
1506 2438 1661 2481 elegantia
1680 2449 1757 2480 pro:

1004 2483 1076 2520 suit,
1092 2492 1166 2513 cum
1180 2492 1261 2512 nova
1273 2483 1302 2513 ei
1316 2482 1482 2513 crevissent
1493 2482 1604 2522 capita.
1664 2484 1761 2515 Mon-

1006 2533 1142 2559 strumve
1155 2527 1277 2558 submis.
1304 2528 1403 2558 Colchi
1424 2538 1467 2558 m·
1490 2527 1621 2558 Echion·
1651 2527 1761 2558 27:212ae

1005 2580 1064 2601 nec
1077 2576 1159 2601 terra
1176 2569 1323 2601 Colchica
1336 2576 1367 2600 et
1384 2569 1573 2601 Thebanae
1593 2569 1667 2601 satis
1687 2568 1759 2600 dr&

1005 2613 1093 2644 conis
1120 2612 1266 2643 dentibus
1300 2613 1402 2654 majus
1437 2619 1613 2644 monstrum
1643 2611 1755 2644 emisit.

1008 2656 1160 2688 Fabulam
1193 2655 1232 2686 de
1260 2655 1403 2692 dracone,
1431 2666 1526 2698 quem
1557 2655 1698 2688 Cadmus
1725 2656 1758 2686 in

1007 2699 1139 2736 Boeotia,
1169 2704 1331 2739 postquam
1356 2699 1410 2730 ille
1429 2699 1524 2740 hujus
1545 2699 1642 2730 socios
1662 2709 1759 2740 aqua-

1004 2750 1073 2774 tum
1099 2743 1140 2774 ad
1164 2744 1284 2773 fontem
1308 2742 1418 2774 missos
1439 2750 1608 2779 necaverat,
1630 2742 1758 2773 interfe-

1004 2786 1081 2817 cisse
1110 2787 1298 2825 perhibetur,
1332 2786 1467 2817 suaviter
1501 2792 1623 2817 enarrat
1660 2785 1755 2818 Ovid-

1006 2830 1087 2861 Met.
1107 2829 1178 2860 111.
1196 2828 1240 2860 25
1253 2839 1335 2870 seqq.
1360 2829 1389 2860 E
1411 2829 1559 2861 dentibus
1579 2829 1675 2872 hujus
1695 2839 1759 2860 ser-

1004 2873 1115 2912 pentis,
1137 2883 1274 2914 quorum
1298 2879 1416 2912 partem
1443 2872 1589 2903 Minerva
1612 2872 1715 2904 subito
1739 2883 1758 2903 e

1003 2916 1082 2947 caelo
1101 2916 1217 2956 allapsa
1241 2916 1398 2947 Cadmum
1420 2925 1520 2947 serere
1536 2917 1680 2957 jusserat,
1701 2916 1758 2946 viri

1001 2961 1121 2997 armati,
1136 2962 1243 3001 sparti,
1262 2962 1403 3000 γηγιηῖς,
1426 2959 1487 2991 vid.
1514 2961 1620 3000 Heyn.
1645 2959 1686 2991 ad
1709 2960 1756 2990 A-

1000 3003 1152 3044 pollodor.
1185 3014 1214 3043 p.
1248 3001 1321 3034 454.
1354 3005 1446 3045 (quos
1476 3004 1614 3044 apposite
1643 3003 1757 3035 Noner
