1904 3250
246 145 326 186 192

877 148 1183 194 HORATII

1610 157 1719 206 [Lm.
1743 167 1811 195 ιιι.

767 336 1035 380 CARMEN
1067 339 1291 383 XXVIII.

889 478 958 509 AD
984 478 1163 510 LYDEN.

359 618 501 659 FESTO
524 617 626 674 quid
646 618 785 673 potius
807 617 875 660 die

473 688 661 744 Neptuni
681 687 862 730 faciam?
890 704 1039 745 prome
1061 690 1338 741 reconditum,

358 760 477 816 Lyde
490 768 680 814 strenua,
707 761 953 812 Caecubum,

471 832 737 891 Munitaeque
758 834 910 876 adhibe
932 835 1017 876 vim
1038 836 1265 891 sapientiae.

297 909 323 946 5
355 905 564 948 Inclinare
584 906 803 948 meridiem

473 980 633 1022 Sentis:
665 996 714 1022 ac
735 980 864 1022 veluti
886 989 966 1022 stet
986 981 1169 1023 volucris
1191 981 1295 1032 dies,

356 1048 499 1092 Parcis
521 1049 713 1106 deripere
733 1050 887 1091 horreo

473 1122 716 1164 Cessantem
740 1122 883 1164 Bibuli
907 1123 1104 1165 Consulis
1126 1123 1385 1180 amphoram.

235 1268 306 1293 tum
328 1268 449 1303 gestare
470 1262 621 1304 fingitur;
645 1273 730 1300 nam,
756 1263 843 1305 quod
867 1263 921 1295 ille
946 1274 1001 1303 per

235 1316 342 1337 arcum
358 1305 530 1337 adductum
545 1312 576 1337 et
589 1306 747 1337 intentum
768 1307 890 1338 efficere
911 1308 1000 1343 solet,

229 1349 299 1390 jam
321 1349 474 1380 effecerat.
563 1351 616 1381 ubi
637 1351 713 1381 lusit
737 1353 821 1390 satis,
847 1351 903 1382 ubi
928 1351 1002 1382 satis

235 1392 388 1424 delectata
401 1392 504 1424 fuerat
517 1392 595 1424 ludo
609 1393 675 1432 illo,
688 1404 782 1434 quem
794 1395 999 1434 spectandum

235 1436 264 1467 ei
279 1436 369 1468 Jovis
382 1446 470 1467 amor
483 1436 621 1468 dederat·
714 1439 822 1473 Quum
843 1440 898 1469 tibi
919 1440 999 1470 invi-

233 1491 288 1512 sus
302 1486 374 1511 cett.
391 1490 464 1511 cum
490 1487 598 1511 taurus
619 1480 673 1511 ille
696 1480 753 1511 tibi
774 1492 860 1512 nunc
882 1482 999 1512 invisus

234 1523 410 1561 laceranda,
425 1533 496 1564 quae
516 1530 547 1554 te
568 1523 771 1555 laceraturam
793 1535 860 1556 esse
881 1525 1001 1555 minata

234 1578 278 1604 es,
305 1567 516 1607 suppeditabit
539 1578 678 1606 cornua;
696 1567 804 1608 jocose
824 1578 900 1608 pro:
926 1578 1000 1598 cum

235 1610 323 1646 deus,
339 1611 394 1651 qui
409 1612 468 1642 sub
481 1617 574 1642 tauro
588 1611 673 1647 latet,
689 1621 722 1641 se
736 1612 791 1644 tibi
806 1611 1000 1651 conspicien-

234 1654 313 1685 dum
336 1661 368 1685 et
395 1654 649 1694 amplectendum
677 1656 835 1694 praebebit.
923 1667 1001 1687 uror

233 1699 265 1728 h.
283 1709 310 1728 e.
328 1697 442 1738 pellex,
458 1704 495 1729 ut
509 1699 623 1738 passim
645 1700 767 1740 conjux.
791 1705 892 1732 sectus
913 1701 998 1736 orbis,

234 1749 375 1782 separata
389 1741 473 1772 orbis
486 1748 639 1773 terrarum
655 1753 736 1783 pars.

409 1850 620 1882 CARMEN
644 1851 827 1883 XXVIII.

278 1960 375 1991 Diem
392 1960 544 1999 Neptuno
558 1971 680 1992 sacrum
694 1966 787 2001 poeta
808 1970 841 1991 se
861 1960 1001 1991 hilariter

232 2005 317 2043 apud
332 2004 466 2035 amicam
480 2014 580 2041 suam,
598 2004 722 2045 Lyden,
739 2003 875 2035 bibendo
885 2015 1000 2035 canen-

231 2048 336 2088 doque
350 2047 390 2078 ad
405 2048 539 2078 multam
564 2058 664 2089 usque
683 2054 809 2078 noctem
830 2048 1001 2090 transigere

232 2091 313 2122 velle
328 2091 472 2122 declarat.
518 2091 564 2122 Ut
578 2091 676 2132 igitur
697 2091 846 2122 lectorem
870 2092 904 2122 in
931 2102 998 2122 me-

230 2134 318 2165 diam
331 2145 398 2165 rem
413 2134 518 2166 statim
539 2135 681 2175 abripiat,
706 2134 830 2175 Lyden,
852 2134 886 2165 in
907 2135 1000 2177 cujus

231 2177 330 2209 domo
344 2189 377 2208 se
394 2179 461 2219 jam
476 2179 584 2210 adesse
603 2178 704 2220 fingit,
728 2178 928 2209 festinantius
953 2178 999 2208 vi-

231 2228 310 2252 num
329 2222 503 2253 Caecubum
518 2222 712 2261 depromere,
728 2222 848 2253 alterno
861 2222 1000 2253 carmine

233 2266 423 2306 Neptunum
454 2271 486 2296 et
517 2265 670 2297 Nereides
698 2276 805 2296 secum
833 2265 996 2301 celebrare.

229 2309 331 2350 ipsam
352 2309 451 2339 solam
475 2309 608 2340 Latonae
634 2316 665 2340 et
691 2309 806 2340 Dianae
827 2308 938 2340 laudes
957 2309 999 2340 ad

231 2353 332 2394 lyram
360 2352 474 2388 dicere,
504 2360 535 2383 et
559 2359 717 2392 postremo
744 2360 859 2383 mutuo
883 2352 998 2383 iterum

232 2396 371 2428 carmine
386 2396 542 2426 Venerem
559 2403 591 2427 et
607 2397 744 2427 Noctem
757 2406 865 2427 secum
886 2406 998 2427 canere

227 2441 328 2482 jubet.
340 2460 385 2466 -
401 2440 461 2470 Per
476 2439 591 2480 Lyden
604 2439 690 2473 haud
712 2439 807 2471 dubie
833 2445 880 2470 est
903 2439 997 2470 intel-

231 2483 359 2523 ligenda
372 2482 492 2520 eadem,
509 2484 599 2525 cujus
613 2493 707 2522 supra
721 2492 848 2524 quoque
864 2481 993 2514 11.11.

232 2527 286 2558 22.
304 2533 342 2559 ut
354 2526 489 2558 fidicinae
504 2532 535 2557 et
556 2526 728 2556 meretricis
751 2526 871 2556 mentio
893 2526 938 2557 fit.
954 2544 998 2551 —

234 2573 472 2613 Argumentum
493 2570 590 2610 hujus
610 2569 758 2600 carminis
782 2569 914 2600 debetur
927 2570 998 2600 for-

231 2622 313 2646 tasse
333 2620 433 2654 poeoe
457 2612 583 2645 cuidam
612 2613 735 2650 Graeco,
761 2622 858 2654 quem
882 2613 998 2645 Noster

231 2659 372 2690 imitatus
385 2663 441 2689 est.

275 2713 305 2733 v.
333 2701 426 2733 1—8.
451 2703 543 2734 Festo
563 2702 613 2732 die
635 2702 782 2741 Neptuni
803 2699 998 2739 Neptunalia

232 2756 341 2777 mense
355 2745 453 2780 Julio,
469 2750 502 2776 et
513 2743 651 2784 quidem,
667 2750 704 2774 ut
718 2749 836 2774 veteres
860 2743 945 2774 Fasti
966 2749 998 2774 et

233 2790 336 2821 Varro
352 2789 391 2820 L.
408 2788 448 2820 L.
463 2788 506 2819 V.
523 2787 554 2819 3-
573 2786 698 2824 docent,
713 2798 741 2817 a.
755 2786 788 2817 d.
808 2787 848 2817 V.
867 2786 998 2818 calend.

235 2833 324 2875 Aug.
342 2843 362 2864 a
380 2831 532 2864 Romanis
544 2830 788 2862 celebrabantur.
856 2836 994 2867 strenua,

236 2877 349 2908 Graece
362 2886 419 2917 pro
433 2882 569 2914 strenue,
582 2875 616 2906 h.
632 2884 660 2904 e.
678 2879 802 2914 promto
826 2881 996 2914 paratoque

232 2920 513 2995 33¹¹?5'22‹‚“.‘⁰3⁶‘⁴'
466 2933 538 2961 “⁴'‘
585 2916 888 2999 ωηῖιῖιωωῗῑέᾇῒ,
907 2926 995 2991 ἓξὲξ,

549 2973 584 2994 re
687 2973 742 2995 um

1044 1264 1234 1305 generosius
1258 1263 1351 1306 quale
1376 1263 1440 1296 fuit
1464 1264 1649 1302 Caecubum,
1677 1264 1711 1296 in
1732 1263 1812 1295 inte·

1043 1308 1124 1338 riore
1151 1308 1289 1349 quadam
1316 1307 1406 1339 cellae
1434 1308 1561 1339 vinaria>
1590 1313 1678 1348 parte
1703 1308 1811 1348 seponi

1044 1357 1139 1392 atque
1153 1351 1272 1392 reponi,
1290 1362 1349 1382 nec
1363 1351 1424 1381 nisi
1438 1351 1549 1383 diebus
1563 1351 1651 1382 festis
1661 1357 1693 1383 et
1712 1351 1813 1382 laetio-

1041 1395 1128 1425 ribus
1156 1395 1231 1426 inde
1263 1394 1406 1436 depromi
1442 1395 1581 1434 solebat;
1618 1395 1692 1426 hinc
1726 1394 1811 1425 idem

1045 1440 1212 1470 Caecubum
1227 1439 1301 1470 infr.
1320 1439 1362 1470 V.
1380 1438 1413 1470 9.
1433 1437 1462 1469 l.
1479 1445 1637 1479 repostum
1657 1441 1698 1472 ad
1708 1439 1812 1481 finus

1042 1484 1143 1522 dapes,
1159 1488 1190 1512 et
1206 1483 1380 1514 Falernum
1391 1493 1477 1522 supr.
1497 1482 1547 1513 11.
1564 1481 1596 1513 3.
1609 1481 1640 1513 8.
1659 1484 1813 1514 interioris

1041 1531 1124 1556 notae
1151 1525 1261 1555 vinum
1290 1525 1473 1565 appellatur.
1574 1527 1694 1558 Munit.
1734 1528 1807 1557 adli.

1042 1570 1106 1599 vim
1120 1579 1183 1609 sap.
1203 1575 1234 1599 et
1248 1569 1432 1609 sapientiam
1445 1569 1544 1606 illam,
1558 1580 1622 1610 qua
1635 1576 1672 1600 tu
1687 1569 1812 1600 munita

1043 1611 1119 1642 allas
1133 1611 1197 1642 vini
1211 1621 1290 1652 potu
1304 1612 1448 1648 abstines,
1463 1611 1557 1643 hodie
1579 1612 1661 1644 vinci
1682 1619 1809 1652 patere;

1043 1665 1100 1694 pro
1135 1655 1276 1697 vulgari:
1325 1663 1358 1686 et
1387 1665 1514 1686 mecum
1551 1656 1625 1687 vino
1663 1655 1807 1696 indulge.

1046 1698 1160 1729 Facete
1174 1706 1266 1738 poeta
1279 1698 1320 1730 de
1335 1699 1436 1740 Lyde,
1451 1705 1600 1740 tanquam
1616 1699 1656 1730 de
1678 1699 1811 1737 Catone,

1043 1741 1192 1783 loquitur.
1209 1743 1266 1783 qui
1279 1753 1352 1773 vere
1371 1752 1602 1784 nonuunquam
1621 1753 1679 1784 per
1699 1743 1811 1773 vinum

1043 1785 1205 1826 sapientiae
1220 1796 1286 1816 suae
1300 1786 1364 1816 vim
1378 1785 1556 1818 adhibuisse
1568 1787 1600 1817 h.
1614 1797 1643 1818 e.
1666 1786 1741 1817 vino
1760 1786 1810 1816 in-

1043 1828 1176 1860 dulsisse
1205 1829 1341 1868 dicitur;
1374 1829 1450 1861 hinc
1480 1829 1597 1861 Noster
1624 1839 1709 1870 supr.
1737 1829 1808 1860 111.

1043 1871 1097 1903 21.
1117 1871 1168 1910 ll,
1189 1872 1238 1903 12.
1256 1872 1296 1904 de
1310 1883 1368 1904 eo:
1396 1875 1565 1905 Narratur
1584 1879 1615 1904 et
1631 1873 1730 1914 prisci
1749 1874 1809 1905 Ca—

1042 1918 1122 1949 tonis
1137 1920 1223 1958 Soepe
1236 1928 1320 1948 mero
1341 1918 1506 1949 incaluisse
1525 1918 1623 1948 virtus
1633 1919 1659 1954 ς’
1672 1915 1729 1954 ubi
1749 1922 1812 1947 sta-

1042 1959 1099 1990 tim
1114 1960 1349 1991 accommodate
1369 1960 1411 1991 ad
1431 1966 1575 1991 nostrum
1595 1959 1702 1991 locum
1723 1959 1811 1990 addi-

1042 2010 1115 2034 tur:
1147 2006 1199 2036 Tu
1223 2005 1292 2036 lene
1318 2010 1509 2036 tormentum
1529 2005 1652 2044 ingenio
1669 2005 1812 2035 admoves

1044 2049 1238 2088 Plerumque
1266 2050 1354 2079 duro.
1403 2047 1444 2078 In
1464 2046 1599 2078 eandem
1622 2045 1811 2078 sententiam

1040 2092 1127 2131 apud
1149 2091 1233 2122 Plin.
1259 2090 1408 2122 XXIII.
1439 2089 1469 2121 1.
1493 2101 1518 2120 s.
1546 2089 1599 2121 23.
1623 2100 1719 2132 quem
1739 2089 1810 2120 lau-

1041 2134 1127 2165 davit
1147 2136 1265 2175 Boeuig.
1283 2133 1467 2174 proverbiali
1479 2133 1638 2165 locutione
1658 2134 1807 2174 sapientia

1041 2180 1111 2210 vino
1126 2179 1303 2210 obumbrari
1316 2177 1441 2209 dicitur.
1488 2178 1687 2218 Porphyrion
1701 2183 1809 2208 autem

1041 2221 1082 2252 ad
1107 2222 1140 2252 h.
1169 2221 1190 2252 l.
1219 2223 1376 2252 observat:
1412 2222 1515 2253 Graeci
1536 2222 1640 2258 aiunt,
1665 2221 1731 2252 vim
1757 2231 1808 2251 sa-

1035 2266 1165 2305 pientia.-
1191 2266 1329 2296 adhiberi
1347 2275 1408 2306 per
1434 2266 1555 2296 vinum-
1646 2265 1809 2296 Indinoen

1041 2318 1083 2339 sc.
1102 2309 1137 2339 in
1150 2317 1320 2348 vesperam.
1409 2313 1476 2343 rtet,
1491 2313 1653 2344 moretur;
1676 2306 1808 2338 laudant

1043 2352 1161 2383 Tibull.
1177 2351 1206 2382 1.
1224 2349 1255 2382 4.
1273 2350 1327 2382 28.
1375 2353 1478 2383 Haud
1490 2352 1592 2391 segnis
1605 2352 1808 2383 scaev-emm-

1039 2407 1098 2438 que
1112 2397 1186 2427 dies.
1275 2396 1387 2427 Parcis
1401 2396 1548 2435 deripere,
1572 2394 1729 2426 cunctaris
1752 2393 1807 2426 de-

1038 2440 1148 2479 ripere,
1165 2448 1228 2469 non
1253 2437 1388 2477 deripis;
1411 2437 1456 2469 sic
1475 2437 1591 2478 passim
1613 2451 1647 2470 το
1663 2449 1806 2479 par-oen,

1038 2489 1077 2514 ut
1093 2482 1276 2513 Graeoorum
1293 2479 1441 2523 φιίδισόιι,
1455 2481 1616 2523 eleganter
1625 2490 1706 2521 pro·
1726 2490 1805 2519 non,

1039 2525 1089 2557 vel
1109 2524 1196 2556 nolle
1219 2524 1444 2565 ponitur-311¹:
1468 2534 1553 2565 supr.
1583 2525 1656 2556 111.
1688 2523 1721 2556 8.
1747 2523 1803 2556 26.

1039 2579 1184 2610 —parce
1204 2570 1344 2600 nimium
1366 2579 1472 2600 cavere
1494 2578 1570 2610 pro·
1604 2578 1647 2599 ne
1668 2568 1805 2599 nimium

1038 2622 1158 2649 caveas,
1193 2612 1260 2643 vel:
1294 2611 1359 2642 noli
1395 2611 1532 2643 nimium
1559 2621 1677 2644 cavere.
1705 2611 1803 2643 Ovid

1042 2658 1113 2687 Art.
1133 2655 1209 2686 Am.
1226 2655 1298 2687 111.
1314 2654 1390 2687 457.
1408 2657 1532 2697 parcite
1550 2646 1684 2693 credere,
1705 2655 1805 2686 nolite

1039 2698 1172 2731 credere.
1275 2701 1390 2737 horreo,
1418 2698 1460 2730 de
1489 2699 1640 2740 apotheca
1670 2697 1804 2735 vinu-ia,

1039 2742 1103 2773 sive
1118 2742 1182 2772 vini
1196 2743 1353 2779 veterario,
1469 2743 1503 2773 ἰιι
1516 2741 1675 2783 superiore
1685 2741 1803 2773 adium

1039 2792 1127 2826 parte
1139 2786 1221 2817 fuit·
1212 2810 1222 2824 ‚
1245 2786 1306 2817 vid.
1324 2797 1409 2829 supr.
1426 2785 1468 2817 ad
1482 2785 1554 2816 111.
1571 2784 1603 2816 8.
1615 2783 1671 2817 Jl.
1729 2796 1802 2818 ,σεε-

1037 2836 1157 2861 sontem
1185 2830 1320 2860 suaviter
1350 2833 1392 2871 n}
1411 2840 1507 2871 parce
1533 2829 1718 2870 respondet,
1735 2839 1803 2860 ees-

1038 2879 1126 2904 sante
1161 2873 1245 2904 enim
1285 2873 1385 2914 Lyde,
1422 2873 1574 2914 amphora
1600 2872 1708 2910 simul,
1728 2882 1801 2913 qun

1038 2916 1236 2948 festinantius
1249 2919 1289 2948 ab
1303 2917 1358 2948 illa
1370 2915 1484 2948 adfari
1497 2915 1639 2953 debebat.
1649 2917 1800 2948 eun-bnt.

1038 2977 1082 2987 —
1097 2962 1203 2993 Bibuli
1233 2964 1323 2994 Com.
1350 2962 1544 3002 amphoram,
1569 2957 1800 3001 vinnanquod
