1904 3250
132 178 223 207 sar.
242 165 345 214 v11.]

770 155 1064 202 SATIRAE.

1617 157 1709 197 34?

248 287 338 329 Aut
357 287 392 328 si
412 285 649 342 disparibus
669 285 828 328 bellum
847 284 1018 335 incidat,
1039 292 1089 326 ut
1107 282 1308 326 Diomedi

251 356 362 398 Cum
382 354 516 412 Lycio
539 354 718 406 Glauco,
740 354 931 396 discedet
947 354 1122 412 pigrior,
1143 352 1259 395 ultro

253 426 507 470 Muneribus
527 427 684 479 missis)
710 427 847 468 Bruto
869 427 1060 468 Praetore
1078 434 1248 467 tenente

249 499 399 542 Ditem
417 499 581 550 Asiam,
604 498 753 555 Rupili
772 507 815 541 et
838 497 957 540 Persi
976 514 1055 555 par
1074 505 1260 555 pugnat:
1289 497 1352 540 uti
1370 511 1460 538 uon

162 573 221 612 20
251 569 522 625 compositus
542 568 691 610 melius
712 584 809 611 cum
831 567 962 610 Bitho
983 567 1207 610 Bacchius.
1269 566 1320 608 In
1334 567 1408 622 jus

249 641 385 683 Acres
404 648 674 696 procurrunt,
695 655 895 698 magnum
916 639 1202 696 spectaculum
1221 647 1425 695 uterque„

252 710 423 752 Persius
444 710 619 766 exponit
638 725 822 760 causam,
843 709 1006 752 ridetur
1026 710 1081 751 ab
1101 709 1218 751 omni

253 780 490 830 Conventu‚
512 779 656 821 laudat
678 779 873 830 Brutum,
893 778 1121 835 laudatque
1142 778 1382 820 cohortem:

199 872 201 874 ¹
256 852 397 895 Solem
419 853 534 894 Asiae
557 852 740 895 Brutum
758 851 958 908 appellat,
979 851 1204 907 stellasque
1225 851 1416 892 salubres

167 929 224 968 25
255 924 457 982 Appellat
476 925 660 975 comites,
683 931 862 980 excepto
885 923 1028 981 Rege3
1059 938 1206 964 canem
1225 922 1359 974 illum,

256 994 445 1036 Invisum
463 993 660 1052 agricolis
680 992 810 1043 sidus,
830 993 1007 1034 venisse.

1070 991 1252 1042 Ruebat,

260 1063 440 1106 Flumen
458 1071 507 1104 ut
524 1062 763 1112 hibernum,
784 1060 917 1102 fertur
937 1076 1022 1118 quo
1042 1075 1139 1102 rara
1158 1061 1338 1102 securis,

259 1135 376 1178 Tum
396 1135 682 1178 Praenestinus
703 1133 814 1176 salso
832 1133 1050 1190 multoque
1070 1133 1219 1174 fluenti

261 1207 475 1264 Expressa
493 1207 667 1249 arbusto
686 1206 844 1264 regerit
862 1205 1063 1256 convicia,
1085 1204 1219 1247 durus

145 1323 326 1355 Homerum
348 1323 431 1355 inter
454 1322 646 1355 Diomedem
667 1329 698 1354 et
717 1322 902 1359 Glaucum;

140 1377 182 1398 ex
195 1366 349 1408 ejusmodi
362 1367 531 1398 certamine
545 1367 672 1408 pigrior,
691 1366 774 1396 ultro
791 1365 904 1397 oblatis

141 1410 334 1447 muneribus,
356 1410 490 1451 abibit)·
507 1411 575 1452 jam
597 1410 663 1440 duo
684 1409 731 1439 illi
751 1415 904 1440 certantes

141 1453 225 1484 aient
245 1463 301 1494 par
319 1453 541 1485 acerrimorum
562 1453 783 1495 gladiatorum,
799 1452 908 1494 quales

141 1504 218 1527 nint
242 1497 357 1528 Bithu-
375 1504 408 1528 et
431 1496 596 1532 Bacchius.
613 1506 701 1546 pugi
692 1503 768 1533 ant,
784 1497 845 1527 acri
860 1495 908 1526 ira

140 1540 176 1570 in
184 1540 241 1580 jus
253 1547 452 1580 procurrunt,
463 1546 495 1571 et
509 1540 557 1576 iis,
571 1541 626 1580 qui
641 1539 716 1570 huic
730 1536 779 1570 liti
792 1538 908 1570 adsunt

142 1593 297 1625 magnum
322 1585 463 1624 prebent
484 1582 707 1623 spectaculum.
724 1600 769 1608 —
785 1582 911 1614 Scilicet

147 1626 303 1658 Hoc-tius
315 1625 397 1658 ridet
416 1627 561 1658 homines
581 1627 706 1663 inertes,
729 1626 778 1657 vel
793 1625 910 1656 viribus

145 1669 292 1710 disp-res,
307 1669 374 1711 qni.
396 1669 498 1700 dum
488 1677 571 1700 mter
584 1680 617 1700 se
632 1675 762 1706 certam,
778 1668 910 1700 ridicule
933 1664 939 1677 ⁸

145 1713 228 1743 viros
243 1713 349 1750 fortes,
362 1712 473 1744 cedere
487 1712 616 1748 nescios,
631 1713 805 1744 imitantur.
846 1713 910 1743 Re.

147 1762 255 1787 manet
275 1763 382 1787 tamen
403 1756 436 1786 in
458 1766 534 1787 voce
545 1757 624 1796 jure
646 1766 674 1786 v.
696 1754 747 1786 18.
765 1755 825 1786 nisi
840 1765 911 1786 eam

148 1797 190 1830 de
203 1798 308 1833 modo,
323 1809 388 1839 quo
401 1799 472 1840 quis
488 1800 544 1849 jus
557 1798 707 1836 defendit,
725 1799 773 1830 vel
787 1800 827 1829 de
842 1809 911 1838 per-

150 1841 276 1876 tinacia,
291 1841 355 1882 qua*
375 1841 448 1882 quis
461 1843 502 1872 de
519 1843 591 1882 jure
604 1848 736 1882 pugnat,
753 1842 912 1880 explicue-

148 1884 201 1921 ris,
224 1885 311 1915 haud
330 1884 446 1926 exigua
466 1884 643 1915 difficultas.
690 1884 850 1925 Equidem
866 1884 914 1915 di-

152 1927 310 1962 vinabam,
323 1937 382 1967 pro
391 1927 470 1968 jure
490 1928 554 1968 legi
574 1929 704 1958 fortasse
724 1938 815 1967 posse
830 1939 915 1959 more

154 1971 325 2013 (ingenim)
348 1980 462 2010 nempe
482 1981 547 2012 quo
570 1970 728 2012 litigantes
749 1981 813 2000 non
835 1970 919 2001 inter

153 2023 189 2044 n
201 2013 368 2044 conv-nire
381 2014 510 2051 soleant,
526 2013 644 2044 similes
657 2014 724 2044 fere
738 2014 811 2044 viris
825 2014 913 2044 forti-

152 2058 223 2094 bus,
238 2067 374 2098 quorum
389 2063 500 2088 neuter
513 2057 601 2088 alteri
617 2057 727 2088 cedere
740 2057 838 2095 solet3
862 2056 918 2087 sed

153 2100 281 2132 videant
293 2100 334 2131 de
347 2100 408 2130 hoc
430 2100 501 2131 loco
518 2099 582 2131 alii.
600 2118 645 2125 —
661 2100 811 2132 Ceterum
826 2101 919 2131 verba

153 2143 229 2174 inde
253 2144 294 2174 ab
318 2145 375 2174 Ιιοο
398 2145 511 2175 etenim
532 2150 609 2175 sunt
628 2154 730 2184 usque
754 2143 794 2174 nd
818 2145 920 2175 Bruto

155 2189 296 2219 Proeem
316 2186 487 2217 rectissime
508 2187 728 2226 parentheseos
748 2187 838 2227 signo
852 2186 916 2217 dis-

154 2230 355 2271 tinguunmr,
370 2229 524 2271 quidquid
545 2229 737 2261 contradicat
758 2232 917 2262 Heindor-

144 2275 235 2323 flur,
243 2272 308 2315 qui,
366 2272 596 2313 odinterrupta
609 2273 708 2304 oratio
722 2280 792 2313 post
806 2283 918 2313 paren-

157 2315 260 2347 thesin
280 2326 301 2346 ιι
366 2316 541 2356 excipiatur
561 2316 698 2347 formula
717 2317 832 2358 aliqua,
855 2327 920 2357 qua

155 2361 320 2399 scriptores
333 2358 373 2390 ad
388 2366 520 2399 coeptam
542 2361 726 2390 sententiam
748 2359 850 2390 redire
869 2370 920 2390 so-

156 2403 252 2438 lunt.
277 2403 363 2433 hunc
387 2402 493 2433 locum
515 2402 555 2433 ad
576 2403 764 2434 anacolutha
783 2404 921 2433 referen-

158 2445 238 2477 dum
262 2451 376 2476 censet.
425 2446 488 2476 Sed
515 2446 670 2477 Horatius
689 2446 772 2477 infra
796 2456 921 2487 quoque

161 2489 264 2528 Epist.
293 2489 322 2520 1.
352 2487 402 2519 15.v
438 2487 489 2520 14.
516 2496 586 2530 post
614 2490 822 2528 parenthesin,
848 2500 921 2530 quae

159 2531 286 2574 longior
297 2532 376 2563 adeo
394 2539 442 2562 est
461 2533 557 2574 hujus
579 2533 638 2563 loci
653 2533 838 2572 parenthesi,
854 2533 922 2564 sine

160 2575 227 2606 ulla
240 2575 378 2606 formula
391 2575 441 2606 vel
461 2576 675 2606 admonitione
689 2577 722 2606 in
737 2582 837 2616 coepta
851 2587 919 2607 sen-

161 2618 259 2649 tentia
285 2619 396 2659 pergit.
484 2625 522 2651 ut
557 2621 704 2650 Diomedi
730 2631 804 2651 cum
839 2621 919 2661 Lyc.

167 2662 294 2696 Glauco,
309 2662 373 2692 fuit
381 2661 509 2703 quidem
524 2662 675 2698 Glaucus,
691 2662 820 2703 Lycius,
838 2663 924 2702 Hip-

164 2703 287 2744 poloelii
298 2704 392 2739 filius.
408 2706 456 2735 vir
465 2706 565 2742 furtis,
579 2705 634 2736 sed
647 2707 746 2745 impar
763 2706 923 2744 Diomedi,

148 2763 150 2765 ·
166 2747 219 2820 enni
240 2757 298 2787 pro
291 2747 413 2822 Iahrmdijz
433 2749 522 2822 εὖείἰε
541 2758 599 2822 silla
619 2749 705 2779 dedit
719 2749 920 2824 aurea3Bvid.

207 2798 273 2821 αιι.
353 2801 372 2822 a
593 2791 731 2823 9—236.
853 2799 924 2824 rulo

170 2833 317 2869 batere,
330 2835 433 2865 tenuit
446 2835 568 2866 Brutus
582 2844 650 2866 tum
667 2838 710 2878 (a.
723 2834 797 2866 711.
800 2835 813 2876 )
829 2836 927 2867 ditem

169 2875 358 2915 provinciam
375 2877 486 2909 Asiam
500 2881 675 2919 proconsul,
691 2879 746 2910 sed
760 2879 834 2910 alibi
848 2890 927 2929 quo:

168 2928 232 2957 que
243 2922 435 2956 proconsules
448 2930 598 2952 vocantur
614 2929 762 2962 prcetores
776 2923 809 2952 b
825 2933 853 2953 e.
872 2922 927 2964 qui

171 2961 345 3000 provincio
357 2962 451 2995 alicui
471 2972 629 3005 prosunt5
652 2965 714 2997 vid.
740 2968 867 2999 Emese.
893 2967 926 2997 in

949 1321 1035 1353 Clav.
1057 1321 1124 1353 Cic.
1143 1331 1167 1351 s.
1182 1331 1210 1351 v
1220 1327 1346 1362 praeeor.
1437 1324 1486 1353 ιιιί
1506 1334 1571 1354 non
1593 1334 1717 1364 compo·

945 1367 994 1397 ιίι.
1009 1377 1052 1397 m·
1065 1376 1093 1396 c
1112 1367 1155 1397 B
1169 1366 1339 1401 Bacchius,
1356 1363 1403 1395 uti
1418 1374 1481 1395 non
1497 1367 1611 1397 melius
1624 1376 1711 1397 com-

946 1408 1083 1449 positum
1113 1417 1169 1448 par
1197 1407 1278 1438 illud
1307 1407 1529 1448 gladiatorum,
1559 1409 1716 1440 Bacchius

949 1451 1150 1483 scilicetcum
1168 1451 1274 1482 Bitho.
1294 1453 1580 1493 (Schol.1’vr1›hyr.
1602 1455 1716 1484 Bittius

949 1501 979 1527 et
994 1497 1151 1527 Bacchius
1169 1496 1354 1535 gladiatores
1376 1497 1481 1535 optimi
1501 1497 1560 1527 iuis
1574 1498 1720 1537 tempor-i·

949 1539 1168 1581 bus-fuerunt,
1184 1540 1247 1579 qui,
1264 1549 1338 1569 eum
1352 1540 1467 1569 multos
1480 1541 1717 1576 interemissent,

951 1583 1107 1614 commissi
1118 1583 1202 1613 inter·
1222 1592 1253 1612 ιε
1274 1584 1394 1613 mutuis
1414 1584 1593 1614 vulneribus
1614 1584 1718 1614 conci-

951 1626 1096 1664 derunt.)
1118 1625 1163 1655 sic
1182 1624 1249 1655 fere
1271 1624 1386 1666 Virgil.
1416 1624 1531 1667 Eclog.
1559 1626 1643 1657 VII.
1664 1624 1715 1656 16.

953 1670 999 1701 Et
1015 1675 1170 1700 certamen
1191 1674 1268 1704 erat,
1294 1671 1436 1709 Corydon
1458 1680 1531 1700 cum
1559 1671 1719 1711 Thyrside,

953 1723 1129 1753 magnum;
1161 1713 1299 1743 certabm
1323 1712 1442 1743 scilicet
1469 1712 1619 1753 Corydon
1644 1723 1720 1743 cum

955 1754 1121 1796 Th5rside.

997 1809 1026 1829 v.
1055 1797 1109 1828 23.
1144 1800 1182 1829 ab
1207 1800 1293 1829 omni
1312 1806 1473 1836 conventu,
1496 1800 1537 1830 ab
1560 1798 1720 1836 omnibus,

954 1841 1010 1882 qui
1022 1841 1119 1882 hujus
1134 1851 1236 1871 causae
1250 1842 1364 1872 actioni
1384 1842 1533 1880 aderant;
1556 1845 1719 1880 colun-tem,

955 1884 1099 1925 intellige
1113 1885 1240 1921 amicos,
1255 1884 1395 1921 comites,
1411 1885 1533 1922 scribas,
1548 1887 1723 1926 praefectos,

957 1927 1097 1958 medicos
1121 1934 1193 1958 cett.
1218 1928 1260 1958 cf.
1285 1929 1414 1959 Ernest.
1442 1928 1531 1959 Clav.
1558 1930 1625 1961 cic.
1644 1940 1668 1960 s.
1687 1940 1717 1960 v.

958 1973 1074 2002 cohors.

998 2024 1028 2044 v.
1046 2011 1099 2044 24.
1124 2015 1215 2044 solem
1238 2014 1333 2048 Asia,
1356 2015 1445 2055 quasi
1466 2015 1574 2046 omnia
1595 2015 1630 2046 in
1651 2026 1724 2056 pro-

961 2057 1063 2088 vincia
1095 2057 1173 2087 Asia
1200 2057 1367 2096 splendore
1390 2067 1450 2088 suo
1477 2059 1648 2096 collustret,
1679 2060 1723 2090 sic

962 2100 1047 2140 apud
1064 2100 1191 2130 Graecos
1211 2100 1518 2143 ηλιοςάεεομιιιίς
1518 2102 1642 2134 loriaet
1662 2103 1724 2132 vir-

962 2143 1083 2174 tutibus
1104 2143 1351 2182 exsplendescit3
1372 2143 1435 2174 vid.
1461 2113 1571 2177 Jagcobs
1585 2146 1626 2177 ad
1649 2146 1724 2176 Me-

958 2186 1040 2228 leag.
1070 2186 1228 2217 XXXV.
1248 2187 1380 2219 Antbol.
1403 2187 1506 2220 Grec.
1527 2189 1720 2229 Tom.1.p.

1004 2284 1032 2303 v.
1058 2272 1111 2303 25.
1137 2284 1255 2304 canem.
1281 2276 1377 2306 Schol-
1403 2277 1579 2307 cuniculum
1603 2276 1727 2316 pestife-

961 2329 1043 2351 rum,
1062 2318 1188 2353 Sirium,
1204 2318 1339 2349 invisum
1353 2320 1491 2359 agricolis
1499 2334 1511 2355 ,·
1529 2329 1601 2348 nam
1617 2320 1728 2349 ster-ilis

963 2362 1072 2397 Sirius,
1099 2367 1135 2390 ut
1159 2361 1301 2401 loquitur
1326 2361 1415 2403 virg.
1446 2362 1520 2391 AEn.
1550 2361 1623 2392 111.
1650 2359 1725 2392 141.

962 2406 1063 2435 exurit
1075 2415 1176 2444 agros-

1006 2457 1036 2477 ν.
1069 2446 1123 2477 26.
1165 2449 1296 2484 Ruebat,
1327 2449 1467 2479 Flumen
1490 2455 1525 2479 ιιι
1550 2450 1728 2485 hibernum,

962 2497 1035 2521 cett.
1063 2492 1175 2521 ruebat
1200 2491 1444 2532 (vehementiore
1469 2491 1586 2522 scilicet
1607 2491 1728 2530 impetu

963 2534 998 2564 in
1034 2533 1273 2574 adversarium,)
1302 2534 1395 2565 sicuti
1423 2535 1553 2565 hiberno
1586 2541 1728 2574 tempore

964 2587 1055 2607 ruere
1069 2577 1148 2607 solet
1162 2576 1280 2607 flumen
1295 2577 1328 2608 in
1343 2578 1382 2608 iis
1401 2578 1488 2614 locis,
1512 2579 1544 2607 in
1565 2587 1637 2617 quae
1658 2587 1731 2608 raro

965 2620 1083 2651 securis
1103 2620 1252 2658 defertur,
1274 2621 1305 2652 h.
1324 2632 1352 2652 e.
1379 2622 1433 2652 ubi
1456 2631 1525 2650 raro
1546 2619 1647 2651 securi
1667 2631 1729 2651 ce-

966 2663 1088 2694 duntur
1101 2663 1237 2705 virgulta
1257 2671 1288 2695 et
1308 2667 1442 2700 arbores,
1464 2674 1535 2707 quae
1549 2663 1655 2694 cursui
1668 2663 1730 2695 flu-

966 2707 1061 2737 minis
1081 2706 1309 2746 impedimento
1329 2715 1424 2744 sunt3
1447 2714 1517 2746 post
1537 2709 1652 2739 venisse
1665 2707 1729 2739 dis-

966 2750 1149 2789 tinctionem
1164 2751 1316 2792 majorem
1332 2753 1431 2790 posui.

1009 2804 1038 2824 v.
1057 2792 1197 2825 28-31.
1225 2795 1341 2825 Sensus
1355 2799 1386 2823 et
1400 2792 1604 2832 impeditioris
1615 2794 1731 2825 oratio-

969 2837 1019 2867 nis
1032 2847 1153 2868 nexus:
1182 2837 1267 2867 Tum
1285 2837 1443 2867 Praeneste
1457 2835 1616 2867 oriundus
1626 2837 1731 2878 Rupi-

969 2879 1043 2917 lius,
1058 2881 1207 2917 convic1a‚
1222 2880 1326 2920 qualia
1341 2879 1441 2909 durus
1462 2886 1494 2909 et
1513 2879 1648 2911 invictus
1660 2881 1728 2911 vin-

969 2923 1132 2959 demiator,
1148 2924 1199 2954 cui
1217 2923 1324 2959 viator,
1346 2932 1462 2964 magna
1483 2932 1559 2954 voce
1579 2924 1728 2954 cuculum

970 2976 1093 3004 vocans,
1109 2977 1191 3006 saepe
1202 2965 1310 2997 cedere
1321 2972 1446 2997 coactus
1458 2973 1546 3004 esset,
1559 2966 1591 2998 ἰιι
1605 2968 1735 2999 arbusto
