<?xml version="1.0" encoding="UTF-8"?>
<!DOCTYPE html PUBLIC "-//W3C//DTD XHTML 1.0 Transitional//EN"
    "http://www.w3.org/TR/xhtml1/DTD/xhtml1-transitional.dtd">
<html xmlns="http://www.w3.org/1999/xhtml" xml:lang="en" lang="en">
 <head>
  <title>
</title>
<meta http-equiv="Content-Type" content="text/html;charset=utf-8" />
  <meta name='ocr-system' content='tesseract 3.04.00' />
  <meta name='ocr-capabilities' content='ocr_page ocr_carea ocr_par ocr_line ocrx_word'/>
</head>
<body>
  <div class='ocr_page' id='page_1' title='image "./operaomniacumind00horauoft_0166.png"; bbox 0 0 1904 3250; ppageno 0'>
   <div class='ocr_carea' id='block_1_1' title="bbox 234 149 311 187">
    <p class='ocr_par' dir='ltr' id='par_1_1' title="bbox 234 149 311 187">
     <span class='ocr_line' id='line_1_1' title="bbox 234 149 311 187; baseline 0.013 -1"><span class='ocrx_word' id='word_1_1' title='bbox 234 149 311 187; x_wconf 80' lang='lat'>126</span> 
     </span>
    </p>
   </div>
   <div class='ocr_carea' id='block_1_2' title="bbox 854 152 1161 195">
    <p class='ocr_par' dir='ltr' id='par_1_2' title="bbox 854 152 1161 195">
     <span class='ocr_line' id='line_1_2' title="bbox 854 152 1161 195; baseline 0.003 -1"><span class='ocrx_word' id='word_1_2' title='bbox 854 152 1161 195; x_wconf 92' lang='lat' dir='ltr'><strong>HORATII</strong></span> 
     </span>
    </p>
   </div>
   <div class='ocr_carea' id='block_1_3' title="bbox 1590 163 1791 211">
    <p class='ocr_par' dir='ltr' id='par_1_3' title="bbox 1590 163 1791 211">
     <span class='ocr_line' id='line_1_3' title="bbox 1590 163 1791 211; baseline 0.015 -11"><span class='ocrx_word' id='word_1_3' title='bbox 1590 163 1700 211; x_wconf 77' lang='lat' dir='ltr'>[Lm.</span> <span class='ocrx_word' id='word_1_4' title='bbox 1723 175 1791 203; x_wconf 87' lang='lat'>111.</span> 
     </span>
    </p>
   </div>
   <div class='ocr_carea' id='block_1_4' title="bbox 284 273 1131 336">
    <p class='ocr_par' dir='ltr' id='par_1_4' title="bbox 284 273 1131 336">
     <span class='ocr_line' id='line_1_4' title="bbox 284 273 1131 336; baseline 0.005 -23"><span class='ocrx_word' id='word_1_5' title='bbox 284 276 309 313; x_wconf 83' lang='lat'><strong><em>5</em></strong></span> <span class='ocrx_word' id='word_1_6' title='bbox 344 273 565 332; x_wconf 87' lang='lat' dir='ltr'>Vitamque</span> <span class='ocrx_word' id='word_1_7' title='bbox 587 277 665 318; x_wconf 88' lang='lat' dir='ltr'>sub</span> <span class='ocrx_word' id='word_1_8' title='bbox 686 276 782 317; x_wconf 89' lang='lat' dir='ltr'>divo</span> <span class='ocrx_word' id='word_1_9' title='bbox 804 278 977 332; x_wconf 87' lang='lat' dir='ltr'><strong>trepidis</strong></span> <span class='ocrx_word' id='word_1_10' title='bbox 999 287 1095 336; x_wconf 82' lang='lat' dir='ltr'>agat</span> <span class='ocrx_word' id='word_1_11' title='bbox 1127 314 1131 317; x_wconf 87' lang='grc'><em>,</em></span> 
     </span>
    </p>
   </div>
   <div class='ocr_carea' id='block_1_5' title="bbox 343 343 551 386">
    <p class='ocr_par' dir='ltr' id='par_1_5' title="bbox 343 343 551 386">
     <span class='ocr_line' id='line_1_5' title="bbox 343 343 551 386; baseline 0.014 -3"><span class='ocrx_word' id='word_1_12' title='bbox 343 343 393 385; x_wconf 89' lang='lat' dir='ltr'>In</span> <span class='ocrx_word' id='word_1_13' title='bbox 414 345 551 386; x_wconf 82' lang='lat' dir='ltr'>rebus.</span> 
     </span>
    </p>
   </div>
   <div class='ocr_carea' id='block_1_6' title="bbox 614 345 1234 390">
    <p class='ocr_par' dir='ltr' id='par_1_6' title="bbox 614 345 1234 390">
     <span class='ocr_line' id='line_1_6' title="bbox 614 345 1234 390; baseline 0.006 -4"><span class='ocrx_word' id='word_1_14' title='bbox 614 345 739 387; x_wconf 91' lang='lat' dir='ltr'>Illum</span> <span class='ocrx_word' id='word_1_15' title='bbox 761 361 813 387; x_wconf 88' lang='lat' dir='ltr'>ex</span> <span class='ocrx_word' id='word_1_16' title='bbox 834 347 1042 388; x_wconf 89' lang='lat' dir='ltr'>moenibus</span> <span class='ocrx_word' id='word_1_17' title='bbox 1063 347 1234 390; x_wconf 84' lang='lat' dir='ltr'>hosticis</span> 
     </span>
    </p>
   </div>
   <div class='ocr_carea' id='block_1_7' title="bbox 341 416 1230 615">
    <p class='ocr_par' dir='ltr' id='par_1_7' title="bbox 341 416 1230 615">
     <span class='ocr_line' id='line_1_7' title="bbox 458 416 1058 475; baseline 0.002 -16"><span class='ocrx_word' id='word_1_18' title='bbox 458 416 658 459; x_wconf 86' lang='lat' dir='ltr'>Matrona</span> <span class='ocrx_word' id='word_1_19' title='bbox 678 417 869 459; x_wconf 84' lang='lat' dir='ltr'>bellantis</span> <span class='ocrx_word' id='word_1_20' title='bbox 890 419 1058 475; x_wconf 83' lang='lat' dir='ltr'>tyranni</span> 
     </span>
     <span class='ocr_line' id='line_1_8' title="bbox 574 486 1230 546; baseline 0.005 -19"><span class='ocrx_word' id='word_1_21' title='bbox 574 486 852 541; x_wconf 87' lang='lat' dir='ltr'>Prospiciens,</span> <span class='ocrx_word' id='word_1_22' title='bbox 875 495 917 528; x_wconf 90' lang='lat' dir='ltr'>et</span> <span class='ocrx_word' id='word_1_23' title='bbox 936 487 1079 529; x_wconf 85' lang='lat' dir='ltr'>adulta</span> <span class='ocrx_word' id='word_1_24' title='bbox 1099 489 1230 546; x_wconf 83' lang='lat' dir='ltr'>virgo,</span> 
     </span>
     <span class='ocr_line' id='line_1_9' title="bbox 341 555 1177 615; baseline 0.005 -19"><span class='ocrx_word' id='word_1_25' title='bbox 341 555 552 611; x_wconf 88' lang='lat' dir='ltr'>Suspiret:</span> <span class='ocrx_word' id='word_1_26' title='bbox 585 555 692 596; x_wconf 84' lang='lat' dir='ltr'>eheu</span> <span class='ocrx_word' id='word_1_27' title='bbox 712 555 721 598; x_wconf 87' lang='lat'>!</span> <span class='ocrx_word' id='word_1_28' title='bbox 754 571 806 598; x_wconf 92' lang='lat' dir='ltr'>ne</span> <span class='ocrx_word' id='word_1_29' title='bbox 827 557 943 598; x_wconf 90' lang='lat' dir='ltr'>rudis</span> <span class='ocrx_word' id='word_1_30' title='bbox 964 558 1177 615; x_wconf 85' lang='lat' dir='ltr'>agminum</span> 
     </span>
    </p>
   </div>
   <div class='ocr_carea' id='block_1_8' title="bbox 256 627 1100 686">
    <p class='ocr_par' dir='ltr' id='par_1_8' title="bbox 256 627 1100 686">
     <span class='ocr_line' id='line_1_10' title="bbox 256 627 1100 686; baseline 0.005 -19"><span class='ocrx_word' id='word_1_31' title='bbox 256 629 307 666; x_wconf 90' lang='lat'>10</span> <span class='ocrx_word' id='word_1_32' title='bbox 341 627 527 682; x_wconf 88' lang='lat' dir='ltr'>Sponsus</span> <span class='ocrx_word' id='word_1_33' title='bbox 548 627 724 669; x_wconf 87' lang='lat' dir='ltr'>lacessat</span> <span class='ocrx_word' id='word_1_34' title='bbox 744 629 883 686; x_wconf 88' lang='lat' dir='ltr'>regius</span> <span class='ocrx_word' id='word_1_35' title='bbox 905 645 1100 685; x_wconf 86' lang='lat' dir='ltr'>asperum</span> 
     </span>
    </p>
   </div>
   <div class='ocr_carea' id='block_1_9' title="bbox 454 697 1210 826">
    <p class='ocr_par' dir='ltr' id='par_1_9' title="bbox 454 697 1210 826">
     <span class='ocr_line' id='line_1_11' title="bbox 454 697 1129 756; baseline 0.006 -18"><span class='ocrx_word' id='word_1_36' title='bbox 454 697 591 740; x_wconf 90' lang='lat' dir='ltr'>Tactu</span> <span class='ocrx_word' id='word_1_37' title='bbox 611 698 788 749; x_wconf 87' lang='lat' dir='ltr'>leonem,</span> <span class='ocrx_word' id='word_1_38' title='bbox 812 715 936 756; x_wconf 90' lang='lat' dir='ltr'>quem</span> <span class='ocrx_word' id='word_1_39' title='bbox 957 708 1129 742; x_wconf 88' lang='lat' dir='ltr'>cruenta</span> 
     </span>
     <span class='ocr_line' id='line_1_12' title="bbox 570 767 1210 826; baseline 0.003 -17"><span class='ocrx_word' id='word_1_40' title='bbox 570 767 652 810; x_wconf 90' lang='lat' dir='ltr'>Per</span> <span class='ocrx_word' id='word_1_41' title='bbox 673 769 830 810; x_wconf 87' lang='lat' dir='ltr'>medias</span> <span class='ocrx_word' id='word_1_42' title='bbox 851 770 960 826; x_wconf 86' lang='lat' dir='ltr'>rapit</span> <span class='ocrx_word' id='word_1_43' title='bbox 980 770 1210 812; x_wconf 82' lang='lat' dir='ltr'>ira&#39;caedes.</span> 
     </span>
    </p>
   </div>
   <div class='ocr_carea' id='block_1_10' title="bbox 195 933 978 1556">
    <p class='ocr_par' dir='ltr' id='par_1_10' title="bbox 195 933 978 1556">
     <span class='ocr_line' id='line_1_13' title="bbox 195 933 975 988; baseline 0.005 -12"><span class='ocrx_word' id='word_1_44' title='bbox 195 933 202 980; x_wconf 63' lang='grc' dir='ltr'>Ῐ,</span> <span class='ocrx_word' id='word_1_45' title='bbox 221 956 303 976; x_wconf 90' lang='lat' dir='ltr'>mam</span> <span class='ocrx_word' id='word_1_46' title='bbox 330 946 559 985; x_wconf 86' lang='lat' dir='ltr'>advehebatur;</span> <span class='ocrx_word' id='word_1_47' title='bbox 595 947 735 978; x_wconf 87' lang='lat' dir='ltr'>similiter</span> <span class='ocrx_word' id='word_1_48' title='bbox 760 959 844 988; x_wconf 85' lang='lat' dir='ltr'>supr.</span> <span class='ocrx_word' id='word_1_49' title='bbox 870 950 895 980; x_wconf 91' lang='grc' dir='ltr'>Ι.</span> <span class='ocrx_word' id='word_1_50' title='bbox 923 950 975 982; x_wconf 87' lang='lat'>31.</span> 
     </span>
     <span class='ocr_line' id='line_1_14' title="bbox 224 989 976 1033; baseline 0.007 -14"><span class='ocrx_word' id='word_1_51' title='bbox 224 989 271 1020; x_wconf 78' lang='lat'>12.</span> <span class='ocrx_word' id='word_1_52' title='bbox 294 998 456 1032; x_wconf 86' lang='lat' dir='ltr'>unguenta</span> <span class='ocrx_word' id='word_1_53' title='bbox 473 991 586 1022; x_wconf 84' lang='lat' dir='ltr'>Indica</span> <span class='ocrx_word' id='word_1_54' title='bbox 600 1003 685 1022; x_wconf 71' lang='lat' dir='ltr'>merx</span> <span class='ocrx_word' id='word_1_55' title='bbox 699 994 777 1033; x_wconf 79' lang='lat' dir='ltr'>Syra</span> <span class='ocrx_word' id='word_1_56' title='bbox 793 993 876 1024; x_wconf 85' lang='lat' dir='ltr'>dicta</span> <span class='ocrx_word' id='word_1_57' title='bbox 893 1002 976 1026; x_wconf 90' lang='lat' dir='ltr'>sunt.</span> 
     </span>
     <span class='ocr_line' id='line_1_15' title="bbox 219 1035 978 1077; baseline 0.007 -13"><span class='ocrx_word' id='word_1_58' title='bbox 219 1052 261 1057; x_wconf 93' lang='lat'>—-</span> <span class='ocrx_word' id='word_1_59' title='bbox 276 1036 455 1072; x_wconf 77' lang='lat' dir='ltr'>invidendis,</span> <span class='ocrx_word' id='word_1_60' title='bbox 485 1041 551 1066; x_wconf 82' lang='lat' dir='ltr'>tam</span> <span class='ocrx_word' id='word_1_61' title='bbox 573 1035 713 1075; x_wconf 86' lang='lat' dir='ltr'>superbis</span> <span class='ocrx_word' id='word_1_62' title='bbox 739 1042 770 1066; x_wconf 89' lang='lat' dir='ltr'>et</span> <span class='ocrx_word' id='word_1_63' title='bbox 795 1037 978 1077; x_wconf 87' lang='lat' dir='ltr'>magnificis,</span> 
     </span>
     <span class='ocr_line' id='line_1_16' title="bbox 219 1077 978 1116; baseline 0.008 -9"><span class='ocrx_word' id='word_1_64' title='bbox 219 1084 255 1108; x_wconf 90' lang='lat' dir='ltr'>ut</span> <span class='ocrx_word' id='word_1_65' title='bbox 270 1077 418 1108; x_wconf 84' lang='lat' dir='ltr'>invidiam</span> <span class='ocrx_word' id='word_1_66' title='bbox 433 1078 567 1110; x_wconf 77' lang='lat' dir='ltr'>afiorum</span> <span class='ocrx_word' id='word_1_67' title='bbox 582 1086 744 1116; x_wconf 85' lang='lat' dir='ltr'>moveant;</span> <span class='ocrx_word' id='word_1_68' title='bbox 759 1079 900 1111; x_wconf 88' lang='lat' dir='ltr'>similiter</span> <span class='ocrx_word' id='word_1_69' title='bbox 914 1082 978 1113; x_wconf 85' lang='lat' dir='ltr'>fere</span> 
     </span>
     <span class='ocr_line' id='line_1_17' title="bbox 218 1121 976 1163; baseline 0.009 -12"><span class='ocrx_word' id='word_1_70' title='bbox 218 1123 292 1153; x_wconf 81' lang='lat' dir='ltr'>aula</span> <span class='ocrx_word' id='word_1_71' title='bbox 303 1123 466 1153; x_wconf 82' lang='lat' dir='ltr'>invidenda</span> <span class='ocrx_word' id='word_1_72' title='bbox 478 1132 562 1162; x_wconf 85' lang='lat' dir='ltr'>supr.</span> <span class='ocrx_word' id='word_1_73' title='bbox 579 1122 627 1152; x_wconf 89' lang='grc' dir='ltr'>ΙΙ.</span> <span class='ocrx_word' id='word_1_74' title='bbox 647 1121 695 1152; x_wconf 91' lang='grc'>10.</span> <span class='ocrx_word' id='word_1_75' title='bbox 711 1121 741 1153; x_wconf 85' lang='lat'>7.</span> <span class='ocrx_word' id='word_1_76' title='bbox 815 1136 888 1156; x_wconf 83' lang='lat' dir='ltr'>novo</span> <span class='ocrx_word' id='word_1_77' title='bbox 899 1128 976 1163; x_wconf 81' lang='lat' dir='ltr'>ritu,</span> 
     </span>
     <span class='ocr_line' id='line_1_18' title="bbox 216 1168 977 1210; baseline 0.007 -15"><span class='ocrx_word' id='word_1_78' title='bbox 216 1174 291 1196; x_wconf 88' lang='lat' dir='ltr'>nos:</span> <span class='ocrx_word' id='word_1_79' title='bbox 309 1168 390 1197; x_wconf 68' lang='lat' dir='ltr'>nacla</span> <span class='ocrx_word' id='word_1_80' title='bbox 402 1169 470 1197; x_wconf 83' lang='lat' dir='ltr'>dem</span> <span class='ocrx_word' id='word_1_81' title='bbox 482 1173 629 1198; x_wconf 83' lang='lat' dir='ltr'>neuesten</span> <span class='ocrx_word' id='word_1_82' title='bbox 639 1169 829 1206; x_wconf 76' lang='lat' dir='ltr'>geschmack.</span> <span class='ocrx_word' id='word_1_83' title='bbox 909 1181 977 1210; x_wconf 80' lang='lat' dir='ltr'>ope-</span> 
     </span>
     <span class='ocr_line' id='line_1_19' title="bbox 217 1210 978 1254; baseline 0.007 -15"><span class='ocrx_word' id='word_1_84' title='bbox 217 1211 355 1247; x_wconf 75' lang='lat' dir='ltr'>rosim-es,</span> <span class='ocrx_word' id='word_1_85' title='bbox 382 1216 504 1240; x_wconf 89' lang='lat' dir='ltr'>tantum</span> <span class='ocrx_word' id='word_1_86' title='bbox 534 1220 679 1240; x_wconf 83' lang='lat' dir='ltr'>curarum</span> <span class='ocrx_word' id='word_1_87' title='bbox 702 1210 978 1254; x_wconf 80' lang='lat' dir='ltr'>molestiarumque</span> 
     </span>
     <span class='ocr_line' id='line_1_20' title="bbox 217 1253 977 1290; baseline 0.007 -8"><span class='ocrx_word' id='word_1_88' title='bbox 217 1259 363 1290; x_wconf 83' lang='lat' dir='ltr'>creantes,</span> <span class='ocrx_word' id='word_1_89' title='bbox 382 1253 449 1284; x_wconf 83' lang='lat' dir='ltr'>vel:</span> <span class='ocrx_word' id='word_1_90' title='bbox 469 1263 542 1283; x_wconf 91' lang='lat' dir='ltr'>cum</span> <span class='ocrx_word' id='word_1_91' title='bbox 557 1260 644 1284; x_wconf 73' lang='lat' dir='ltr'>tanta</span> <span class='ocrx_word' id='word_1_92' title='bbox 658 1254 799 1285; x_wconf 89' lang='lat' dir='ltr'>laborum</span> <span class='ocrx_word' id='word_1_93' title='bbox 816 1266 977 1287; x_wconf 89' lang='lat' dir='ltr'>curarum-</span> 
     </span>
     <span class='ocr_line' id='line_1_21' title="bbox 216 1297 976 1338; baseline 0.007 -12"><span class='ocrx_word' id='word_1_94' title='bbox 216 1306 278 1336; x_wconf 86' lang='lat' dir='ltr'>que</span> <span class='ocrx_word' id='word_1_95' title='bbox 305 1297 448 1328; x_wconf 84' lang='lat' dir='ltr'>molestia</span> <span class='ocrx_word' id='word_1_96' title='bbox 477 1297 662 1338; x_wconf 89' lang='lat' dir='ltr'>conjunctae.</span> <span class='ocrx_word' id='word_1_97' title='bbox 722 1297 761 1328; x_wconf 88' lang='lat' dir='ltr'>In</span> <span class='ocrx_word' id='word_1_98' title='bbox 792 1300 976 1331; x_wconf 84' lang='lat' dir='ltr'>senteutiam</span> 
     </span>
     <span class='ocr_line' id='line_1_22' title="bbox 217 1339 972 1381; baseline 0.005 -11"><span class='ocrx_word' id='word_1_99' title='bbox 217 1340 380 1371; x_wconf 85' lang='lat' dir='ltr'>commode</span> <span class='ocrx_word' id='word_1_100' title='bbox 405 1339 453 1372; x_wconf 91' lang='lat' dir='ltr'>Cl.</span> <span class='ocrx_word' id='word_1_101' title='bbox 482 1342 604 1372; x_wconf 71' lang='lat' dir='ltr'>Mitsclz.</span> <span class='ocrx_word' id='word_1_102' title='bbox 633 1348 791 1381; x_wconf 88' lang='lat' dir='ltr'>comparat</span> <span class='ocrx_word' id='word_1_103' title='bbox 820 1343 972 1374; x_wconf 90' lang='lat' dir='ltr'>Menand.</span> 
     </span>
     <span class='ocr_line' id='line_1_23' title="bbox 215 1382 976 1430; baseline 0.007 -17"><span class='ocrx_word' id='word_1_104' title='bbox 215 1382 299 1422; x_wconf 85' lang='lat' dir='ltr'>apud</span> <span class='ocrx_word' id='word_1_105' title='bbox 315 1383 400 1415; x_wconf 85' lang='lat' dir='ltr'>Stob.</span> <span class='ocrx_word' id='word_1_106' title='bbox 430 1383 514 1415; x_wconf 86' lang='lat' dir='ltr'>Flor.</span> <span class='ocrx_word' id='word_1_107' title='bbox 544 1384 633 1415; x_wconf 80' lang='lat' dir='ltr'>Grot.</span> <span class='ocrx_word' id='word_1_108' title='bbox 658 1395 688 1424; x_wconf 88' lang='lat' dir='ltr'>p.</span> <span class='ocrx_word' id='word_1_109' title='bbox 715 1384 790 1416; x_wconf 84' lang='lat'>389.</span> <span class='ocrx_word' id='word_1_110' title='bbox 840 1389 976 1430; x_wconf 69' lang='grc' dir='ltr'>Κςιῗττον</span> 
     </span>
     <span class='ocr_line' id='line_1_24' title="bbox 216 1427 974 1470; baseline 0.004 -12"><span class='ocrx_word' id='word_1_111' title='bbox 216 1428 276 1470; x_wconf 63' lang='grc' dir='ltr'>’γὰρ</span> <span class='ocrx_word' id='word_1_112' title='bbox 296 1428 357 1458; x_wconf 64' lang='lat' dir='ltr'>iver&gt;</span> <span class='ocrx_word' id='word_1_113' title='bbox 371 1445 414 1453; x_wconf 94' lang='lat'>—-</span> <span class='ocrx_word' id='word_1_114' title='bbox 427 1429 469 1468; x_wconf 70' lang='grc' dir='ltr'>μὴ</span> <span class='ocrx_word' id='word_1_115' title='bbox 492 1428 582 1459; x_wconf 60' lang='grc' dir='ltr'>τᾶλλ’</span> <span class='ocrx_word' id='word_1_116' title='bbox 606 1427 707 1464; x_wconf 69' lang='grc' dir='ltr'><strong><em>ἀηδός,</em></strong></span> <span class='ocrx_word' id='word_1_117' title='bbox 733 1429 825 1469; x_wconf 68' lang='grc' dir='ltr'><em>ὀλίγα</em></span> <span class='ocrx_word' id='word_1_118' title='bbox 848 1429 869 1460; x_wconf 65' lang='grc' dir='ltr'>δ’</span> <span class='ocrx_word' id='word_1_119' title='bbox 893 1430 974 1465; x_wconf 65' lang='grc' dir='ltr'><strong><em>ἡδέως</em></strong></span> 
     </span>
     <span class='ocr_line' id='line_1_25' title="bbox 214 1469 975 1511; baseline 0.005 -10"><span class='ocrx_word' id='word_1_120' title='bbox 214 1469 300 1511; x_wconf 68' lang='grc' dir='ltr'>ἔχειν,</span> <span class='ocrx_word' id='word_1_121' title='bbox 331 1471 429 1503; x_wconf 66' lang='grc' dir='ltr'>πενίαν</span> <span class='ocrx_word' id='word_1_122' title='bbox 456 1470 478 1502; x_wconf 63' lang='grc' dir='ltr'>δ’</span> <span class='ocrx_word' id='word_1_123' title='bbox 509 1472 622 1502; x_wconf 68' lang='grc' dir='ltr'><strong><em>ἄλυτον</em></strong></span> <span class='ocrx_word' id='word_1_124' title='bbox 650 1474 779 1511; x_wconf 74' lang='grc' dir='ltr'><strong>μᾶλλον,</strong></span> <span class='ocrx_word' id='word_1_125' title='bbox 806 1473 822 1506; x_wconf 70' lang='grc' dir='ltr'><strong><em>ἦ</em></strong></span> <span class='ocrx_word' id='word_1_126' title='bbox 850 1476 975 1505; x_wconf 66' lang='grc' dir='ltr'>πλοῦτον</span> 
     </span>
     <span class='ocr_line' id='line_1_26' title="bbox 215 1526 320 1556; baseline -0.01 -11"><span class='ocrx_word' id='word_1_127' title='bbox 215 1526 320 1556; x_wconf 59' lang='grc' dir='ltr'>*ἏἾκεθνι</span> 
     </span>
    </p>
   </div>
   <div class='ocr_carea' id='block_1_11' title="bbox 450 1602 734 1633">
    <p class='ocr_par' dir='ltr' id='par_1_11' title="bbox 450 1602 734 1633">
     <span class='ocr_line' id='line_1_27' title="bbox 450 1602 734 1633; baseline 0 0"><span class='ocrx_word' id='word_1_128' title='bbox 450 1602 661 1633; x_wconf 88' lang='lat' dir='ltr'><strong>CARMEN</strong></span> <span class='ocrx_word' id='word_1_129' title='bbox 688 1602 734 1633; x_wconf 86' lang='grc' dir='ltr'>ΙΙ.</span> 
     </span>
    </p>
   </div>
   <div class='ocr_carea' id='block_1_12' title="bbox 199 1688 974 2994">
    <p class='ocr_par' dir='ltr' id='par_1_12' title="bbox 199 1688 974 2994">
     <span class='ocr_line' id='line_1_28' title="bbox 258 1688 974 1729; baseline 0.004 -10"><span class='ocrx_word' id='word_1_130' title='bbox 258 1688 340 1719; x_wconf 86' lang='lat' dir='ltr'>Cum</span> <span class='ocrx_word' id='word_1_131' title='bbox 360 1689 497 1720; x_wconf 85' lang='lat' dir='ltr'>Romani</span> <span class='ocrx_word' id='word_1_132' title='bbox 512 1699 531 1720; x_wconf 86' lang='lat' dir='ltr'>a</span> <span class='ocrx_word' id='word_1_133' title='bbox 545 1689 654 1729; x_wconf 83' lang='lat' dir='ltr'>priscae</span> <span class='ocrx_word' id='word_1_134' title='bbox 668 1689 840 1729; x_wconf 86' lang='lat' dir='ltr'>disciplinae</span> <span class='ocrx_word' id='word_1_135' title='bbox 861 1692 974 1722; x_wconf 84' lang='lat' dir='ltr'>severi-</span> 
     </span>
     <span class='ocr_line' id='line_1_29' title="bbox 210 1732 974 1771; baseline 0.004 -9"><span class='ocrx_word' id='word_1_136' title='bbox 210 1737 273 1763; x_wconf 82' lang='lat' dir='ltr'>tate</span> <span class='ocrx_word' id='word_1_137' title='bbox 295 1732 446 1771; x_wconf 86' lang='lat' dir='ltr'>paulatim</span> <span class='ocrx_word' id='word_1_138' title='bbox 473 1732 506 1763; x_wconf 93' lang='lat' dir='ltr'>in</span> <span class='ocrx_word' id='word_1_139' title='bbox 528 1733 702 1770; x_wconf 86' lang='lat' dir='ltr'>mollitiem,</span> <span class='ocrx_word' id='word_1_140' title='bbox 726 1734 838 1764; x_wconf 81' lang='lat' dir='ltr'>luxum</span> <span class='ocrx_word' id='word_1_141' title='bbox 861 1741 891 1765; x_wconf 88' lang='lat' dir='ltr'>et</span> <span class='ocrx_word' id='word_1_142' title='bbox 912 1735 974 1766; x_wconf 86' lang='lat' dir='ltr'>alia</span> 
     </span>
     <span class='ocr_line' id='line_1_30' title="bbox 211 1775 973 1819; baseline 0.003 -13"><span class='ocrx_word' id='word_1_143' title='bbox 211 1775 285 1806; x_wconf 85' lang='lat' dir='ltr'>vitia</span> <span class='ocrx_word' id='word_1_144' title='bbox 309 1775 563 1817; x_wconf 86' lang='lat' dir='ltr'>degenerassent;</span> <span class='ocrx_word' id='word_1_145' title='bbox 592 1783 693 1816; x_wconf 86' lang='lat' dir='ltr'>poeta,</span> <span class='ocrx_word' id='word_1_146' title='bbox 720 1777 854 1817; x_wconf 82' lang='lat' dir='ltr'>primam</span> <span class='ocrx_word' id='word_1_147' title='bbox 877 1779 973 1819; x_wconf 89' lang='lat' dir='ltr'>hujus</span> 
     </span>
     <span class='ocr_line' id='line_1_31' title="bbox 208 1818 973 1859; baseline 0.005 -11"><span class='ocrx_word' id='word_1_148' title='bbox 208 1819 283 1849; x_wconf 83' lang='lat' dir='ltr'>mali</span> <span class='ocrx_word' id='word_1_149' title='bbox 297 1818 399 1850; x_wconf 86' lang='lat' dir='ltr'>labem</span> <span class='ocrx_word' id='word_1_150' title='bbox 413 1831 433 1850; x_wconf 86' lang='lat' dir='ltr'>a</span> <span class='ocrx_word' id='word_1_151' title='bbox 448 1831 590 1859; x_wconf 82' lang='lat' dir='ltr'>perversa</span> <span class='ocrx_word' id='word_1_152' title='bbox 603 1820 758 1852; x_wconf 89' lang='lat' dir='ltr'>educandi</span> <span class='ocrx_word' id='word_1_153' title='bbox 781 1821 901 1852; x_wconf 85' lang='lat' dir='ltr'>ratione</span> <span class='ocrx_word' id='word_1_154' title='bbox 924 1832 973 1852; x_wconf 85' lang='lat' dir='ltr'>re-</span> 
     </span>
     <span class='ocr_line' id='line_1_32' title="bbox 207 1862 971 1906; baseline 0.004 -13"><span class='ocrx_word' id='word_1_155' title='bbox 207 1862 372 1902; x_wconf 85' lang='lat' dir='ltr'>petendam</span> <span class='ocrx_word' id='word_1_156' title='bbox 394 1874 461 1894; x_wconf 86' lang='lat' dir='ltr'>esse</span> <span class='ocrx_word' id='word_1_157' title='bbox 483 1874 622 1901; x_wconf 74' lang='lat' dir='ltr'>oensem,</span> <span class='ocrx_word' id='word_1_158' title='bbox 646 1864 781 1906; x_wconf 86' lang='lat' dir='ltr'>graviter</span> <span class='ocrx_word' id='word_1_159' title='bbox 806 1865 971 1904; x_wconf 87' lang='lat' dir='ltr'>populares</span> 
     </span>
     <span class='ocr_line' id='line_1_33' title="bbox 206 1908 971 1949; baseline 0.004 -13"><span class='ocrx_word' id='word_1_160' title='bbox 206 1916 280 1937; x_wconf 88' lang='lat' dir='ltr'>suos</span> <span class='ocrx_word' id='word_1_161' title='bbox 308 1913 426 1944; x_wconf 89' lang='lat' dir='ltr'>monet,</span> <span class='ocrx_word' id='word_1_162' title='bbox 454 1914 490 1938; x_wconf 90' lang='lat' dir='ltr'>ut</span> <span class='ocrx_word' id='word_1_163' title='bbox 515 1908 659 1949; x_wconf 81' lang='lat' dir='ltr'>antiquas</span> <span class='ocrx_word' id='word_1_164' title='bbox 682 1908 787 1949; x_wconf 87' lang='lat' dir='ltr'>gentis</span> <span class='ocrx_word' id='word_1_165' title='bbox 818 1909 971 1940; x_wconf 82' lang='lat' dir='ltr'>Romanae</span> 
     </span>
     <span class='ocr_line' id='line_1_34' title="bbox 206 1950 970 1995; baseline 0.004 -15"><span class='ocrx_word' id='word_1_166' title='bbox 206 1950 333 1980; x_wconf 85' lang='lat' dir='ltr'>virtutes</span> <span class='ocrx_word' id='word_1_167' title='bbox 348 1950 515 1981; x_wconf 85' lang='lat' dir='ltr'>recolendo</span> <span class='ocrx_word' id='word_1_168' title='bbox 529 1961 642 1990; x_wconf 89' lang='lat' dir='ltr'>pueros</span> <span class='ocrx_word' id='word_1_169' title='bbox 655 1962 729 1982; x_wconf 88' lang='lat' dir='ltr'>suos</span> <span class='ocrx_word' id='word_1_170' title='bbox 742 1951 887 1991; x_wconf 85' lang='lat' dir='ltr'>inprimis</span> <span class='ocrx_word' id='word_1_171' title='bbox 893 1953 970 1995; x_wconf 78' lang='lat' dir='ltr'>for-</span> 
     </span>
     <span class='ocr_line' id='line_1_35' title="bbox 205 1995 966 2038; baseline 0.001 -13"><span class='ocrx_word' id='word_1_172' title='bbox 205 1995 338 2029; x_wconf 77' lang='lat' dir='ltr'>titudini,</span> <span class='ocrx_word' id='word_1_173' title='bbox 355 1996 514 2035; x_wconf 79' lang='lat' dir='ltr'>sapientiae</span> <span class='ocrx_word' id='word_1_174' title='bbox 527 2002 559 2025; x_wconf 90' lang='lat' dir='ltr'>et</span> <span class='ocrx_word' id='word_1_175' title='bbox 562 1996 652 2038; x_wconf 77' lang='lat' dir='ltr'>fidet,</span> <span class='ocrx_word' id='word_1_176' title='bbox 664 1995 857 2026; x_wconf 79' lang='lat' dir='ltr'>sanctissime</span> <span class='ocrx_word' id='word_1_177' title='bbox 871 1996 904 2025; x_wconf 90' lang='lat' dir='ltr'>in</span> <span class='ocrx_word' id='word_1_178' title='bbox 918 1996 966 2035; x_wconf 91' lang='lat' dir='ltr'>iis,</span> 
     </span>
     <span class='ocr_line' id='line_1_36' title="bbox 205 2038 966 2079; baseline 0.003 -11"><span class='ocrx_word' id='word_1_179' title='bbox 205 2046 276 2076; x_wconf 85' lang='lat' dir='ltr'>quae</span> <span class='ocrx_word' id='word_1_180' title='bbox 304 2038 508 2069; x_wconf 78' lang='lat' dir='ltr'>taciturnitati</span> <span class='ocrx_word' id='word_1_181' title='bbox 535 2038 668 2079; x_wconf 89' lang='lat' dir='ltr'>alicujus</span> <span class='ocrx_word' id='word_1_182' title='bbox 701 2038 866 2069; x_wconf 88' lang='lat' dir='ltr'>commissa</span> <span class='ocrx_word' id='word_1_183' title='bbox 894 2039 966 2077; x_wconf 88' lang='lat' dir='ltr'>sint,</span> 
     </span>
     <span class='ocr_line' id='line_1_37' title="bbox 205 2081 968 2118; baseline 0.005 -8"><span class='ocrx_word' id='word_1_184' title='bbox 205 2083 372 2118; x_wconf 76' lang='lat' dir='ltr'>servandae,</span> <span class='ocrx_word' id='word_1_185' title='bbox 390 2088 511 2112; x_wconf 88' lang='lat' dir='ltr'>mature</span> <span class='ocrx_word' id='word_1_186' title='bbox 532 2081 753 2113; x_wconf 73' lang='lat' dir='ltr'>adsuefaciunt.</span> <span class='ocrx_word' id='word_1_187' title='bbox 798 2082 874 2114; x_wconf 87' lang='lat' dir='ltr'>Jam</span> <span class='ocrx_word' id='word_1_188' title='bbox 895 2093 968 2114; x_wconf 88' lang='lat' dir='ltr'>vero</span> 
     </span>
     <span class='ocr_line' id='line_1_38' title="bbox 203 2125 967 2167; baseline 0.004 -13"><span class='ocrx_word' id='word_1_189' title='bbox 203 2133 276 2154; x_wconf 88' lang='lat' dir='ltr'>cum</span> <span class='ocrx_word' id='word_1_190' title='bbox 305 2126 466 2156; x_wconf 84' lang='lat' dir='ltr'>senteutiae</span> <span class='ocrx_word' id='word_1_191' title='bbox 492 2125 620 2163; x_wconf 84' lang='lat' dir='ltr'>laxiore,</span> <span class='ocrx_word' id='word_1_192' title='bbox 645 2132 682 2156; x_wconf 89' lang='lat' dir='ltr'>ut</span> <span class='ocrx_word' id='word_1_193' title='bbox 707 2126 854 2156; x_wconf 84' lang='lat' dir='ltr'>carminis</span> <span class='ocrx_word' id='word_1_194' title='bbox 879 2126 967 2167; x_wconf 89' lang='lat' dir='ltr'>lyrici</span> 
     </span>
     <span class='ocr_line' id='line_1_39' title="bbox 203 2167 967 2211; baseline 0.003 -13"><span class='ocrx_word' id='word_1_195' title='bbox 203 2167 319 2199; x_wconf 80' lang='lat' dir='ltr'>serebat</span> <span class='ocrx_word' id='word_1_196' title='bbox 334 2168 466 2206; x_wconf 87' lang='lat' dir='ltr'>indoles,</span> <span class='ocrx_word' id='word_1_197' title='bbox 482 2169 515 2199; x_wconf 89' lang='lat' dir='ltr'>in</span> <span class='ocrx_word' id='word_1_198' title='bbox 530 2170 590 2200; x_wconf 91' lang='lat' dir='ltr'>hoc</span> <span class='ocrx_word' id='word_1_199' title='bbox 611 2179 737 2211; x_wconf 87' lang='lat' dir='ltr'>quoque</span> <span class='ocrx_word' id='word_1_200' title='bbox 758 2171 897 2201; x_wconf 83' lang='lat' dir='ltr'>carmine</span> <span class='ocrx_word' id='word_1_201' title='bbox 919 2171 967 2201; x_wconf 88' lang='lat' dir='ltr'>in-</span> 
     </span>
     <span class='ocr_line' id='line_1_40' title="bbox 202 2212 967 2247; baseline 0.004 -6"><span class='ocrx_word' id='word_1_202' title='bbox 202 2216 250 2242; x_wconf 89' lang='lat' dir='ltr'>ter</span> <span class='ocrx_word' id='word_1_203' title='bbox 264 2221 296 2242; x_wconf 83' lang='lat' dir='ltr'>se</span> <span class='ocrx_word' id='word_1_204' title='bbox 311 2222 401 2242; x_wconf 84' lang='lat' dir='ltr'>nexae</span> <span class='ocrx_word' id='word_1_205' title='bbox 418 2212 480 2242; x_wconf 91' lang='lat' dir='ltr'>sint</span> <span class='ocrx_word' id='word_1_206' title='bbox 496 2212 631 2247; x_wconf 87' lang='lat' dir='ltr'>vinculo,</span> <span class='ocrx_word' id='word_1_207' title='bbox 648 2212 682 2243; x_wconf 91' lang='lat' dir='ltr'>id</span> <span class='ocrx_word' id='word_1_208' title='bbox 703 2212 782 2244; x_wconf 91' lang='lat' dir='ltr'>adeo</span> <span class='ocrx_word' id='word_1_209' title='bbox 804 2213 967 2244; x_wconf 84' lang='lat' dir='ltr'>nonnullis</span> 
     </span>
     <span class='ocr_line' id='line_1_41' title="bbox 201 2253 967 2297; baseline 0.003 -12"><span class='ocrx_word' id='word_1_210' title='bbox 201 2253 304 2289; x_wconf 79' lang='lat' dir='ltr'>fraudi</span> <span class='ocrx_word' id='word_1_211' title='bbox 319 2255 390 2291; x_wconf 77' lang='lat' dir='ltr'>fuit,</span> <span class='ocrx_word' id='word_1_212' title='bbox 406 2261 452 2293; x_wconf 82' lang='lat' dir='ltr'>ut,</span> <span class='ocrx_word' id='word_1_213' title='bbox 468 2266 541 2286; x_wconf 83' lang='lat' dir='ltr'>cum</span> <span class='ocrx_word' id='word_1_214' title='bbox 562 2256 651 2292; x_wconf 88' lang='lat' dir='ltr'>ratio,</span> <span class='ocrx_word' id='word_1_215' title='bbox 674 2266 738 2297; x_wconf 82' lang='lat' dir='ltr'>qua</span> <span class='ocrx_word' id='word_1_216' title='bbox 759 2267 811 2287; x_wconf 87' lang='lat' dir='ltr'>eas</span> <span class='ocrx_word' id='word_1_217' title='bbox 832 2256 914 2287; x_wconf 84' lang='lat' dir='ltr'>inter</span> <span class='ocrx_word' id='word_1_218' title='bbox 933 2269 967 2288; x_wconf 85' lang='lat' dir='ltr'>se</span> 
     </span>
     <span class='ocr_line' id='line_1_42' title="bbox 201 2298 966 2339; baseline 0.004 -10"><span class='ocrx_word' id='word_1_219' title='bbox 201 2298 412 2336; x_wconf 71' lang='lat' dir='ltr'>conciliarent,</span> <span class='ocrx_word' id='word_1_220' title='bbox 437 2309 501 2329; x_wconf 90' lang='lat' dir='ltr'>non</span> <span class='ocrx_word' id='word_1_221' title='bbox 532 2306 720 2339; x_wconf 85' lang='lat' dir='ltr'>suppeteret,</span> <span class='ocrx_word' id='word_1_222' title='bbox 751 2300 811 2330; x_wconf 91' lang='lat' dir='ltr'>hoc</span> <span class='ocrx_word' id='word_1_223' title='bbox 841 2311 966 2332; x_wconf 86' lang='lat' dir='ltr'>carmen</span> 
     </span>
     <span class='ocr_line' id='line_1_43' title="bbox 200 2342 961 2383; baseline 0.004 -11"><span class='ocrx_word' id='word_1_224' title='bbox 200 2351 240 2372; x_wconf 85' lang='lat' dir='ltr'>ex</span> <span class='ocrx_word' id='word_1_225' title='bbox 262 2343 358 2378; x_wconf 82' lang='lat' dir='ltr'>tribus</span> <span class='ocrx_word' id='word_1_226' title='bbox 373 2342 509 2374; x_wconf 64' lang='lat' dir='ltr'>⁴diversis</span> <span class='ocrx_word' id='word_1_227' title='bbox 530 2343 599 2373; x_wconf 86' lang='lat' dir='ltr'>aliis</span> <span class='ocrx_word' id='word_1_228' title='bbox 621 2342 792 2374; x_wconf 88' lang='lat' dir='ltr'>conflatum</span> <span class='ocrx_word' id='word_1_229' title='bbox 815 2354 883 2374; x_wconf 89' lang='lat' dir='ltr'>esse</span> <span class='ocrx_word' id='word_1_230' title='bbox 900 2351 961 2383; x_wconf 20' lang='lat' dir='ltr'>‘sta-</span> 
     </span>
     <span class='ocr_line' id='line_1_44' title="bbox 199 2385 967 2421; baseline 0.001 -4"><span class='ocrx_word' id='word_1_231' title='bbox 199 2391 333 2421; x_wconf 68' lang='lat' dir='ltr'>tuerent-</span> <span class='ocrx_word' id='word_1_232' title='bbox 377 2385 438 2416; x_wconf 90' lang='lat' dir='ltr'>Sed</span> <span class='ocrx_word' id='word_1_233' title='bbox 453 2387 532 2416; x_wconf 87' lang='lat' dir='ltr'>bene</span> <span class='ocrx_word' id='word_1_234' title='bbox 547 2397 580 2417; x_wconf 89' lang='lat' dir='ltr'>se</span> <span class='ocrx_word' id='word_1_235' title='bbox 596 2397 643 2416; x_wconf 89' lang='lat' dir='ltr'>res</span> <span class='ocrx_word' id='word_1_236' title='bbox 656 2387 760 2418; x_wconf 85' lang='lat' dir='ltr'>habet·</span> <span class='ocrx_word' id='word_1_237' title='bbox 798 2387 967 2418; x_wconf 86' lang='lat' dir='ltr'>Sententiae</span> 
     </span>
     <span class='ocr_line' id='line_1_45' title="bbox 201 2429 968 2472; baseline 0.003 -13"><span class='ocrx_word' id='word_1_238' title='bbox 201 2431 245 2464; x_wconf 75' lang='lat' dir='ltr'>ita</span> <span class='ocrx_word' id='word_1_239' title='bbox 265 2429 329 2460; x_wconf 77' lang='lat' dir='ltr'>fere</span> <span class='ocrx_word' id='word_1_240' title='bbox 351 2440 384 2460; x_wconf 87' lang='lat' dir='ltr'>se</span> <span class='ocrx_word' id='word_1_241' title='bbox 406 2429 586 2469; x_wconf 87' lang='lat' dir='ltr'>excipiunt:</span> <span class='ocrx_word' id='word_1_242' title='bbox 627 2430 659 2460; x_wconf 91' lang='lat' dir='ltr'>Si</span> <span class='ocrx_word' id='word_1_243' title='bbox 681 2430 842 2471; x_wconf 87' lang='lat' dir='ltr'>antiquam</span> <span class='ocrx_word' id='word_1_244' title='bbox 865 2432 968 2472; x_wconf 83' lang='lat' dir='ltr'>gentis</span> 
     </span>
     <span class='ocr_line' id='line_1_46' title="bbox 202 2472 965 2514; baseline 0.001 -10"><span class='ocrx_word' id='word_1_245' title='bbox 202 2480 314 2504; x_wconf 76' lang='lat' dir='ltr'>nostrae</span> <span class='ocrx_word' id='word_1_246' title='bbox 324 2472 455 2514; x_wconf 78' lang='lat' dir='ltr'>gloriam</span> <span class='ocrx_word' id='word_1_247' title='bbox 469 2473 604 2512; x_wconf 89' lang='lat' dir='ltr'>amplius</span> <span class='ocrx_word' id='word_1_248' title='bbox 616 2474 695 2504; x_wconf 85' lang='lat' dir='ltr'>tueri</span> <span class='ocrx_word' id='word_1_249' title='bbox 708 2474 864 2510; x_wconf 87' lang='lat' dir='ltr'>volumus,</span> <span class='ocrx_word' id='word_1_250' title='bbox 877 2474 965 2505; x_wconf 83' lang='lat' dir='ltr'>relic-</span> 
     </span>
     <span class='ocr_line' id='line_1_47' title="bbox 202 2517 968 2556; baseline 0 -8"><span class='ocrx_word' id='word_1_251' title='bbox 202 2518 242 2548; x_wconf 87' lang='lat' dir='ltr'>tis</span> <span class='ocrx_word' id='word_1_252' title='bbox 255 2517 346 2554; x_wconf 78' lang='lat' dir='ltr'>rebus</span> <span class='ocrx_word' id='word_1_253' title='bbox 359 2517 516 2554; x_wconf 81' lang='lat' dir='ltr'>omnibuS,</span> <span class='ocrx_word' id='word_1_254' title='bbox 533 2527 645 2556; x_wconf 85' lang='lat' dir='ltr'>pueros</span> <span class='ocrx_word' id='word_1_255' title='bbox 661 2524 780 2547; x_wconf 83' lang='lat' dir='ltr'>nostros</span> <span class='ocrx_word' id='word_1_256' title='bbox 795 2525 918 2548; x_wconf 81' lang='lat' dir='ltr'>mature</span> <span class='ocrx_word' id='word_1_257' title='bbox 932 2519 968 2548; x_wconf 89' lang='lat' dir='ltr'>in</span> 
     </span>
     <span class='ocr_line' id='line_1_48' title="bbox 202 2559 966 2601; baseline 0 -10"><span class='ocrx_word' id='word_1_258' title='bbox 202 2559 392 2601; x_wconf 83' lang='lat' dir='ltr'>perferendis</span> <span class='ocrx_word' id='word_1_259' title='bbox 405 2559 479 2592; x_wconf 88' lang='lat' dir='ltr'>belli</span> <span class='ocrx_word' id='word_1_260' title='bbox 493 2560 650 2591; x_wconf 81' lang='lat' dir='ltr'>laboribus</span> <span class='ocrx_word' id='word_1_261' title='bbox 661 2570 814 2598; x_wconf 80' lang='lat' dir='ltr'>exercere,</span> <span class='ocrx_word' id='word_1_262' title='bbox 826 2560 865 2591; x_wconf 93' lang='lat' dir='ltr'>ad</span> <span class='ocrx_word' id='word_1_263' title='bbox 882 2571 966 2591; x_wconf 86' lang='lat' dir='ltr'>mor-</span> 
     </span>
     <span class='ocr_line' id='line_1_49' title="bbox 201 2603 965 2644; baseline 0.001 -9"><span class='ocrx_word' id='word_1_264' title='bbox 201 2604 242 2635; x_wconf 87' lang='lat' dir='ltr'>tis</span> <span class='ocrx_word' id='word_1_265' title='bbox 252 2614 308 2644; x_wconf 89' lang='lat' dir='ltr'>pro</span> <span class='ocrx_word' id='word_1_266' title='bbox 318 2603 416 2644; x_wconf 82' lang='lat' dir='ltr'>patria</span> <span class='ocrx_word' id='word_1_267' title='bbox 429 2609 580 2643; x_wconf 75' lang='lat' dir='ltr'>susceptae</span> <span class='ocrx_word' id='word_1_268' title='bbox 595 2603 691 2634; x_wconf 86' lang='lat' dir='ltr'>decus</span> <span class='ocrx_word' id='word_1_269' title='bbox 706 2603 910 2640; x_wconf 81' lang='lat' dir='ltr'>inflammare,</span> <span class='ocrx_word' id='word_1_270' title='bbox 925 2606 965 2636; x_wconf 84' lang='lat' dir='ltr'>ab</span> 
     </span>
     <span class='ocr_line' id='line_1_50' title="bbox 201 2646 965 2689; baseline 0.001 -12"><span class='ocrx_word' id='word_1_271' title='bbox 201 2648 334 2689; x_wconf 80' lang='lat' dir='ltr'>ignaviae</span> <span class='ocrx_word' id='word_1_272' title='bbox 345 2654 449 2678; x_wconf 75' lang='lat' dir='ltr'>autem</span> <span class='ocrx_word' id='word_1_273' title='bbox 465 2646 615 2678; x_wconf 88' lang='lat' dir='ltr'>dedecore</span> <span class='ocrx_word' id='word_1_274' title='bbox 630 2647 795 2683; x_wconf 83' lang='lat' dir='ltr'>deterrere,</span> <span class='ocrx_word' id='word_1_275' title='bbox 812 2652 843 2676; x_wconf 86' lang='lat' dir='ltr'>et</span> <span class='ocrx_word' id='word_1_276' title='bbox 857 2647 901 2677; x_wconf 84' lang='lat' dir='ltr'>sic</span> <span class='ocrx_word' id='word_1_277' title='bbox 912 2658 965 2678; x_wconf 88' lang='lat' dir='ltr'>eos</span> 
     </span>
     <span class='ocr_line' id='line_1_51' title="bbox 201 2689 966 2726; baseline 0.001 -5"><span class='ocrx_word' id='word_1_278' title='bbox 201 2690 386 2723; x_wconf 77' lang='lat' dir='ltr'>metuendos</span> <span class='ocrx_word' id='word_1_279' title='bbox 395 2690 537 2726; x_wconf 77' lang='lat' dir='ltr'>hostibus</span> <span class='ocrx_word' id='word_1_280' title='bbox 547 2690 660 2721; x_wconf 83' lang='lat' dir='ltr'>nostris</span> <span class='ocrx_word' id='word_1_281' title='bbox 669 2689 796 2720; x_wconf 87' lang='lat' dir='ltr'>reddere</span> <span class='ocrx_word' id='word_1_282' title='bbox 805 2689 966 2722; x_wconf 70' lang='lat' dir='ltr'>debemus,</span> 
     </span>
     <span class='ocr_line' id='line_1_52' title="bbox 205 2732 964 2774; baseline 0 -9"><span class='ocrx_word' id='word_1_283' title='bbox 205 2735 265 2766; x_wconf 86' lang='lat' dir='ltr'>Sed</span> <span class='ocrx_word' id='word_1_284' title='bbox 275 2743 386 2774; x_wconf 85' lang='lat' dir='ltr'>praeter</span> <span class='ocrx_word' id='word_1_285' title='bbox 393 2734 607 2767; x_wconf 81' lang='lat' dir='ltr'>fortitudinem</span> <span class='ocrx_word' id='word_1_286' title='bbox 617 2740 663 2764; x_wconf 91' lang='lat' dir='ltr'>est</span> <span class='ocrx_word' id='word_1_287' title='bbox 670 2734 741 2770; x_wconf 89' lang='lat' dir='ltr'>alia,</span> <span class='ocrx_word' id='word_1_288' title='bbox 749 2732 789 2763; x_wconf 80' lang='lat' dir='ltr'>ad</span> <span class='ocrx_word' id='word_1_289' title='bbox 798 2733 890 2774; x_wconf 90' lang='lat' dir='ltr'>cujus</span> <span class='ocrx_word' id='word_1_290' title='bbox 897 2742 964 2765; x_wconf 80' lang='lat' dir='ltr'>stu-</span> 
     </span>
     <span class='ocr_line' id='line_1_53' title="bbox 201 2776 963 2816; baseline 0 -8"><span class='ocrx_word' id='word_1_291' title='bbox 201 2778 291 2808; x_wconf 89' lang='lat' dir='ltr'>dium</span> <span class='ocrx_word' id='word_1_292' title='bbox 307 2786 432 2810; x_wconf 83' lang='lat' dir='ltr'>mature</span> <span class='ocrx_word' id='word_1_293' title='bbox 440 2777 617 2815; x_wconf 73' lang='lat' dir='ltr'>adducendi</span> <span class='ocrx_word' id='word_1_294' title='bbox 633 2784 718 2814; x_wconf 20' lang='lat' dir='ltr'>sunt,</span> <span class='ocrx_word' id='word_1_295' title='bbox 729 2776 828 2816; x_wconf 87' lang='lat' dir='ltr'>pueri,</span> <span class='ocrx_word' id='word_1_296' title='bbox 853 2776 963 2816; x_wconf 82' lang='lat' dir='ltr'>virtus,</span> 
     </span>
     <span class='ocr_line' id='line_1_54' title="bbox 202 2819 961 2861; baseline -0.001 -9"><span class='ocrx_word' id='word_1_297' title='bbox 202 2832 283 2861; x_wconf 88' lang='lat' dir='ltr'>quae‚</span> <span class='ocrx_word' id='word_1_298' title='bbox 301 2832 374 2852; x_wconf 91' lang='lat' dir='ltr'>cum</span> <span class='ocrx_word' id='word_1_299' title='bbox 389 2821 521 2858; x_wconf 79' lang='lat' dir='ltr'>minime</span> <span class='ocrx_word' id='word_1_300' title='bbox 533 2821 574 2853; x_wconf 84' lang='lat' dir='ltr'>ad</span> <span class='ocrx_word' id='word_1_301' title='bbox 593 2831 679 2852; x_wconf 85' lang='lat' dir='ltr'>aurae</span> <span class='ocrx_word' id='word_1_302' title='bbox 699 2819 860 2860; x_wconf 81' lang='lat' dir='ltr'>popularis</span> <span class='ocrx_word' id='word_1_303' title='bbox 881 2822 961 2851; x_wconf 87' lang='lat' dir='ltr'>arbi-</span> 
     </span>
     <span class='ocr_line' id='line_1_55' title="bbox 201 2862 966 2903; baseline 0.001 -9"><span class='ocrx_word' id='word_1_304' title='bbox 201 2865 296 2895; x_wconf 81' lang='lat' dir='ltr'>trium</span> <span class='ocrx_word' id='word_1_305' title='bbox 312 2876 346 2896; x_wconf 87' lang='lat' dir='ltr'>se</span> <span class='ocrx_word' id='word_1_306' title='bbox 360 2864 582 2903; x_wconf 69' lang='lat' dir='ltr'>accommodet,</span> <span class='ocrx_word' id='word_1_307' title='bbox 598 2863 653 2895; x_wconf 81' lang='lat' dir='ltr'>sed</span> <span class='ocrx_word' id='word_1_308' title='bbox 668 2870 767 2894; x_wconf 81' lang='lat' dir='ltr'>semet</span> <span class='ocrx_word' id='word_1_309' title='bbox 787 2862 885 2903; x_wconf 83' lang='lat' dir='ltr'>ipsam</span> <span class='ocrx_word' id='word_1_310' title='bbox 909 2875 966 2895; x_wconf 88' lang='lat' dir='ltr'>suo</span> 
     </span>
     <span class='ocr_line' id='line_1_56' title="bbox 204 2905 962 2948; baseline 0.003 -12"><span class='ocrx_word' id='word_1_311' title='bbox 204 2908 298 2946; x_wconf 83' lang='lat' dir='ltr'>ipsius</span> <span class='ocrx_word' id='word_1_312' title='bbox 318 2916 443 2940; x_wconf 88' lang='lat' dir='ltr'>tueatur</span> <span class='ocrx_word' id='word_1_313' title='bbox 465 2905 618 2948; x_wconf 67' lang='lat' dir='ltr'>praesidio,</span> <span class='ocrx_word' id='word_1_314' title='bbox 641 2917 743 2948; x_wconf 84' lang='lat' dir='ltr'>neque</span> <span class='ocrx_word' id='word_1_315' title='bbox 765 2907 798 2936; x_wconf 92' lang='lat' dir='ltr'>in</span> <span class='ocrx_word' id='word_1_316' title='bbox 821 2907 962 2946; x_wconf 79' lang='lat' dir='ltr'>petendis</span> 
     </span>
     <span class='ocr_line' id='line_1_57' title="bbox 202 2950 962 2994; baseline 0.001 -15"><span class='ocrx_word' id='word_1_317' title='bbox 202 2951 370 2983; x_wconf 86' lang='lat' dir='ltr'>honoribus</span> <span class='ocrx_word' id='word_1_318' title='bbox 386 2951 625 2994; x_wconf 73' lang='lat' dir='ltr'>ignominiosam</span> <span class='ocrx_word' id='word_1_319' title='bbox 641 2950 796 2992; x_wconf 84' lang='lat' dir='ltr'>repulsam</span> <span class='ocrx_word' id='word_1_320' title='bbox 816 2950 884 2988; x_wconf 76' lang='lat' dir='ltr'>fert,</span> <span class='ocrx_word' id='word_1_321' title='bbox 907 2961 962 2981; x_wconf 81' lang='lat' dir='ltr'>ne-</span> 
     </span>
    </p>
   </div>
   <div class='ocr_carea' id='block_1_13' title="bbox 1000 1342 1479 1381">
    <p class='ocr_par' dir='ltr' id='par_1_13' title="bbox 1000 1342 1479 1381">
     <span class='ocr_line' id='line_1_58' title="bbox 1000 1342 1479 1381; baseline 0.006 -10"><span class='ocrx_word' id='word_1_322' title='bbox 1000 1357 1002 1359; x_wconf 41' lang='lat'>*</span> <span class='ocrx_word' id='word_1_323' title='bbox 1021 1342 1165 1381; x_wconf 86' lang='lat' dir='ltr'>spiritum</span> <span class='ocrx_word' id='word_1_324' title='bbox 1178 1342 1185 1373; x_wconf 74' lang='grc' dir='ltr'>ἔ</span> <span class='ocrx_word' id='word_1_325' title='bbox 1476 1364 1479 1366; x_wconf 92' lang='grc'>-</span> 
     </span>
    </p>
   </div>
   <div class='ocr_carea' id='block_1_14' title="bbox 1014 948 1784 993">
    <p class='ocr_par' dir='ltr' id='par_1_14' title="bbox 1014 948 1784 993">
     <span class='ocr_line' id='line_1_59' title="bbox 1014 948 1784 993; baseline 0.006 -14"><span class='ocrx_word' id='word_1_326' title='bbox 1014 948 1086 990; x_wconf 79' lang='lat' dir='ltr'>&#39;que</span> <span class='ocrx_word' id='word_1_327' title='bbox 1101 949 1133 979; x_wconf 88' lang='lat' dir='ltr'>in</span> <span class='ocrx_word' id='word_1_328' title='bbox 1149 948 1187 980; x_wconf 89' lang='lat' dir='ltr'>iis</span> <span class='ocrx_word' id='word_1_329' title='bbox 1208 949 1379 991; x_wconf 85' lang='lat' dir='ltr'>fungendis</span> <span class='ocrx_word' id='word_1_330' title='bbox 1400 949 1600 981; x_wconf 85' lang='lat' dir='ltr'>contumeliae</span> <span class='ocrx_word' id='word_1_331' title='bbox 1621 951 1784 993; x_wconf 84' lang='lat' dir='ltr'>cujusdam</span> 
     </span>
    </p>
   </div>
   <div class='ocr_carea' id='block_1_15' title="bbox 1021 993 1784 1342">
    <p class='ocr_par' dir='ltr' id='par_1_15' title="bbox 1021 993 1784 1342">
     <span class='ocr_line' id='line_1_60' title="bbox 1023 993 1783 1037; baseline 0.004 -13"><span class='ocrx_word' id='word_1_332' title='bbox 1023 1001 1098 1024; x_wconf 87' lang='lat' dir='ltr'>nota</span> <span class='ocrx_word' id='word_1_333' title='bbox 1111 993 1352 1031; x_wconf 84' lang='lat' dir='ltr'>contaminatur,</span> <span class='ocrx_word' id='word_1_334' title='bbox 1367 993 1433 1024; x_wconf 88' lang='lat' dir='ltr'>imo</span> <span class='ocrx_word' id='word_1_335' title='bbox 1446 993 1688 1026; x_wconf 85' lang='lat' dir='ltr'>immortalitatis</span> <span class='ocrx_word' id='word_1_336' title='bbox 1705 1007 1783 1037; x_wconf 86' lang='lat' dir='ltr'>prae-</span> 
     </span>
     <span class='ocr_line' id='line_1_61' title="bbox 1024 1036 1784 1071; baseline 0.007 -5"><span class='ocrx_word' id='word_1_337' title='bbox 1024 1037 1088 1067; x_wconf 89' lang='lat' dir='ltr'>mio</span> <span class='ocrx_word' id='word_1_338' title='bbox 1104 1036 1250 1068; x_wconf 88' lang='lat' dir='ltr'>afficitur.</span> <span class='ocrx_word' id='word_1_339' title='bbox 1299 1037 1352 1068; x_wconf 89' lang='lat' dir='ltr'>Ad</span> <span class='ocrx_word' id='word_1_340' title='bbox 1367 1037 1449 1068; x_wconf 90' lang='lat' dir='ltr'>hanc</span> <span class='ocrx_word' id='word_1_341' title='bbox 1467 1037 1593 1068; x_wconf 84' lang='lat' dir='ltr'>accedat</span> <span class='ocrx_word' id='word_1_342' title='bbox 1616 1038 1716 1070; x_wconf 88' lang='lat' dir='ltr'>fidelis</span> <span class='ocrx_word' id='word_1_343' title='bbox 1737 1047 1784 1071; x_wconf 87' lang='lat' dir='ltr'>ta-</span> 
     </span>
     <span class='ocr_line' id='line_1_62' title="bbox 1022 1080 1782 1123; baseline 0.005 -12"><span class='ocrx_word' id='word_1_344' title='bbox 1022 1080 1194 1118; x_wconf 88' lang='lat' dir='ltr'>citurnitas,</span> <span class='ocrx_word' id='word_1_345' title='bbox 1209 1091 1280 1122; x_wconf 87' lang='lat' dir='ltr'>quae</span> <span class='ocrx_word' id='word_1_346' title='bbox 1295 1080 1408 1120; x_wconf 87' lang='lat' dir='ltr'>pariter</span> <span class='ocrx_word' id='word_1_347' title='bbox 1422 1083 1551 1120; x_wconf 84' lang='lat' dir='ltr'>praemio</span> <span class='ocrx_word' id='word_1_348' title='bbox 1566 1091 1624 1112; x_wconf 90' lang='lat' dir='ltr'>suo</span> <span class='ocrx_word' id='word_1_349' title='bbox 1645 1083 1782 1123; x_wconf 87' lang='lat' dir='ltr'>gaudet;</span> 
     </span>
     <span class='ocr_line' id='line_1_63' title="bbox 1021 1123 1783 1168; baseline 0.005 -14"><span class='ocrx_word' id='word_1_350' title='bbox 1021 1134 1094 1155; x_wconf 89' lang='lat' dir='ltr'>cum</span> <span class='ocrx_word' id='word_1_351' title='bbox 1123 1123 1220 1163; x_wconf 82' lang='lat' dir='ltr'>impia</span> <span class='ocrx_word' id='word_1_352' title='bbox 1249 1131 1356 1155; x_wconf 86' lang='lat' dir='ltr'>contra</span> <span class='ocrx_word' id='word_1_353' title='bbox 1383 1134 1433 1155; x_wconf 87' lang='lat' dir='ltr'>res</span> <span class='ocrx_word' id='word_1_354' title='bbox 1464 1135 1590 1155; x_wconf 85' lang='lat' dir='ltr'>arcanas</span> <span class='ocrx_word' id='word_1_355' title='bbox 1615 1126 1783 1168; x_wconf 83' lang='lat' dir='ltr'>evulgandi</span> 
     </span>
     <span class='ocr_line' id='line_1_64' title="bbox 1021 1167 1782 1210; baseline 0.005 -13"><span class='ocrx_word' id='word_1_356' title='bbox 1021 1167 1128 1198; x_wconf 87' lang='lat' dir='ltr'>levitas</span> <span class='ocrx_word' id='word_1_357' title='bbox 1144 1168 1251 1198; x_wconf 87' lang='lat' dir='ltr'>sceleri</span> <span class='ocrx_word' id='word_1_358' title='bbox 1266 1178 1299 1198; x_wconf 88' lang='lat' dir='ltr'>se</span> <span class='ocrx_word' id='word_1_359' title='bbox 1313 1168 1480 1202; x_wconf 83' lang='lat' dir='ltr'>obnoxiam</span> <span class='ocrx_word' id='word_1_360' title='bbox 1494 1169 1597 1206; x_wconf 80' lang='lat' dir='ltr'>faciat,</span> <span class='ocrx_word' id='word_1_361' title='bbox 1613 1169 1704 1210; x_wconf 87' lang='lat' dir='ltr'>cujus</span> <span class='ocrx_word' id='word_1_362' title='bbox 1719 1181 1782 1210; x_wconf 88' lang='lat' dir='ltr'>poe-</span> 
     </span>
     <span class='ocr_line' id='line_1_65' title="bbox 1023 1211 1782 1252; baseline 0.004 -11"><span class='ocrx_word' id='word_1_363' title='bbox 1023 1221 1097 1241; x_wconf 86' lang='lat' dir='ltr'>nam</span> <span class='ocrx_word' id='word_1_364' title='bbox 1113 1211 1157 1242; x_wconf 93' lang='lat' dir='ltr'>dii</span> <span class='ocrx_word' id='word_1_365' title='bbox 1172 1211 1298 1249; x_wconf 48' lang='lat' dir='ltr'>ultores</span> <span class='ocrx_word' id='word_1_366' title='bbox 1314 1211 1458 1252; x_wconf 87' lang='lat' dir='ltr'>quamvis</span> <span class='ocrx_word' id='word_1_367' title='bbox 1475 1222 1554 1251; x_wconf 89' lang='lat' dir='ltr'>sero,</span> <span class='ocrx_word' id='word_1_368' title='bbox 1571 1220 1725 1252; x_wconf 63' lang='lat' dir='ltr'>repetunt„</span> <span class='ocrx_word' id='word_1_369' title='bbox 1739 1233 1782 1240; x_wconf 93' lang='lat'><strong>—</strong></span> 
     </span>
     <span class='ocr_line' id='line_1_66' title="bbox 1024 1255 1782 1299; baseline 0.004 -14"><span class='ocrx_word' id='word_1_370' title='bbox 1024 1255 1065 1285; x_wconf 91' lang='lat' dir='ltr'>In</span> <span class='ocrx_word' id='word_1_371' title='bbox 1086 1265 1220 1296; x_wconf 88' lang='lat' dir='ltr'>quarum</span> <span class='ocrx_word' id='word_1_372' title='bbox 1242 1256 1392 1286; x_wconf 87' lang='lat' dir='ltr'>virtutum</span> <span class='ocrx_word' id='word_1_373' title='bbox 1415 1255 1687 1287; x_wconf 83' lang='lat' dir='ltr'>commendatione</span> <span class='ocrx_word' id='word_1_374' title='bbox 1712 1259 1782 1299; x_wconf 84' lang='lat' dir='ltr'>quis</span> 
     </span>
     <span class='ocr_line' id='line_1_67' title="bbox 1021 1299 1782 1342; baseline 0.005 -14"><span class='ocrx_word' id='word_1_375' title='bbox 1021 1308 1085 1329; x_wconf 91' lang='lat' dir='ltr'>non</span> <span class='ocrx_word' id='word_1_376' title='bbox 1115 1299 1208 1329; x_wconf 89' lang='lat' dir='ltr'>sentit</span> <span class='ocrx_word' id='word_1_377' title='bbox 1236 1299 1465 1340; x_wconf 86' lang='lat' dir='ltr'>generosiorem</span> <span class='ocrx_word' id='word_1_378' title='bbox 1493 1299 1595 1342; x_wconf 80' lang='lat' dir='ltr'>gentis</span> <span class='ocrx_word' id='word_1_379' title='bbox 1627 1300 1782 1332; x_wconf 82' lang='lat' dir='ltr'>Romanae</span> 
     </span>
    </p>
   </div>
   <div class='ocr_carea' id='block_1_16' title="bbox 1005 1383 1781 3003">
    <p class='ocr_par' dir='ltr' id='par_1_16' title="bbox 1010 1383 1781 2603">
     <span class='ocr_line' id='line_1_68' title="bbox 1063 1383 1781 1430; baseline 0.007 -15"><span class='ocrx_word' id='word_1_380' title='bbox 1063 1396 1091 1416; x_wconf 92' lang='lat' dir='ltr'>v.</span> <span class='ocrx_word' id='word_1_381' title='bbox 1113 1383 1206 1416; x_wconf 89' lang='lat'><strong>1—6.</strong></span> <span class='ocrx_word' id='word_1_382' title='bbox 1235 1388 1390 1418; x_wconf 79' lang='lat' dir='ltr'>Robustus</span> <span class='ocrx_word' id='word_1_383' title='bbox 1405 1386 1434 1416; x_wconf 94' lang='lat' dir='ltr'>h.</span> <span class='ocrx_word' id='word_1_384' title='bbox 1453 1397 1479 1417; x_wconf 87' lang='lat' dir='ltr'>e.</span> <span class='ocrx_word' id='word_1_385' title='bbox 1495 1385 1578 1417; x_wconf 89' lang='lat' dir='ltr'>firmi</span> <span class='ocrx_word' id='word_1_386' title='bbox 1599 1389 1781 1430; x_wconf 85' lang='lat' dir='ltr'>robustique</span> 
     </span>
     <span class='ocr_line' id='line_1_69' title="bbox 1019 1429 1781 1470; baseline 0.004 -11"><span class='ocrx_word' id='word_1_387' title='bbox 1019 1430 1166 1469; x_wconf 85' lang='lat' dir='ltr'>corporis,</span> <span class='ocrx_word' id='word_1_388' title='bbox 1187 1429 1305 1467; x_wconf 88' lang='lat' dir='ltr'>durus;</span> <span class='ocrx_word' id='word_1_389' title='bbox 1336 1429 1505 1469; x_wconf 89' lang='lat' dir='ltr'>opponitur</span> <span class='ocrx_word' id='word_1_390' title='bbox 1525 1441 1624 1470; x_wconf 89' lang='lat' dir='ltr'>puero</span> <span class='ocrx_word' id='word_1_391' title='bbox 1645 1432 1781 1464; x_wconf 85' lang='lat' dir='ltr'>molliter</span> 
     </span>
     <span class='ocr_line' id='line_1_70' title="bbox 1020 1472 1781 1515; baseline 0.004 -12"><span class='ocrx_word' id='word_1_392' title='bbox 1020 1472 1153 1504; x_wconf 86' lang='lat' dir='ltr'>educato</span> <span class='ocrx_word' id='word_1_393' title='bbox 1167 1480 1199 1504; x_wconf 91' lang='lat' dir='ltr'>et</span> <span class='ocrx_word' id='word_1_394' title='bbox 1213 1473 1349 1504; x_wconf 84' lang='lat' dir='ltr'>ferendis</span> <span class='ocrx_word' id='word_1_395' title='bbox 1363 1473 1520 1504; x_wconf 81' lang='lat' dir='ltr'>laboribus</span> <span class='ocrx_word' id='word_1_396' title='bbox 1533 1475 1645 1514; x_wconf 86' lang='lat' dir='ltr'>impari</span> <span class='ocrx_word' id='word_1_397' title='bbox 1653 1487 1664 1514; x_wconf 89' lang='lat'>;</span> <span class='ocrx_word' id='word_1_398' title='bbox 1685 1477 1781 1515; x_wconf 85' lang='lat' dir='ltr'>possis</span> 
     </span>
     <span class='ocr_line' id='line_1_71' title="bbox 1019 1517 1777 1558; baseline 0.007 -12"><span class='ocrx_word' id='word_1_399' title='bbox 1019 1526 1143 1557; x_wconf 92' lang='lat' dir='ltr'>quoque</span> <span class='ocrx_word' id='word_1_400' title='bbox 1160 1517 1310 1558; x_wconf 84' lang='lat' dir='ltr'>jungere:</span> <span class='ocrx_word' id='word_1_401' title='bbox 1335 1517 1478 1548; x_wconf 74' lang='lat' dir='ltr'>robustus</span> <span class='ocrx_word' id='word_1_402' title='bbox 1491 1519 1558 1548; x_wconf 78' lang='lat' dir='ltr'>acri</span> <span class='ocrx_word' id='word_1_403' title='bbox 1572 1519 1684 1550; x_wconf 76' lang='lat' dir='ltr'>militia</span> <span class='ocrx_word' id='word_1_404' title='bbox 1698 1520 1729 1550; x_wconf 89' lang='lat' dir='ltr'>h.</span> <span class='ocrx_word' id='word_1_405' title='bbox 1749 1530 1777 1550; x_wconf 87' lang='lat' dir='ltr'>e.</span> 
     </span>
     <span class='ocr_line' id='line_1_72' title="bbox 1018 1560 1781 1599; baseline 0.005 -9"><span class='ocrx_word' id='word_1_406' title='bbox 1018 1560 1119 1590; x_wconf 83' lang='lat' dir='ltr'>factus</span> <span class='ocrx_word' id='word_1_407' title='bbox 1125 1570 1181 1599; x_wconf 86' lang='lat' dir='ltr'>per</span> <span class='ocrx_word' id='word_1_408' title='bbox 1191 1571 1294 1591; x_wconf 84' lang='lat' dir='ltr'>acrem</span> <span class='ocrx_word' id='word_1_409' title='bbox 1305 1567 1337 1591; x_wconf 86' lang='lat' dir='ltr'>et</span> <span class='ocrx_word' id='word_1_410' title='bbox 1348 1566 1508 1594; x_wconf 80' lang='lat' dir='ltr'>strenuam</span> <span class='ocrx_word' id='word_1_411' title='bbox 1517 1561 1660 1592; x_wconf 80' lang='lat' dir='ltr'>militiam</span> <span class='ocrx_word' id='word_1_412' title='bbox 1673 1564 1781 1594; x_wconf 86' lang='lat' dir='ltr'>robus-</span> 
     </span>
     <span class='ocr_line' id='line_1_73' title="bbox 1021 1603 1780 1645; baseline 0.004 -11"><span class='ocrx_word' id='word_1_413' title='bbox 1021 1603 1090 1634; x_wconf 85' lang='lat' dir='ltr'>tior.</span> <span class='ocrx_word' id='word_1_414' title='bbox 1174 1611 1339 1645; x_wconf 79' lang='lat' dir='ltr'>angustam</span> <span class='ocrx_word' id='word_1_415' title='bbox 1355 1606 1546 1644; x_wconf 63' lang='lat' dir='ltr'>Juuperiem,</span> <span class='ocrx_word' id='word_1_416' title='bbox 1569 1604 1727 1637; x_wconf 88' lang='lat' dir='ltr'>duriorem</span> <span class='ocrx_word' id='word_1_417' title='bbox 1742 1606 1780 1637; x_wconf 92' lang='lat' dir='ltr'>il-</span> 
     </span>
     <span class='ocr_line' id='line_1_74' title="bbox 1019 1646 1781 1689; baseline 0.004 -11"><span class='ocrx_word' id='word_1_418' title='bbox 1019 1646 1082 1677; x_wconf 87' lang='lat' dir='ltr'>lam</span> <span class='ocrx_word' id='word_1_419' title='bbox 1113 1653 1238 1684; x_wconf 88' lang='lat' dir='ltr'>sortem,</span> <span class='ocrx_word' id='word_1_420' title='bbox 1261 1658 1325 1688; x_wconf 83' lang='lat' dir='ltr'>qua</span> <span class='ocrx_word' id='word_1_421' title='bbox 1345 1649 1439 1678; x_wconf 86' lang='lat' dir='ltr'>rebus</span> <span class='ocrx_word' id='word_1_422' title='bbox 1458 1648 1493 1678; x_wconf 87' lang='lat' dir='ltr'>in</span> <span class='ocrx_word' id='word_1_423' title='bbox 1514 1655 1684 1689; x_wconf 87' lang='lat' dir='ltr'>angustum</span> <span class='ocrx_word' id='word_1_424' title='bbox 1706 1661 1781 1681; x_wconf 83' lang='lat' dir='ltr'>con-</span> 
     </span>
     <span class='ocr_line' id='line_1_75' title="bbox 1017 1690 1781 1730; baseline 0.007 -9"><span class='ocrx_word' id='word_1_425' title='bbox 1017 1691 1122 1722; x_wconf 83' lang='lat' dir='ltr'>tractis</span> <span class='ocrx_word' id='word_1_426' title='bbox 1135 1698 1301 1722; x_wconf 86' lang='lat' dir='ltr'>contentus</span> <span class='ocrx_word' id='word_1_427' title='bbox 1314 1701 1380 1722; x_wconf 82' lang='lat' dir='ltr'>esse</span> <span class='ocrx_word' id='word_1_428' title='bbox 1394 1690 1486 1722; x_wconf 79' lang='lat' dir='ltr'>debet</span> <span class='ocrx_word' id='word_1_429' title='bbox 1505 1691 1605 1723; x_wconf 80' lang='lat' dir='ltr'>miles.</span> <span class='ocrx_word' id='word_1_430' title='bbox 1683 1696 1781 1730; x_wconf 76' lang='lat' dir='ltr'>amice</span> 
     </span>
     <span class='ocr_line' id='line_1_76' title="bbox 1012 1734 1780 1778; baseline 0.004 -13"><span class='ocrx_word' id='word_1_431' title='bbox 1012 1736 1091 1774; x_wconf 79' lang='lat' dir='ltr'>pati,</span> <span class='ocrx_word' id='word_1_432' title='bbox 1118 1734 1249 1765; x_wconf 81' lang='lat' dir='ltr'>Graece:</span> <span class='ocrx_word' id='word_1_433' title='bbox 1275 1735 1445 1775; x_wconf 61' lang='grc' dir='ltr'>ἀγαπητὸς</span> <span class='ocrx_word' id='word_1_434' title='bbox 1461 1734 1556 1778; x_wconf 63' lang='grc' dir='ltr'>φέρειν,</span> <span class='ocrx_word' id='word_1_435' title='bbox 1572 1735 1603 1766; x_wconf 82' lang='lat' dir='ltr'>h.</span> <span class='ocrx_word' id='word_1_436' title='bbox 1622 1746 1650 1767; x_wconf 86' lang='lat' dir='ltr'>e.</span> <span class='ocrx_word' id='word_1_437' title='bbox 1669 1736 1780 1772; x_wconf 83' lang='lat' dir='ltr'>luben-.</span> 
     </span>
     <span class='ocr_line' id='line_1_77' title="bbox 1016 1777 1778 1819; baseline 0.004 -11"><span class='ocrx_word' id='word_1_438' title='bbox 1016 1784 1064 1808; x_wconf 87' lang='lat' dir='ltr'>ter</span> <span class='ocrx_word' id='word_1_439' title='bbox 1099 1778 1162 1809; x_wconf 90' lang='lat' dir='ltr'>sive</span> <span class='ocrx_word' id='word_1_440' title='bbox 1191 1786 1314 1818; x_wconf 87' lang='lat' dir='ltr'>promto</span> <span class='ocrx_word' id='word_1_441' title='bbox 1343 1785 1512 1819; x_wconf 83' lang='lat' dir='ltr'>paratoque</span> <span class='ocrx_word' id='word_1_442' title='bbox 1541 1777 1648 1810; x_wconf 76' lang='lat' dir='ltr'>animo</span> <span class='ocrx_word' id='word_1_443' title='bbox 1675 1780 1756 1815; x_wconf 83' lang='lat' dir='ltr'>ferre</span> <span class='ocrx_word' id='word_1_444' title='bbox 1768 1794 1778 1819; x_wconf 83' lang='lat'>;</span> 
     </span>
     <span class='ocr_line' id='line_1_78' title="bbox 1015 1820 1780 1864; baseline 0.007 -13"><span class='ocrx_word' id='word_1_445' title='bbox 1015 1821 1101 1862; x_wconf 90' lang='lat' dir='ltr'>quod</span> <span class='ocrx_word' id='word_1_446' title='bbox 1131 1822 1214 1851; x_wconf 89' lang='lat' dir='ltr'>enim</span> <span class='ocrx_word' id='word_1_447' title='bbox 1244 1820 1284 1852; x_wconf 86' lang='lat' dir='ltr'>sit</span> <span class='ocrx_word' id='word_1_448' title='bbox 1313 1823 1418 1857; x_wconf 81' lang='lat' dir='ltr'>amice,</span> <span class='ocrx_word' id='word_1_449' title='bbox 1445 1821 1479 1852; x_wconf 87' lang='lat' dir='ltr'>id</span> <span class='ocrx_word' id='word_1_450' title='bbox 1503 1831 1631 1863; x_wconf 88' lang='lat' dir='ltr'>quoque</span> <span class='ocrx_word' id='word_1_451' title='bbox 1657 1833 1780 1864; x_wconf 71' lang='lat' dir='ltr'>promto</span> 
     </span>
     <span class='ocr_line' id='line_1_79' title="bbox 1015 1864 1780 1908; baseline 0.007 -13"><span class='ocrx_word' id='word_1_452' title='bbox 1015 1873 1184 1906; x_wconf 85' lang='lat' dir='ltr'>paratoque</span> <span class='ocrx_word' id='word_1_453' title='bbox 1199 1865 1305 1895; x_wconf 88' lang='lat' dir='ltr'>animo</span> <span class='ocrx_word' id='word_1_454' title='bbox 1325 1864 1394 1895; x_wconf 88' lang='lat' dir='ltr'>fieri</span> <span class='ocrx_word' id='word_1_455' title='bbox 1416 1864 1508 1896; x_wconf 62' lang='lat' dir='ltr'>solet«</span> <span class='ocrx_word' id='word_1_456' title='bbox 1595 1873 1686 1904; x_wconf 68' lang='lat' dir='ltr'>vexet,</span> <span class='ocrx_word' id='word_1_457' title='bbox 1710 1878 1780 1908; x_wconf 85' lang='lat' dir='ltr'>pre-</span> 
     </span>
     <span class='ocr_line' id='line_1_80' title="bbox 1014 1908 1775 1948; baseline 0.007 -10"><span class='ocrx_word' id='word_1_458' title='bbox 1014 1915 1080 1938; x_wconf 88' lang='lat' dir='ltr'>mat</span> <span class='ocrx_word' id='word_1_459' title='bbox 1094 1918 1125 1939; x_wconf 82' lang='lat' dir='ltr'>et</span> <span class='ocrx_word' id='word_1_460' title='bbox 1138 1908 1258 1940; x_wconf 86' lang='lat' dir='ltr'>fortiter</span> <span class='ocrx_word' id='word_1_461' title='bbox 1271 1908 1406 1939; x_wconf 85' lang='lat' dir='ltr'>invadat.</span> <span class='ocrx_word' id='word_1_462' title='bbox 1503 1909 1563 1940; x_wconf 80' lang='lat' dir='ltr'><em>Vie.</em></span> <span class='ocrx_word' id='word_1_463' title='bbox 1581 1920 1605 1941; x_wconf 76' lang='lat' dir='ltr'>s.</span> <span class='ocrx_word' id='word_1_464' title='bbox 1625 1911 1683 1942; x_wconf 81' lang='lat' dir='ltr'>div.</span> <span class='ocrx_word' id='word_1_465' title='bbox 1702 1918 1775 1948; x_wconf 56' lang='lat' dir='ltr'>cett,</span> 
     </span>
     <span class='ocr_line' id='line_1_81' title="bbox 1015 1951 1772 1997; baseline 0.005 -15"><span class='ocrx_word' id='word_1_466' title='bbox 1015 1952 1058 1982; x_wconf 89' lang='lat' dir='ltr'>In</span> <span class='ocrx_word' id='word_1_467' title='bbox 1073 1952 1220 1983; x_wconf 83' lang='lat' dir='ltr'>omnibus</span> <span class='ocrx_word' id='word_1_468' title='bbox 1235 1951 1329 1983; x_wconf 88' lang='lat' dir='ltr'>Libb.</span> <span class='ocrx_word' id='word_1_469' title='bbox 1347 1952 1447 1983; x_wconf 81' lang='lat' dir='ltr'>MSS.</span> <span class='ocrx_word' id='word_1_470' title='bbox 1465 1958 1498 1983; x_wconf 87' lang='lat' dir='ltr'>et</span> <span class='ocrx_word' id='word_1_471' title='bbox 1513 1951 1615 1984; x_wconf 78' lang='lat' dir='ltr'>Editt.</span> <span class='ocrx_word' id='word_1_472' title='bbox 1639 1953 1772 1997; x_wconf 82' lang='lat' dir='ltr'>legitur:</span> 
     </span>
     <span class='ocr_line' id='line_1_82' title="bbox 1021 1997 1775 2037; baseline 0.005 -10"><span class='ocrx_word' id='word_1_473' title='bbox 1021 1997 1182 2037; x_wconf 66' lang='lat' dir='ltr'>Virumque</span> <span class='ocrx_word' id='word_1_474' title='bbox 1195 1997 1252 2027; x_wconf 76' lang='lat' dir='ltr'>sub</span> <span class='ocrx_word' id='word_1_475' title='bbox 1268 1997 1333 2027; x_wconf 75' lang='grc' dir='ltr'>άὲυο</span> <span class='ocrx_word' id='word_1_476' title='bbox 1348 2002 1378 2027; x_wconf 79' lang='lat' dir='ltr'>et</span> <span class='ocrx_word' id='word_1_477' title='bbox 1392 1997 1519 2037; x_wconf 71' lang='lat' dir='ltr'>trepidi-5</span> <span class='ocrx_word' id='word_1_478' title='bbox 1529 2003 1603 2036; x_wconf 77' lang='lat' dir='ltr'>agat</span> <span class='ocrx_word' id='word_1_479' title='bbox 1617 1999 1662 2029; x_wconf 85' lang='lat' dir='ltr'>In</span> <span class='ocrx_word' id='word_1_480' title='bbox 1670 1997 1775 2035; x_wconf 43' lang='lat' dir='ltr'>rebus,</span> 
     </span>
     <span class='ocr_line' id='line_1_83' title="bbox 1012 2038 1776 2079; baseline 0.007 -10"><span class='ocrx_word' id='word_1_481' title='bbox 1012 2049 1070 2070; x_wconf 87' lang='lat' dir='ltr'>nec</span> <span class='ocrx_word' id='word_1_482' title='bbox 1100 2039 1186 2070; x_wconf 89' lang='lat' dir='ltr'>ullus</span> <span class='ocrx_word' id='word_1_483' title='bbox 1210 2040 1416 2079; x_wconf 82' lang='lat' dir='ltr'>interpretum</span> <span class='ocrx_word' id='word_1_484' title='bbox 1439 2038 1624 2079; x_wconf 79' lang='lat' dir='ltr'>particulam</span> <span class='ocrx_word' id='word_1_485' title='bbox 1647 2047 1678 2072; x_wconf 72' lang='lat' dir='ltr'>et</span> <span class='ocrx_word' id='word_1_486' title='bbox 1702 2049 1776 2077; x_wconf 80' lang='lat' dir='ltr'>ante</span> 
     </span>
     <span class='ocr_line' id='line_1_84' title="bbox 1012 2081 1776 2124; baseline 0.004 -10"><span class='ocrx_word' id='word_1_487' title='bbox 1012 2084 1136 2124; x_wconf 74' lang='lat' dir='ltr'>trepidis</span> <span class='ocrx_word' id='word_1_488' title='bbox 1151 2083 1339 2123; x_wconf 74' lang='lat' dir='ltr'>superfluam</span> <span class='ocrx_word' id='word_1_489' title='bbox 1360 2081 1454 2122; x_wconf 83' lang='lat' dir='ltr'>plane</span> <span class='ocrx_word' id='word_1_490' title='bbox 1475 2093 1550 2121; x_wconf 85' lang='lat' dir='ltr'>esse,</span> <span class='ocrx_word' id='word_1_491' title='bbox 1574 2090 1606 2115; x_wconf 86' lang='lat' dir='ltr'>et</span> <span class='ocrx_word' id='word_1_492' title='bbox 1627 2084 1776 2117; x_wconf 72' lang='lat' dir='ltr'>orationis</span> 
     </span>
     <span class='ocr_line' id='line_1_85' title="bbox 1011 2125 1775 2166; baseline -0.001 -10"><span class='ocrx_word' id='word_1_493' title='bbox 1011 2127 1242 2166; x_wconf 87' lang='lat' dir='ltr'>simplicitatem</span> <span class='ocrx_word' id='word_1_494' title='bbox 1269 2127 1403 2163; x_wconf 84' lang='lat' dir='ltr'>turbare,</span> <span class='ocrx_word' id='word_1_495' title='bbox 1433 2125 1660 2158; x_wconf 81' lang='lat' dir='ltr'>animadvertit.</span> <span class='ocrx_word' id='word_1_496' title='bbox 1709 2128 1775 2160; x_wconf 89' lang='lat' dir='ltr'>Ve-</span> 
     </span>
     <span class='ocr_line' id='line_1_86' title="bbox 1011 2170 1770 2210; baseline 0.004 -9"><span class='ocrx_word' id='word_1_497' title='bbox 1011 2180 1082 2201; x_wconf 89' lang='lat' dir='ltr'>rum</span> <span class='ocrx_word' id='word_1_498' title='bbox 1111 2170 1195 2200; x_wconf 84' lang='lat' dir='ltr'>enim</span> <span class='ocrx_word' id='word_1_499' title='bbox 1221 2180 1303 2207; x_wconf 89' lang='lat' dir='ltr'>vero,</span> <span class='ocrx_word' id='word_1_500' title='bbox 1325 2179 1400 2200; x_wconf 87' lang='lat' dir='ltr'>cum</span> <span class='ocrx_word' id='word_1_501' title='bbox 1421 2177 1546 2200; x_wconf 82' lang='lat' dir='ltr'>extrusa</span> <span class='ocrx_word' id='word_1_502' title='bbox 1567 2170 1721 2210; x_wconf 82' lang='lat' dir='ltr'>particula</span> <span class='ocrx_word' id='word_1_503' title='bbox 1739 2179 1770 2204; x_wconf 82' lang='lat' dir='ltr'>et</span> 
     </span>
     <span class='ocr_line' id='line_1_87' title="bbox 1011 2212 1775 2248; baseline 0.003 -4"><span class='ocrx_word' id='word_1_504' title='bbox 1011 2224 1120 2244; x_wconf 89' lang='lat' dir='ltr'>sensus</span> <span class='ocrx_word' id='word_1_505' title='bbox 1134 2219 1224 2244; x_wconf 84' lang='lat' dir='ltr'>exeat</span> <span class='ocrx_word' id='word_1_506' title='bbox 1245 2213 1348 2243; x_wconf 89' lang='lat' dir='ltr'>multo</span> <span class='ocrx_word' id='word_1_507' title='bbox 1368 2212 1569 2244; x_wconf 86' lang='lat' dir='ltr'>concinnior:</span> <span class='ocrx_word' id='word_1_508' title='bbox 1601 2219 1657 2245; x_wconf 76' lang='lat' dir='ltr'>“et</span> <span class='ocrx_word' id='word_1_509' title='bbox 1678 2217 1775 2248; x_wconf 75' lang='lat' dir='ltr'>vitam</span> 
     </span>
     <span class='ocr_line' id='line_1_88' title="bbox 1011 2255 1774 2298; baseline 0.001 -9"><span class='ocrx_word' id='word_1_510' title='bbox 1011 2260 1045 2289; x_wconf 79' lang='lat' dir='ltr'>in</span> <span class='ocrx_word' id='word_1_511' title='bbox 1066 2258 1155 2288; x_wconf 81' lang='lat' dir='ltr'>rebus</span> <span class='ocrx_word' id='word_1_512' title='bbox 1177 2258 1300 2297; x_wconf 77' lang='lat' dir='ltr'>trepidis</span> <span class='ocrx_word' id='word_1_513' title='bbox 1322 2256 1368 2298; x_wconf 88' lang='lat' dir='ltr'>(h.</span> <span class='ocrx_word' id='word_1_514' title='bbox 1392 2265 1419 2286; x_wconf 86' lang='lat' dir='ltr'>e.</span> <span class='ocrx_word' id='word_1_515' title='bbox 1447 2255 1573 2297; x_wconf 85' lang='lat' dir='ltr'>quando</span> <span class='ocrx_word' id='word_1_516' title='bbox 1593 2256 1774 2297; x_wconf 72' lang='lat' dir='ltr'>reipublicae</span> 
     </span>
     <span class='ocr_line' id='line_1_89' title="bbox 1010 2298 1774 2341; baseline 0.005 -11"><span class='ocrx_word' id='word_1_517' title='bbox 1010 2300 1184 2341; x_wconf 87' lang='lat' dir='ltr'>periculum</span> <span class='ocrx_word' id='word_1_518' title='bbox 1207 2298 1366 2339; x_wconf 84' lang='lat' dir='ltr'>imminet)</span> <span class='ocrx_word' id='word_1_519' title='bbox 1391 2300 1446 2330; x_wconf 71' lang='lat' dir='ltr'>suh</span> <span class='ocrx_word' id='word_1_520' title='bbox 1469 2301 1535 2330; x_wconf 84' lang='lat' dir='ltr'>divo</span> <span class='ocrx_word' id='word_1_521' title='bbox 1556 2300 1665 2341; x_wconf 78' lang='lat' dir='ltr'>agat,‘&#39;</span> <span class='ocrx_word' id='word_1_522' title='bbox 1687 2302 1774 2334; x_wconf 84' lang='lat' dir='ltr'>haud</span> 
     </span>
     <span class='ocr_line' id='line_1_90' title="bbox 1011 2341 1772 2384; baseline 0 -10"><span class='ocrx_word' id='word_1_523' title='bbox 1011 2344 1088 2374; x_wconf 86' lang='lat' dir='ltr'>mihi</span> <span class='ocrx_word' id='word_1_524' title='bbox 1103 2342 1247 2384; x_wconf 84' lang='lat' dir='ltr'>religioni</span> <span class='ocrx_word' id='word_1_525' title='bbox 1262 2341 1341 2373; x_wconf 87' lang='lat' dir='ltr'>duxi</span> <span class='ocrx_word' id='word_1_526' title='bbox 1353 2352 1424 2373; x_wconf 86' lang='lat' dir='ltr'>eam</span> <span class='ocrx_word' id='word_1_527' title='bbox 1443 2341 1557 2381; x_wconf 85' lang='lat' dir='ltr'>delere,</span> <span class='ocrx_word' id='word_1_528' title='bbox 1579 2353 1638 2375; x_wconf 81' lang='lat' dir='ltr'>nec</span> <span class='ocrx_word' id='word_1_529' title='bbox 1659 2355 1698 2376; x_wconf 87' lang='lat' dir='ltr'>ea</span> <span class='ocrx_word' id='word_1_530' title='bbox 1717 2345 1772 2378; x_wconf 87' lang='lat' dir='ltr'>de.</span> 
     </span>
     <span class='ocr_line' id='line_1_91' title="bbox 1010 2383 1772 2426; baseline 0.005 -9"><span class='ocrx_word' id='word_1_531' title='bbox 1010 2387 1074 2418; x_wconf 77' lang='lat' dir='ltr'>leta</span> <span class='ocrx_word' id='word_1_532' title='bbox 1088 2396 1139 2416; x_wconf 87' lang='lat' dir='ltr'>me</span> <span class='ocrx_word' id='word_1_533' title='bbox 1154 2386 1217 2416; x_wconf 89' lang='lat' dir='ltr'>vim</span> <span class='ocrx_word' id='word_1_534' title='bbox 1232 2385 1342 2417; x_wconf 70' lang='lat' dir='ltr'>fecisse</span> <span class='ocrx_word' id='word_1_535' title='bbox 1355 2391 1456 2426; x_wconf 82' lang='lat' dir='ltr'>poetae</span> <span class='ocrx_word' id='word_1_536' title='bbox 1470 2383 1602 2426; x_wconf 75' lang='lat' dir='ltr'>&#39;putavi5</span> <span class='ocrx_word' id='word_1_537' title='bbox 1624 2397 1772 2420; x_wconf 74' lang='lat' dir='ltr'>caeterum</span> 
     </span>
     <span class='ocr_line' id='line_1_92' title="bbox 1011 2429 1774 2471; baseline 0.005 -11"><span class='ocrx_word' id='word_1_538' title='bbox 1011 2440 1073 2471; x_wconf 85' lang='lat' dir='ltr'>qua</span> <span class='ocrx_word' id='word_1_539' title='bbox 1081 2429 1132 2460; x_wconf 87' lang='lat' dir='ltr'>hic</span> <span class='ocrx_word' id='word_1_540' title='bbox 1144 2439 1249 2460; x_wconf 86' lang='lat' dir='ltr'>versus</span> <span class='ocrx_word' id='word_1_541' title='bbox 1260 2439 1407 2460; x_wconf 83' lang='lat' dir='ltr'>mensura</span> <span class='ocrx_word' id='word_1_542' title='bbox 1420 2436 1557 2462; x_wconf 83' lang='lat' dir='ltr'>ususest</span> <span class='ocrx_word' id='word_1_543' title='bbox 1577 2438 1669 2470; x_wconf 84' lang='lat' dir='ltr'>poeta</span> <span class='ocrx_word' id='word_1_544' title='bbox 1681 2445 1706 2464; x_wconf 73' lang='lat' dir='ltr'>z.</span> <span class='ocrx_word' id='word_1_545' title='bbox 1723 2434 1774 2464; x_wconf 67' lang='lat' dir='ltr'>Vi·</span> 
     </span>
     <span class='ocr_line' id='line_1_93' title="bbox 1010 2471 1773 2515; baseline 0.003 -10"><span class='ocrx_word' id='word_1_546' title='bbox 1010 2481 1135 2514; x_wconf 81' lang='lat' dir='ltr'>tamque</span> <span class='ocrx_word' id='word_1_547' title='bbox 1149 2474 1203 2504; x_wconf 82' lang='lat' dir='ltr'>sub</span> <span class='ocrx_word' id='word_1_548' title='bbox 1219 2475 1252 2504; x_wconf 85' lang='lat' dir='ltr'>di</span> <span class='ocrx_word' id='word_1_549' title='bbox 1268 2471 1276 2515; x_wconf 88' lang='grc' dir='ltr'>Ι</span> <span class='ocrx_word' id='word_1_550' title='bbox 1294 2484 1328 2504; x_wconf 88' lang='lat' dir='ltr'>vo</span> <span class='ocrx_word' id='word_1_551' title='bbox 1343 2474 1467 2513; x_wconf 74' lang='lat' dir='ltr'>trepidis</span> <span class='ocrx_word' id='word_1_552' title='bbox 1480 2480 1562 2514; x_wconf 78' lang='lat' dir='ltr'>agat,</span> <span class='ocrx_word' id='word_1_553' title='bbox 1585 2473 1694 2506; x_wconf 80' lang='lat' dir='ltr'>eadem</span> <span class='ocrx_word' id='word_1_554' title='bbox 1716 2475 1773 2507; x_wconf 85' lang='lat' dir='ltr'>ali-</span> 
     </span>
     <span class='ocr_line' id='line_1_94' title="bbox 1011 2515 1771 2558; baseline 0.003 -10"><span class='ocrx_word' id='word_1_555' title='bbox 1011 2517 1040 2548; x_wconf 88' lang='lat' dir='ltr'>bi</span> <span class='ocrx_word' id='word_1_556' title='bbox 1067 2526 1192 2558; x_wconf 89' lang='lat' dir='ltr'>quoque</span> <span class='ocrx_word' id='word_1_557' title='bbox 1218 2516 1336 2554; x_wconf 86' lang='lat' dir='ltr'>utitur;</span> <span class='ocrx_word' id='word_1_558' title='bbox 1374 2515 1418 2547; x_wconf 92' lang='lat' dir='ltr'>sic</span> <span class='ocrx_word' id='word_1_559' title='bbox 1444 2516 1516 2547; x_wconf 87' lang='lat' dir='ltr'>infr.</span> <span class='ocrx_word' id='word_1_560' title='bbox 1547 2516 1686 2549; x_wconf 81' lang='lat' dir='ltr'><strong>1v.·14·.</strong></span> <span class='ocrx_word' id='word_1_561' title='bbox 1718 2517 1771 2555; x_wconf 47' lang='lat'>172</span> 
     </span>
     <span class='ocr_line' id='line_1_95' title="bbox 1010 2559 1612 2603; baseline -0.002 -11"><span class='ocrx_word' id='word_1_562' title='bbox 1010 2562 1198 2601; x_wconf 57' lang='lat' dir='ltr'>&amp;necandus</span> <span class='ocrx_word' id='word_1_563' title='bbox 1212 2561 1246 2591; x_wconf 80' lang='lat' dir='ltr'>in</span> <span class='ocrx_word' id='word_1_564' title='bbox 1261 2571 1312 2591; x_wconf 84' lang='lat' dir='ltr'>cer</span> <span class='ocrx_word' id='word_1_565' title='bbox 1329 2559 1337 2603; x_wconf 83' lang='grc' dir='ltr'>Ι</span> <span class='ocrx_word' id='word_1_566' title='bbox 1355 2562 1471 2592; x_wconf 81' lang='lat' dir='ltr'>tamine</span> <span class='ocrx_word' id='word_1_567' title='bbox 1485 2562 1612 2592; x_wconf 76' lang='lat' dir='ltr'>Marcio.</span> 
     </span>
    </p>

    <p class='ocr_par' dir='ltr' id='par_1_17' title="bbox 1005 2601 1771 3003">
     <span class='ocr_line' id='line_1_96' title="bbox 1052 2601 1771 2647; baseline 0.008 -15"><span class='ocrx_word' id='word_1_568' title='bbox 1052 2615 1080 2633; x_wconf 92' lang='lat' dir='ltr'>v.</span> <span class='ocrx_word' id='word_1_569' title='bbox 1107 2601 1223 2633; x_wconf 75' lang='lat'><strong>6—12.</strong></span> <span class='ocrx_word' id='word_1_570' title='bbox 1253 2603 1381 2644; x_wconf 85' lang='lat' dir='ltr'>Juuge:</span> <span class='ocrx_word' id='word_1_571' title='bbox 1418 2605 1569 2635; x_wconf 71' lang='lat' dir='ltr'>Matrona</span> <span class='ocrx_word' id='word_1_572' title='bbox 1595 2605 1771 2647; x_wconf 87' lang='lat' dir='ltr'>(honestius</span> 
     </span>
     <span class='ocr_line' id='line_1_97' title="bbox 1008 2647 1770 2688; baseline 0.005 -12"><span class='ocrx_word' id='word_1_573' title='bbox 1008 2657 1083 2687; x_wconf 82' lang='lat' dir='ltr'>pro:</span> <span class='ocrx_word' id='word_1_574' title='bbox 1111 2647 1204 2686; x_wconf 87' lang='lat' dir='ltr'>uxor)</span> <span class='ocrx_word' id='word_1_575' title='bbox 1221 2653 1249 2677; x_wconf 83' lang='lat' dir='ltr'>et</span> <span class='ocrx_word' id='word_1_576' title='bbox 1272 2648 1380 2678; x_wconf 78' lang='lat' dir='ltr'>adulta</span> <span class='ocrx_word' id='word_1_577' title='bbox 1402 2648 1485 2688; x_wconf 82' lang='lat' dir='ltr'>virgo</span> <span class='ocrx_word' id='word_1_578' title='bbox 1508 2647 1598 2688; x_wconf 70' lang='lat' dir='ltr'>(prot</span> <span class='ocrx_word' id='word_1_579' title='bbox 1625 2647 1690 2680; x_wconf 75' lang='lat' dir='ltr'>filia</span> <span class='ocrx_word' id='word_1_580' title='bbox 1711 2660 1770 2682; x_wconf 77' lang='lat' dir='ltr'>nu·</span> 
     </span>
     <span class='ocr_line' id='line_1_98' title="bbox 1009 2689 1768 2736; baseline 0.004 -14"><span class='ocrx_word' id='word_1_581' title='bbox 1009 2689 1092 2731; x_wconf 88' lang='lat' dir='ltr'>bilis)</span> <span class='ocrx_word' id='word_1_582' title='bbox 1108 2691 1248 2722; x_wconf 76' lang='lat' dir='ltr'>bellantis</span> <span class='ocrx_word' id='word_1_583' title='bbox 1270 2692 1398 2731; x_wconf 82' lang='lat' dir='ltr'>tyranni</span> <span class='ocrx_word' id='word_1_584' title='bbox 1415 2691 1599 2731; x_wconf 71' lang='lat' dir='ltr'>prospiciens</span> <span class='ocrx_word' id='word_1_585' title='bbox 1614 2693 1702 2724; x_wconf 82' lang='lat' dir='ltr'>illum</span> <span class='ocrx_word' id='word_1_586' title='bbox 1719 2695 1768 2736; x_wconf 84' lang='lat' dir='ltr'>(h.</span> 
     </span>
     <span class='ocr_line' id='line_1_99' title="bbox 1009 2732 1770 2778; baseline 0.001 -14"><span class='ocrx_word' id='word_1_587' title='bbox 1009 2744 1034 2764; x_wconf 89' lang='lat' dir='ltr'>e.</span> <span class='ocrx_word' id='word_1_588' title='bbox 1055 2741 1117 2764; x_wconf 84' lang='lat' dir='ltr'>tam</span> <span class='ocrx_word' id='word_1_589' title='bbox 1133 2733 1267 2775; x_wconf 83' lang='lat' dir='ltr'>egregiae</span> <span class='ocrx_word' id='word_1_590' title='bbox 1286 2733 1478 2764; x_wconf 83' lang='lat' dir='ltr'>fortitudinis</span> <span class='ocrx_word' id='word_1_591' title='bbox 1500 2732 1647 2776; x_wconf 81' lang='lat' dir='ltr'>militem)</span> <span class='ocrx_word' id='word_1_592' title='bbox 1670 2739 1770 2778; x_wconf 65' lang='grc' dir='ltr'>,σαφὲ-</span> 
     </span>
     <span class='ocr_line' id='line_1_100' title="bbox 1007 2776 1768 2820; baseline 0.005 -14"><span class='ocrx_word' id='word_1_593' title='bbox 1007 2784 1074 2809; x_wconf 84' lang='lat' dir='ltr'>ret:</span> <span class='ocrx_word' id='word_1_594' title='bbox 1103 2776 1301 2818; x_wconf 86' lang='lat' dir='ltr'>(suspirando</span> <span class='ocrx_word' id='word_1_595' title='bbox 1323 2777 1357 2807; x_wconf 85' lang='lat' dir='ltr'>in</span> <span class='ocrx_word' id='word_1_596' title='bbox 1378 2777 1446 2807; x_wconf 83' lang='lat' dir='ltr'>haec</span> <span class='ocrx_word' id='word_1_597' title='bbox 1468 2778 1560 2808; x_wconf 82' lang='lat' dir='ltr'>verba</span> <span class='ocrx_word' id='word_1_598' title='bbox 1585 2787 1730 2819; x_wconf 75' lang='lat' dir='ltr'>erumpat</span> <span class='ocrx_word' id='word_1_599' title='bbox 1740 2781 1768 2820; x_wconf 68' lang='grc' dir='ltr'>ε.)</span> 
     </span>
     <span class='ocr_line' id='line_1_101' title="bbox 1007 2821 1769 2864; baseline 0.004 -12"><span class='ocrx_word' id='word_1_600' title='bbox 1007 2823 1082 2852; x_wconf 79' lang='lat' dir='ltr'>eheu</span> <span class='ocrx_word' id='word_1_601' title='bbox 1096 2822 1111 2851; x_wconf 93' lang='lat'><em>!</em></span> <span class='ocrx_word' id='word_1_602' title='bbox 1138 2832 1177 2851; x_wconf 77' lang='lat' dir='ltr'>ne</span> <span class='ocrx_word' id='word_1_603' title='bbox 1192 2827 1262 2850; x_wconf 83' lang='lat' dir='ltr'>cett.</span> <span class='ocrx_word' id='word_1_604' title='bbox 1341 2821 1537 2861; x_wconf 78' lang='lat' dir='ltr'>prospiciens,</span> <span class='ocrx_word' id='word_1_605' title='bbox 1555 2827 1590 2851; x_wconf 86' lang='lat' dir='ltr'>ut</span> <span class='ocrx_word' id='word_1_606' title='bbox 1607 2824 1769 2864; x_wconf 78' lang='lat' dir='ltr'>Antigone</span> 
     </span>
     <span class='ocr_line' id='line_1_102' title="bbox 1009 2862 1770 2904; baseline 0.003 -10"><span class='ocrx_word' id='word_1_607' title='bbox 1009 2874 1026 2894; x_wconf 90' lang='lat' dir='ltr'>e</span> <span class='ocrx_word' id='word_1_608' title='bbox 1042 2862 1371 2894; x_wconf 84' lang='lat' dir='ltr'>moenibus-Thebanis</span> <span class='ocrx_word' id='word_1_609' title='bbox 1393 2863 1478 2904; x_wconf 85' lang='lat' dir='ltr'>apud</span> <span class='ocrx_word' id='word_1_610' title='bbox 1501 2863 1646 2904; x_wconf 84' lang='lat' dir='ltr'>Euripid.</span> <span class='ocrx_word' id='word_1_611' title='bbox 1674 2865 1770 2903; x_wconf 72' lang='lat' dir='ltr'>Phoe,</span> 
     </span>
     <span class='ocr_line' id='line_1_103' title="bbox 1005 2906 1768 2947; baseline 0.005 -10"><span class='ocrx_word' id='word_1_612' title='bbox 1005 2907 1077 2938; x_wconf 85' lang='lat' dir='ltr'>niss.</span> <span class='ocrx_word' id='word_1_613' title='bbox 1109 2906 1160 2937; x_wconf 89' lang='grc'>90.</span> <span class='ocrx_word' id='word_1_614' title='bbox 1189 2906 1227 2938; x_wconf 81' lang='lat' dir='ltr'>cf.</span> <span class='ocrx_word' id='word_1_615' title='bbox 1261 2906 1361 2938; x_wconf 91' lang='lat' dir='ltr'>Hom.</span> <span class='ocrx_word' id='word_1_616' title='bbox 1390 2906 1480 2938; x_wconf 86' lang='lat' dir='ltr'>Iliad.</span> <span class='ocrx_word' id='word_1_617' title='bbox 1511 2907 1580 2939; x_wconf 90' lang='lat'>111.</span> <span class='ocrx_word' id='word_1_618' title='bbox 1603 2907 1672 2945; x_wconf 66' lang='lat'>154,</span> <span class='ocrx_word' id='word_1_619' title='bbox 1697 2909 1768 2947; x_wconf 78' lang='lat' dir='ltr'>He,</span> 
     </span>
     <span class='ocr_line' id='line_1_104' title="bbox 1005 2947 1765 3003; baseline 0.009 -23"><span class='ocrx_word' id='word_1_620' title='bbox 1005 2950 1081 2982; x_wconf 91' lang='lat' dir='ltr'>siod.</span> <span class='ocrx_word' id='word_1_621' title='bbox 1104 2951 1188 2982; x_wconf 88' lang='lat' dir='ltr'>Scut.</span> <span class='ocrx_word' id='word_1_622' title='bbox 1211 2950 1307 2981; x_wconf 87' lang='lat' dir='ltr'>Herc.</span> <span class='ocrx_word' id='word_1_623' title='bbox 1324 2948 1395 2981; x_wconf 77' lang='lat'><strong>241.</strong></span> <span class='ocrx_word' id='word_1_624' title='bbox 1482 2953 1568 2983; x_wconf 81' lang='lat' dir='ltr'>rudis</span> <span class='ocrx_word' id='word_1_625' title='bbox 1590 2947 1765 3003; x_wconf 58' lang='lat' dir='ltr'>agminum,</span> 
     </span>
    </p>
   </div>
  </div>
 </body>
</html>
