1904 3250
155 174 248 214 472-

784 173 1094 216 HORATII

1548 174 1672 223 [Lm.
1692 182 1726 211 1.

742 390 1054 435 EPISTOLA
1088 391 1147 432 X.

644 531 714 564 AD
748 532 948 565 FUSCUM
982 530 1240 563 ARISTIUM.

275 661 422 703 Unius
443 667 674 702 amatorem
699 659 885 702 Fuscum
906 660 1067 702 salvere
1083 659 1283 717 jubemus

277 732 405 772 Ruris
427 738 650 782 amatores,
671 730 753 773 hac
774 732 818 772 in
839 746 885 773 re
908 731 1066 773 scilicet
1085 746 1171 772 una

275 803 464 844 Multum
485 802 723 854 dissimiles,
746 803 802 845 ad
822 811 980 845 caetera
998 818 1122 859 paene
1141 801 1325 861 gemelli,

273 873 309 914 F
311 873 488 914 raternis
510 873 674 924 animis,
697 873 901 930 quicquid
920 880 1049 931 negat
1069 872 1188 923 alter,
1211 879 1254 914 et
1273 871 1379 914 alter
1395 888 1406 921 3

215 946 240 983 5
274 943 515 984 Annuimus
536 943 696 998 pariter
716 942 847 984 vetuli
868 943 1042 1000 notique
1064 941 1262 984 columbi.

272 1014 343 1056 Tu
364 1015 512 1056 nidum
534 1029 689 1066 servaS‚
712 1030 794 1073 ego
814 1014 944 1057 laudo
967 1015 1078 1057 ruris
1099 1015 1255 1069 amoeni

275 1085 420 1136 Rivos‚
443 1094 486 1127 et
505 1100 653 1127 musco
674 1085 913 1128 circumlita
933 1100 1050 1136 saxa,
1073 1099 1320 1142 nemusque.

274 1156 392 1206 Quid
416 1156 605 1214 quaeris?
634 1157 732 1199 vivo
753 1165 796 1199 et
816 1173 963 1216 regno,
987 1157 1112 1199 simul
1133 1157 1213 1199 ista
1232 1155 1398 1214 reliqui,
1422 1189 1428 1198 .

275 1229 386 1279 Quae
406 1245 481 1271 vos
501 1229 558 1271 ‘ad
579 1229 736 1271 coelum
757 1230 916 1272 effertis
937 1245 1110 1272 rumore
1131 1228 1332 1280 secundo,

189 1307 239 1344 10
273 1303 418 1361 thue
439 1303 668 1346 sacerdotis
689 1304 890 1362 fugitivus
915 1304 1021 1355 liba,
1046 1319 1223 1346 recuso:

380 1442 629 1475 EPISTOLA
654 1443 700 1474 X.

339 1531 394 1561 An
420 1525 557 1562 Fuscum
584 1531 765 1562 Aius-nun.

209 1617 301 1647 Dum
327 1615 486 1648 Horatius
507 1617 542 1647 in
563 1619 623 1648 hac
637 1617 777 1657 epistola,
793 1627 827 1648 se
841 1616 946 1648 vitam>

159 1660 306 1691 rusticam
321 1660 396 1691 vitae
410 1661 549 1698 111-11011111,
569 1662 635 1692 sive
655 1661 728 1692 vitae
750 1660 933 1700 simplicite»

160 1711 224 1734 tem
240 1709 371 1735 externo
392 1703 552 1744 splendori
576 1705 673 1746 longe
686 1704 845 1744 praeferre,
859 1713 946 1744 pro-⁴

162 1747 275 1784 fitetur,
291 1747 325 1778 in
340 1749 400 1778 hac
414 1757 480 1779 una
494 1758 529 1779 re
548 1750 588 1779 ab
609 1747 712 1779 amico
732 1758 792 1778 suo
817 1748 933 1784 Fusco,

135 1822 137 1825 ,
161 1790 248 1822 urbis
268 1798 419 1829 amatore,
449 1802 484 1822 se
512 1792 690 1832 discrepare
711 1791 826 1822 scribit-
880 1791 935 1822 Ad

161 1835 316 1867 Aristium
339 1837 496 1871 Fuscum,
526 1835 778 1877 grammaticum,
808 1841 935 1874 poetam

161 1886 193 1908 et
215 1884 382 1914 oratorem,
407 1879 522 1919 scripta
535 1889 664 1920 quoque
686 1885 733 1909 est
753 1878 826 1909 libri
841 1877 936 1919 primi

165 1921 240 1953 Oda
254 1921 407 1963 vigesima
421 1922 572 1953 secunda.

204 1976 234 1996 v.
255 1963 285 2003 1,
301 1965 332 1996 2.
365 1967 458 1998 Urbis
477 1972 649 1998 amtorem
662 1982 707 1991 —
723 1967 823 1998 Ruris
843 1976 936 1996 ama-

165 2016 255 2046 tores,
279 2009 411 2049 pulchre
432 2009 491 2040 sibi
513 2009 707 2050 respondent
720 2009 889 2046 conti-aria,
902 2009 937 2038 in

163 2054 267 2093 primo
294 2053 366 2084 loeo
403 2053 542 2084 duorum
574 2054 751 2094 primorum
787 2062 937 2084 versuum

164 2102 275 2136 posna-

180 2167 185 2171 .
208 2151 238 2170 v.
256 2139 288 2171 3.
314 2150 391 2179 pro:
418 2143 460 2172 ad
480 2147 592 2173 caetera
618 2139 720 2172 Codd.
737 2140 940 2181 quorundam

165 2184 351 2218 auctoritate
390 2186 555 2216 Bemleius
590 2183 724 2224 recepit:
765 2190 797 2215 at
827 2190 941 2221 cetera,

166 2228 253 2269 quod
267 2237 340 2258 vero
354 2227 395 2258 ad
410 2236 512 2259 cetera
524 2228 658 2265 minen
682 2238 747 2259 non
761 2238 832 2258 raro
846 2234 941 2264 certe,

167 2277 205 2302 ut
218 2271 365 2311 exempla
377 2282 398 2302 a
411 2274 552 2304 Bemleio
575 2270 671 2302 allata
691 2271 816 2310 docent,
840 2277 940 2303 cetera

168 2314 354 2354 simpliciter
381 2325 459 2355 pro:

236 2358 244 2364 ·
303 2357 314 2388 ι
498 2315 587 2356 quod
615 2315 657 2345 ad
686 2322 789 2346 cetera
817 2315 940 2352 attinet,

170 2368 247 2399 pom
267 2368 303 2389 so
315 2365 356 2390 et.

444 2361 577 2400 gemelli,
604 2358 768 2394 simillimi,
787 2365 825 2389 ut
845 2368 942 2398 supra

173 2403 237 2434 Sat.
257 2402 288 2433 Ι.
301 2401 334 2433 3.
349 2400 404 2433 44«.
426 2413 487 2444 par
500 2403 600 2434 nobile
608 2403 771 2443 fratrum,
789 2404 941 2443 Nequitia

169 2453 200 2478 at
215 2448 308 2487 nugis
314 2457 490 2487 pravorum
503 2452 534 2478 et
548 2457 653 2478 amore
671 2448 850 2487 gemellum.

214 2501 243 2521 v.
261 2488 293 2519 4«.
320 2492 488 2521 Fraternis
509 2491 637 2527 animis,
659 2489 779 2527 amicis,
808 2489 865 2530 qui
890 2489 940 2518 in-

171 2534 250 2564 timo
264 2543 372 2564 amore
385 2544 420 2564 se
433 2533 569 2564 invicem
589 2533 855 2573 complecmntur,
865 2533 944 2573 fia-

172 2579 255 2608 terni
267 2579 369 2608 animi
389 2578 591 2614 tribuuntur-3
615 2583 647 2607 et
668 2577 742 2607 111110
763 2577 884 2606 intimae
909 2586 942 2606 a.

173 2619 301 2651 micitia
321 2620 427 2651 foedus
453 2631 548 2661 supra
571 2621 674 2660 Epist.
695 2620 727 2650 3.
746 2630 776 2650 v.
795 2618 847 2650 35.
861 2620 942 2661 fra-

173 2666 416 2705 ternumfoedus
429 2663 554 2695 dicitur.
624 2670 655 2695 et
668 2666 757 2701 alter,
771 2673 814 2693 sc.
834 2669 939 2703 negat.

218 2718 246 2738 v.
265 2707 297 2738 5.
323 2710 508 2740 Annuimus
519 2709 647 2749 pariter.
662 2707 689 2737 si
703 2707 782 2738 alter
796 2708 848 2741 ait,
865 2706 944 2736 alter

175 2761 302 2792 quoque
329 2751 384 2789 ait,
413 2752 492 2784 alter
516 2751 605 2783 alteri
634 2751 667 2781 in
698 2750 785 2781 omni
814 2760 849 2780 re
877 2749 945 2789 pari

175 2795 273 2826 modo
293 2795 427 2835 annuit3
450 2801 563 2836 01101110
583 2794 736 2826 succurrit
755 2793 837 2824 illud
856 2793 946 2824 Gna-

177 2839 283 2869 thenis
303 2839 390 2879 apud
420 2840 548 2871 Terent.
581 2838 733 2870 Eunuch.
760 2837 811 2868 ΙΙ.
836 2836 867 2867 2.
887 2836 941 2867 21.

178 2883 324 2922 quamvis
336 2884 371 2913 in
385 2882 530 2914 dissimili
543 2892 596 2913 re:
625 2884 730 2923 Negat
750 2883 831 2922 quis,
853 2892 942 2921 nego,

180 2927 239 2962 aa,
250 2928 309 2957 nio.
400 2929 496 2959 vetuli
509 2928 634 2968 notiqtoe
656 2926 809 2962 columbi,
842 2924 948 2955 omisit

183 2968 349 3007 Horatius,
365 2978 401 3002 ut
415 2981 506 3011 saepe,
522 2969 707 3011 particulam
720 2967 946 3009 comparandi·

974 1446 1079 1482 veluti,
1101 1444 1203 1480 sicuti,
1226 1442 1289 1473 vid.
1308 1451 1403 1482 supra
1414 1441 1455 1472 ad
1471 1441 1576 1481 Epist.
1596 1440 1623 1471 Ι.
1643 1439 1674 1470 2.
1692 1439 1746 1471 42.

974 1498 1086 1518 sensus
1099 1487 1216 1528 1311111.
1242 1485 1340 1516 veluti
1362 1487 1458 1518 vetuli
1470 1487 1597 1526 notique
1610 1486 1748 1516 columbi

981 1530 1138 1572 (intellige
1170 1530 1390 1561 columbarum
1427 1530 1497 1568 par)
1526 1528 1660 1558 invicem
1690 1527 1748 1559 sibi

980 1585 1121 1606 annuere
1143 1574 1265 1611 solent3
1352 1574 1428 1610 noti,
1449 1570 1680 1603 consuetudine
1701 1572 1751 1602 in-

981 1618 1082 1649 vicem
1097 1617 1156 1649 sibi
1169 1616 1245 1647 facti
1260 1616 1339 1654 noti,
1354 1622 1387 1647 et
1405 1621 1535 1647 mutuo
1539 1623 1649 1645 11111010
1668 1615 1751 1645 inter

977 1672 1011 1692 se
1028 1661 1153 1702 juncfi3
1176 1662 1328 1692 notissimi
1352 1661 1436 1692 inter
1457 1669 1488 1691 se
1510 1658 1596 1699 apud
1619 1657 1750 1689 Livium

1021 1759 1050 1778 v.
1067 1748 1101 1779 6,
1133 1751 1185 1781 Tu
1199 1749 1314 1779 nid-un
1332 1756 1446 1784 servos,
1461 1747 1697 1778 accommodate
1709 1745 1752 1777 ad

978 1792 1154 1823 institutum
1192 1790 1459 1830 comparationem
1498 1791 1612 1822 nidmu
1642 1790 1755 1830 *posuit

978 1846 1055 1876 pro:
1090 1838 1178 1871 urbe,
1209 1833 1265 1865 ubi
1288 1834 1420 1869 Fuscus,
1442 1832 1525 1864 sicut
1542 1833 1696 1866 odumbn
1717 1830 1759 1864 11ιὲ

978 1879 1056 1910 nido
1068 1879 1138 1910 ovis
1152 1879 1314 1914 incubans,
1329 1878 1478 1908 herebat.
1613 1893 1616 1899 ·

1023 1933 1053 1953 v.
1066 1921 1097 1953 7.
1125 1924 1219 1954 Rioos
1234 1927 1264 1952 et
1277 1932 1386 1953 musco
1400 1926 1488 1957 αα,
1502 1930 1612 1951 versus

979 1966 1139 2005 tissimus3
1162 1965 1204 1996 cf.
1221 1964 1369 2004 supraad
1385 1963 1450 1995 Sat.
1469 1964 1499 1995 Ι.
1520 1962 1549 1995 l.
1570 1962 1650 1996 114.»

1023 2021 1053 2040 v.
1081 2008 1202 2041 8-10,
1232 2010 1317 2044 Quid
1337 2007 1480 2050 qumis?
1509 2017 1552 2038 ne
1571 2006 1755 2039 1111111ιέ-

981 2056 1047 2087 vivo
1060 2060 1091 2085 et
1104 2065 1200 2094 regno
1214 2058 1302 2090 cett,
1319 2051 1451 2083 simulac
1463 2051 1523 2082 isui
1535 2051 1608 2083 vitae
1622 2053 1754 2082 nunnae

982 2097 1158 2133 commoda,
1180 2106 1255 2137 quae
1276 2105 1331 2126 vos
1356 2095 1444 2126 urbis
1461 2101 1618 2126 tumre·
1635 2094 1679 2126 ad
1691 2103 1754 2125 cm·

983 2141 1053 2172 lum
1075 2149 1176 2182 usque
1195 2138 1353 2175 extonitis,
1369 2144 1403 2170 et
1414 2147 1488 2180 qun
1508 2148 1579 2180 ego,
1595 2146 1633 2170 ut
1645 2146 1754 2168 servus

983 2184 1139 2227 fugitivus
1152 2182 1321 2215 mcerdotis
1334 2182 1408 2220 liba,
1427 2187 1606 2218 contemno,
1628 2183 1753 2222 reliqui,

987 2228 1135 2278 (simulac
1156 2237 1196 2258 ex
1219 2228 1296 2258 urbe
1317 2235 1372 2257 rus
1393 2225 1519 2266 secessi)
1535 2225 1638 2256 mhi·
1627 2235 1662 2255 m
1678 2224 1754 2255 villa

984 2282 1056 2303 mea
1077 2271 1148 2302 vivo
1168 2271 1276 2312 ibique
1296 2279 1406 2311 regno,
1428 2278 1487 2308 pro
1511 2268 1610 2299 animi
1622 2268 1688 2298 mei
1702 2277 1754 2299 ar-

984 2316 1078 2347 bitrio
1091 2315 1199 2346 omnia
1211 2314 1313 2351 faci03
1337 2312 1480 2344 similiter
1500 2311 1567 2343 fere
1590 2311 1756 2343 Menalcas

985 2360 1071 2399 apud
1087 2358 1202 2400 virgil.
1217 2357 1331 2398 Eclog.
1352 2357 1381 2387 1.
1398 2354 1452 2387 70.
1470 2365 1574 2397 agros,
1587 2364 1668 2396 quos
1681 2364 1756 2395 pos-

984 2404 1116 2440 sederat,
1130 2412 1227 2443 regna
1241 2412 1300 2432 sua
1313 2405 1413 2431 vocat.
1465 2409 1591 2431 mmor-e
1605 2401 1753 2436 secundo,

987 2447 1078 2488 Virg.
1098 2446 1175 2477 AEn.
1198 2444 1239 2475 V.
1260 2442 1337 2475 491.
1359 2445 1492 2475 clamore
1511 2444 1654 2474 seeundo.
1682 2443 1751 2474 Cic.

987 2490 1082 2521 Tusc.
1103 2489 1223 2526 Quaest.
1239 2488 1290 2519 11.
1311 2485 1340 2518 l.
1369 2488 1482 2528 populo
1504 2488 1649 2522 secundo,
1673 2486 1705 2516 11.
1723 2495 1752 2516 0.

985 2535 1136 2574 probante
1149 2538 1182 2563 et
1195 2531 1320 2562 favente
1333 2530 1462 2571 populo.

1030 2587 1059 2608 v.
1089 2575 1139 2607 10.
1183 2575 1286 2616 thue
1307 2576 1424 2606 saoerd.
1435 2574 1471 2616 f
1488 2574 1616 2608 ἰὸὸα,-
1631 2573 1692 2604 liba
1710 2582 1755 2603 ex

985 2620 1078 2657 farre,
1093 2618 1200 2656 mene,
1213 2625 1246 2650 01
1259 2618 1330 2649 oleo
1343 2617 1495 2651 confecta,
1510 2626 1586 2657 quae
1606 2616 1641 2646 in
1661 2616 1761 2647 saa-ia

985 2664 1197 2695 offerebantur
1209 2661 1279 2698 diis,
1297 2661 1427 2692 Baccho
1440 2659 1554 2702 (Ovid.
1575 2660 1659 2691 Fast.
1677 2659 1752 2691 111.

987 2706 1092 2748 735.),
1109 2705 1226 2742 Cereri.
1246 2705 1327 2737 Pani
1341 2710 1427 2741 een„
1442 2713 1517 2735 cum
1537 2703 1577 2734 ud
1599 2713 1633 2734 se
1654 2710 1756 2734 trans-

986 2751 1104 2782 ferrent
1119 2749 1304 2786 sacerdotes,
1318 2755 1405 2779 mma
1426 2747 1462 2778 in
1483 2757 1593 2779 eorum
1605 2746 1759 2778 domibus

987 2795 1050 2825 fuit
1063 2794 1199 2825 liborum
1213 2792 1313 2832 eopia,
1329 2797 1367 2822 ut
1379 2790 1434 2822 illa
1447 2791 1543 2822 servia
1561 2789 1763 2822 comedend-

987 2839 1205 2878 praeberentur.
1257 2835 1320 2866 Sed
1345 2835 1424 2865 servi
1445 2834 1665 2872 sacerdotum,
1680 2843 1763 2865 eum

988 2892 1042 2912 eos
1060 2886 1184 2920 caperet
1208 2879 1304 2920 hujus
1326 2878 1503 2919 quotidiani
1521 2878 1584 2910 cibi
1610 2870 1755 2914 milium

989 2926 1173 2956 recusabant
1195 2924 1266 2959 liba,
1293 2923 1324 2953 h.
1343 2933 1372 2953 e.
1399 2923 1559 2954 malebam.
1579 2921 1758 2964 fugeoe,et

990 2979 1071 3008 pane
1085 2967 1200 3008 potius,
1215 2977 1311 3008 quam
1327 2965 1396 2997 libis
1410 2966 1503 2999 vesci.
