1904 3250
200 183 285 222 450

835 179 1146 223 HORATII

1620 186 1730 235 [Lm.
1754 198 1786 228 1.

322 306 386 349 Ut
398 307 596 365 jugulent
616 306 822 356 homines,
846 312 1027 363 surgunt
1046 306 1100 348 de
1120 314 1243 348 nocte
1263 307 1471 358 latrones;

322 378 384 420 Ut
405 387 447 420 te
468 379 607 434 ipsum
629 391 782 427 serves,
805 391 892 417 non
913 375 1250 434 expergisceris?
1279 379 1394 435 atqui

321 449 366 491 Si
385 448 504 490 noles
527 462 666 498 sanuS,
689 461 834 489 curres
854 446 1139 504 hydropicus:
1171 455 1226 498 et,
1247 448 1293 489 ni

225 525 281 563 35
315 522 470 564 Posces
491 528 588 562 ante
608 521 723 562 diem
741 520 899 562 librum
920 536 1017 563 cum
1038 521 1210 572 lumine,
1233 521 1269 562 si
1289 536 1375 563 non

317 591 519 633 Intendes
541 591 730 632 animum
751 590 915 642 studiis,
938 599 982 632 et
1001 591 1129 633 rebus
1149 591 1353 642 honestis,

318 663 484 706 Invidia
504 663 572 705 vel
593 679 737 705 amore
757 664 859 722 vigil
879 664 1144 721 torquebere.

1209 664 1321 706 Nam
1342 679 1432 715 cur,

317 736 429 786 Quae
450 736 614 778 laedunt
633 736 817 788 oculum,
840 736 1012 779 festinas
1033 737 1230 787 demere3
1262 737 1297 778 si
1317 737 1422 794 quid

317 805 396 847 Est
417 806 618 857 animum,
642 805 785 847 differs
807 806 985 848 curandi
1005 814 1173 863 tempus
1193 807 1238 848 in
1258 805 1450 848 annum?

226 883 283 920 40
315 878 556 921 Dimidium
575 878 687 930 facti,
711 879 784 936 qui
805 879 947 935 coepit,
970 879 1122 920 habett
1156 894 1303 935 sapere
1325 878 1456 928 aude;

315 951 487 1008 Incipe:
520 952 592 1009 qui
612 960 727 994 recte
747 952 919 995 vivendi
938 960 1147 1010 prorogat
1166 952 1330 1002 horam,

316 1019 518 1062 Rusticus
539 1027 748 1077 expectat,
771 1021 875 1062 dum
895 1020 1054 1062 defluat
1074 1021 1208 1062 amnis
1224 1036 1236 1070 3
1268 1027 1311 1062 at
1330 1020 1402 1062 ille

313 1093 508 1145 Labitur,
531 1102 574 1136 et
592 1094 759 1136 labetur
779 1095 824 1135 in
844 1109 970 1135 omne
990 1093 1187 1135 volubilis
1208 1108 1360 1135 aevum.

315 1163 536 1214 Quaeritur
557 1172 794 1222 argentum,
815 1164 1043 1221 puerisque
1066 1164 1187 1206 beata
1207 1164 1400 1207 creandis

196 1280 292 1312 allata
313 1281 377 1312 huc
398 1291 464 1312 non
490 1281 671 1321 pertinent;
694 1281 738 1313 ibi
759 1280 845 1312 enim
869 1291 972 1312 sermo

196 1333 244 1356 est
259 1324 299 1355 de
314 1324 506 1362 hominibus,
524 1326 579 1366 qui
596 1326 631 1356 in
645 1335 816 1356 numerum
832 1324 971 1365 aliquem

196 1368 399 1408 recipiantur,
429 1369 579 1411 indignis,
612 1369 679 1409 (οὔκ
717 1369 911 1412 ἀριθμητοῒς).
926 1386 972 1394 —

197 1419 266 1443 παιι
261 1413 389 1455 fruges
403 1424 592 1450 consumere,
612 1413 725 1444 Graece
741 1423 814 1451 pro:
841 1412 907 1442 nati
929 1412 970 1443 ad

195 1456 305 1497 fruges
324 1456 574 1494 consumendas;
665 1457 775 1497 Sponsi
796 1457 969 1496 Penelopoe,

195 1499 294 1539 proci,
309 1500 424 1530 amoris
438 1510 534 1530 causa
553 1500 736 1538 Penelopen
758 1505 971 1530 sectantes.—

196 1544 394 1584 Alcinoique,
414 1543 580 1580 Alcinous,
597 1554 651 1574 rex
669 1543 852 1578 Phaeacum,
868 1542 967 1573 animi

196 1586 459 1618 oblectationibus
487 1593 520 1617 et
548 1587 685 1626 corporis
706 1586 921 1626 voluptatibus
948 1597 967 1616 a

195 1630 310 1670 puerili
331 1630 407 1661 inde
427 1636 519 1661 aetate
541 1630 775 1667 deditissimus,
766 1642 774 1649 ·
799 1629 866 1669 ipse
880 1629 967 1669 apud

199 1674 302 1704 Hom.
323 1673 438 1714 Odyss.
460 1674 566 1705 VIII.
592 1672 670 1704 248.
693 1654 876 1713 profitetur.
905 1674 969 1704 Αἷὶν

195 1718 263 1757 ἡμῖν
289 1716 351 1751 δαῖς
381 1731 414 1748 τε
442 1718 526 1758 φίλη,
552 1718 729 1768 anamehel-1,
755 1717 842 1759 χοροί
865 1729 906 1748 τε.
925 1735 970 1742 -

196 1767 319 1801 operata
331 1761 503 1802 juventus,
525 1771 583 1792 uos
600 1761 744 1802 juvenes
761 1760 817 1801 qui
830 1760 970 1791 solemus

195 1804 327 1843 operari,
344 1815 474 1844 operam
495 1815 612 1844 ponere
628 1804 661 1834 in
676 1810 750 1835 cute
764 1803 913 1840 curanda,
936 1804 971 1834 in

195 1857 326 1887 corpore
339 1848 470 1878 mollius
489 1847 662 1879 tractando.

240 1901 270 1922 v.
290 1891 344 1922 30.
357 1893 442 1934 suit,
460 1902 529 1922 esse
544 1891 633 1922 solet.

238 1945 269 1965 v.
291 1934 346 1966 31.
366 1938 421 1966 Ad
446 1937 621 1976 strepitum,
647 1934 688 1965 ad
713 1945 818 1971 sonos,
844 1934 966 1971 ιιιοᾶος,

196 1988 291 2018 supra
317 1978 380 2010 Od.
401 1978 463 2010 IV.
478 1978 510 2009 3.
532 1977 582 2009 18.
627 1979 652 2010 0
674 1980 839 2010 testudinis
860 1990 967 2010 aureae

195 2024 334 2054 Dulcem
349 2033 420 2064 quae
432 2024 606 2063 strepitum,
625 2024 721 2060 Pieri,
744 2028 907 2062 temperas.
923 2040 968 2046 —

195 2073 351 2098 cessatum
381 2069 494 2098 ducere
524 2077 647 2101 curam,
678 2076 717 2096 eo
741 2066 832 2107 quasi
855 2065 971 2096 ducere

195 2118 312 2143 curam,
326 2119 391 2150 quo
404 2109 461 2140 illa
474 2119 586 2140 vexare
601 2115 716 2147 cesset3
740 2109 901 2150 eleganter
913 2119 971 2148 pro

195 2152 333 2194 vulgari.
354 2163 462 2183 curam
475 2154 612 2195 abigere,
645 2153 750 2188 ellere,
764 2162 971 2192 compescere.

238 2207 267 2226 v.
292 2195 434 2227 32—37.
463 2197 517 2227 Ab
538 2207 566 2237 ε]
559 2164 695 2227 ὐεὲοάἱ
716 2196 781 2227 vita
801 2195 968 2246 desidiosa,

194 2249 291 2281 quam
309 2239 485 2280 Penelopes
496 2250 606 2280 procos
621 2247 653 2271 et
670 2240 844 2270 Alcinoum
854 2239 968 2270 vixisse

195 2283 293 2314 refert
331 2284 506 2321 Homerus,
539 2284 606 2324 jam
639 2283 796 2314 Horatius
820 2283 966 2324 juvenes,

195 2327 386 2358 nominatim
402 2326 558 2364 Lollium,
582 2326 624 2357 ad
637 2337 733 2368 quem
746 2327 870 2366 scripsit
884 2327 967 2357 hanc

196 2370 371 2410 epistolam,
395 2377 514 2407 avocat,
538 2381 687 2412 eumque,
711 2377 759 2408 ut,
784 2370 866 2401 lecto
894 2376 968 2400 ante

195 2413 280 2445 diem
296 2415 415 2451 relicto,
439 2419 566 2445 strenue
587 2414 731 2444 animum
746 2413 858 2444 studiis
872 2420 904 2444 et
918 2424 967 2444 re-

195 2459 255 2488 bus
282 2457 422 2488 honestis
446 2457 601 2495 intendat,
631 2468 690 2488 nec
713 2463 839 2497 tempus
867 2457 966 2487 animi

194 2501 295 2532 cultui
310 2500 560 2542 impendendum
575 2501 610 2531 in
624 2511 747 2532 annum
761 2500 896 2538 differat,
911 2510 965 2531 ex-

188 2545 347 2576 hortatur.

239 2599 268 2619 v.
302 2588 356 2620 32.
395 2589 540 2624 homines,
567 2587 612 2618 sic
637 2587 755 2629 legitur
781 2587 815 2617 in
839 2587 968 2627 optimoe

196 2639 280 2663 notae
310 2631 411 2664 Codd.
440 2631 527 2670 apud
553 2633 653 2662 Feam
664 2647 676 2668 ;
700 2637 733 2661 at
754 2632 914 2662 Bentleius
935 2637 967 2661 et

196 2686 271 2706 eum
287 2675 386 2707 secuti
401 2676 612 2706 exhibuerunt
627 2687 634 2705 :
659 2676 826 2709 hominem,
844 2674 965 2704 homoe-

195 2719 336 2757 omenti,
352 2726 390 2750 ut
403 2718 492 2750 addit
507 2720 672 2755 Gesnerus,
689 2717 827 2748 evitandi
841 2718 965 2758 gratia3

195 2762 250 2793 sed
280 2763 319 2794 ad
346 2764 429 2794 hanc
454 2771 599 2792 normam
625 2771 691 2792 non
717 2760 865 2802 exigendi
890 2766 965 2791 sunt

195 2806 371 2837 hexametri
388 2805 566 2837 Horatiani.

238 2861 267 2880 v.
286 2849 339 2887 33,
356 2849 410 2881 34.
443 2851 485 2882 Ut
500 2855 530 2880 te
543 2851 647 2890 ipsum
668 2858 778 2884 serves,
801 2852 838 2877 ut
860 2853 892 2878 te
913 2853 966 2878 tu-

1015 1291 1113 1319 nunc,
1136 1290 1211 1312 cum
1232 1282 1314 1313 bene
1336 1281 1431 1333 vales,
1452 1281 1543 1314 noles
1556 1292 1691 1321 currere,
1706 1283 1738 1314 h.
1756 1293 1784 1314 e.

1014 1325 1096 1355 vires
1110 1330 1182 1355 tuas
1203 1335 1359 1363 exercere,
1381 1326 1415 1365 in
1439 1332 1611 1366 Ροαειιιιιι,
1632 1335 1707 1358 cum
1727 1326 1787 1358 tihi

1014 1368 1099 1399 male
1113 1369 1181 1403 erit,
1204 1370 1298 1400 sicuti
1319 1369 1521 1410 hydropicus,
1545 1370 1628 1412 (vel.
1654 1369 1680 1401 si
1702 1370 1785 1401 deei-

1014 1411 1102 1443 diosa
1116 1418 1148 1443 et
1162 1411 1326 1444 luxuriosa
1345 1412 1410 1444 vita
1427 1413 1531 1444 factus
1550 1413 1648 1444 fueris
1669 1413 1786 1454 hydro·

1014 1455 1130 1495 picus,)
1169 1465 1294 1494 curres3
1328 1456 1444 1487 medici
1474 1457 1561 1487 enim
1596 1456 1785 1497 hydropicos

1013 1500 1153 1531 multum
1181 1480 1372 1532 ambul’ando
1397 1506 1427 1532 et
1452 1511 1685 1541 nonnunquam
1708 1511 1784 1531 cur-

1010 1545 1116 1580 rendo,
1139 1543 1170 1573 h.
1189 1553 1216 1573 e.
1242 1543 1323 1573 vires
1342 1543 1480 1583 corporis
1500 1543 1676 1574 exercendo
1697 1543 1784 1574 vale-

1010 1586 1115 1616 tudini
1132 1596 1312 1617 succurrere
1329 1587 1466 1628 jubent;
1489 1586 1571 1624 vide,
1595 1595 1692 1628 quem
1713 1586 1783 1617 lau-

1010 1629 1065 1660 dat
1084 1631 1252 1666 Gesner-us,
1270 1630 1354 1661 Cels.
1375 1630 1448 1661 ΙΙΙ.
1466 1629 1519 1662 21.

1058 1684 1086 1704 v.
1106 1672 1159 1704 37.
1185 1675 1266 1714 vigil,
1282 1684 1324 1704 sc.
1342 1680 1511 1714 postquam
1532 1674 1566 1704 in
1581 1673 1703 1706 medios
1716 1674 1784 1706 dies

1013 1715 1783 1760 dormisti;1nvid.vetam.xorqu.‚gmvi-

1012 1761 1121 1791 oribus
1144 1760 1243 1791 animi
1269 1760 1500 1799 affectionibus,
1521 1760 1651 1800 invidia,
1676 1771 1784 1793 amore

1015 1810 1088 1835 cett.
1105 1803 1303 1835 cruciaberis-

1058 1857 1087 1878 v.
1104 1846 1158 1878 39.
1184 1848 1245 1878 Est
1259 1849 1405 1880 animum
1420 1847 1542 1890 (ὶσθίιι),
1558 1847 1674 1884 exedit.
1689 1849 1784 1880 absu-

1013 1890 1084 1928 mit,
1173 1893 1317 1928 curandi,
1332 1891 1464 1922 animia
1477 1891 1561 1922 vitiis
1574 1891 1738 1923 liberandi.

1055 1945 1084 1965 v.
1103 1932 1158 1965 40.
1179 1935 1345 1975 Dimisi-f.
1363 1936 1419 1976 qui
1433 1937 1530 1975 coepit,
1541 1935 1785 1976 kabessadpro-

1011 1977 1155 2009 verbium
1191 1978 1411 2010 Graecorumz-
1489 1991 1535 2019 zu
1561 1978 1590 2010 δί
1619 1993 1664 2010 τοι
1691 1993 1783 2020 „pua-v

1012 2022 1120 2056 aran-35
1108 2043 1132 2059 „
1163 2022 1256 2063 cujus
1283 2027 1446 2053 auctorem
1717 2032 1784 2053 me

1015 2071 1123 2096 censet
1138 2067 1315 2097 Hemsterlt.
1333 2065 1373 2096 ad
1391 2065 1526 2096 Luciam.
1547 2066 1656 2096 Somn.
1672 2075 1701 2097 c.
1719 2065 1752 2097 3.

1058 2119 1089 2139 v.
1105 2107 1158 2139 41.
1175 2115 1320 2149 prorogat
1333 2111 1454 2149 horum,
1469 2116 1595 2149 tempus
1608 2109 1723 2140 differt.

1058 2162 1086 2182 v.
1101 2151 1155 2190 42,
1171 2151 1226 2182 43.
1253 2154 1407 2184 Rusticus
1427 2158 1575 2193 expectat,
1596 2154 1672 2184 dum
1695 2158 1781 2190 cett..

1013 2195 1051 2234 is,
1066 2196 1149 2227 sicut
1161 2196 1278 2227 stultus
1291 2196 1346 2227 ille
1360 2196 1496 2227 rusticus
1511 2195 1546 2225 in
1561 2195 1685 2233 fabulis,
1700 2195 1781 2228 dum

1013 2239 1131 2271 defluat
1152 2239 1263 2277 amnis,
1286 2245 1439 2279 expectat.
1488 2238 1641 2270 Rusticus
1661 2239 1782 2272 scilicet

1011 2283 1139 2324 quidam
1155 2282 1195 2314 ad
1210 2293 1336 2314 amnem
1350 2282 1479 2319 stetisse,
1494 2288 1537 2318 et,
1552 2287 1589 2313 ut
1602 2282 1686 2314 sicco
1699 2283 1781 2323 pede

1013 2337 1088 2357 eum
1103 2327 1256 2363 transiret,
1273 2326 1374 2357 donec
1395 2325 1498 2356 amnis
1517 2325 1708 2363 defluxisset,
1723 2337 1782 2358 ex-

1011 2375 1137 2409 pecuare
1157 2369 1294 2400 voluisse
1314 2368 1454 2411 fingitur,
1478 2379 1535 2408 pro
1557 2369 1697 2411 vulgari:
1724 2370 1780 2402 sed

998 2414 1133 2455 frustra
1159 2412 1626 2452 expectat;—accommodate
1647 2412 1688 2444 ad
1709 2423 1778 2445 rem

1011 2456 1118 2488 addit:
1144 2463 1178 2488 at
1191 2458 1243 2488 ille
1259 2456 1391 2497 (amnis)
1414 2456 1554 2487 volubilis
1577 2456 1687 2498 (celeri
1704 2468 1778 2488 cur-

1010 2501 1064 2539 su)
1101 2502 1226 2537 labitur,
1256 2506 1284 2531 et
1312 2501 1348 2531 in
1376 2511 1468 2531 omne
1503 2511 1607 2532 aevum
1641 2501 1774 2532 labetur.

1014 2544 1172 2584 Spectavit
1185 2549 1292 2574 autem
1310 2542 1465 2573 Horatius
1485 2542 1519 2573 in
1541 2543 1776 2584 comparatione

1010 2586 1154 2618 instituta
1181 2586 1378 2626 potissimum
1414 2587 1494 2618 hoca
1538 2587 1606 2623 Qui
1641 2593 1776 2628 tempus,

1010 2640 1076 2672 quo
1089 2630 1196 2661 animo
1210 2628 1410 2660 emendando
1430 2639 1556 2670 operam
1573 2630 1706 2662 daturus
1719 2638 1778 2668 est,

1010 2679 1162 2712 expectat,
1177 2673 1212 2704 id
1225 2673 1342 2703 frustra
1362 2679 1516 2713 expectat,
1538 2673 1620 2705 sicut
1639 2674 1777 2706 rusticus

1010 2716 1066 2747 ille
1090 2716 1131 2747 ad
1159 2726 1296 2753 amnem,
1326 2727 1423 2757 quem
1451 2716 1548 2748 stulte
1572 2716 1777 2749 defluxumm

1009 2770 1077 2792 esse
1101 2761 1254 2800 putabat;
1287 2765 1415 2800 tempus
1439 2761 1524 2791 enim
1550 2760 1644 2791 celeri
1668 2771 1774 2797 cursu.

1009 2804 1091 2835 sicut
1112 2804 1224 2840 amnis,
1248 2802 1374 2840 labitur,
1401 2803 1589 2845 lapsumque
1610 2814 1778 2846 nunqusm

1008 2847 1099 2878 redit.
1149 2847 1298 2878 Ceterum
1321 2846 1361 2877 ad
1383 2849 1518 2879 rusticus
1540 2848 1716 2888 supplenda
1729 2854 1778 2880 est

195 2899 264 2923 tum
280 2900 407 2933 praestes
422 2892 524 2930 abiis,
538 2902 610 2933 quae
624 2892 680 2923 tibi
696 2891 809 2921 infesta
823 2897 907 2927 sunt,
924 2897 962 2921 ut
1003 2890 1157 2931 particula
1181 2890 1384 2930 comparandi
1408 2898 1447 2922 ut
1472 2891 1522 2922 vel
1550 2893 1651 2928 sicuti,
1677 2901 1773 2932 quam

194 2935 272 2966 vites
286 2938 461 2977 improbam
479 2937 620 2973 Sirenem
634 2934 799 2967 desidiam.
860 2936 959 2975 atqui,

1006 2933 1187 2965 Horatius'
1176 2943 1209 2963 ιιι
1225 2934 1283 2964 hac
1294 2944 1360 2964 una
1373 2934 1520 2974 Epistola
1534 2942 1645 2976 quater
1657 2934 1774 2972 omisit,

195 2981 227 3010 Si
248 2982 330 3012 noles
343 2992 453 3019 sanus,
474 2991 584 3013 curres
605 2980 797 3021 hydr-wicus,
820 2977 916 3020 atqui,
934 2978 960 3009 si
1003 2988 1034 3009 v.
1052 2976 1104 3010 26.
1119 2977 1160 3009 ad
1174 2979 1262 3010 canis
1276 2979 1474 3018 immundus,
1495 2989 1523 3010 v.
1541 2977 1597 3010 28.
1618 2978 1660 3011 ad
1667 2979 1777 3021 sponsi

1344 3025 1379 3052 11
