1904 3250
134 185 222 214 sn.
243 174 342 222 νη]

764 168 1054 212 SATIRAE.

1605 176 1690 214 427

248 294 450 345 Mulvius,
472 302 514 336 et
533 309 702 346 scurrae,
725 294 801 336 tibi
821 310 906 337 non
926 293 1146 338 referenda
1164 297 1337 352 precati,

244 366 492 410 Discedunt.
555 366 736 418 Etenim,
758 367 892 409 fateor
910 382 991 418 me,
1013 368 1168 410 dixerit
1187 368 1272 419 ille,
1295 415 1307 424 ,

246 439 359 482 Duci
379 447 522 481 ventre
542 439 676 482 levem
691 456 703 490 ;
734 455 882 482 nasum
902 440 1050 483 nidore
1071 442 1270 497 supinor:

245 507 496 559 Imbecillus,
519 509 643 560 iners,
666 509 700 551 si
721 510 823 567 quid
842 510 917 561 vis,
939 510 1062 562 adde,
1083 512 1255 567 popino.

157 581 213 618 40
244 577 327 629 Tu,
348 594 478 635 quum
498 579 566 630 sis,
588 579 703 636 quod
723 595 815 637 ego,
837 587 880 622 et
897 579 1083 622 fortassis
1103 581 1293 638 nequior,
1315 580 1428 623 ultro

245 650 469 702 Insectere,
491 651 606 694 velut
623 650 808 694 melior?
835 652 1056 710 verbisque
1076 652 1241 696 decoris

246 719 459 762 Obvolvas
480 719 658 762 vitium?
688 720 818 771 Quid,
841 721 875 762 si
894 736 962 763 me
983 721 1148 764 stultior
1167 722 1262 778 ipso

244 788 497 847 Quingentis
518 798 629 831 emto
649 789 859 832 drachmis
879 789 1184 846 deprenderis?
1213 790 1346 833 Aufer

243 859 319 902 Me
340 860 456 902 vultu
477 869 633 903 terrere
643 876 659 911 ·;
689 856 872 913 manu'm,
893 862 1239 920 stomachumque
1259 872 1424 913 teneto;

155 934 211 972 45
242 930 372 981 Dum,
395 946 490 988 quae
513 931 696 987 Crispini
715 931 859 974 docuit
877 946 945 973 me
958 932 1129 988 janitor,
1152 932 1246 974 edo.

243 1002 308 1044 Te
328 1004 482 1060 conjux
502 1003 789 1060 alienacapit3
819 1004 1085 1045 meretricula
1104 1004 1274 1047 Davum
1290 1022 1300 1047 :

243 1072 395 1114 Peccat
415 1081 508 1114 uter
526 1071 717 1115 nostrum
737 1088 862 1115 cruce
882 1072 1082 1131 dignius?
1112 1075 1236 1118 Acris
1257 1076 1328 1117 ubi
1348 1091 1415 1117 me

242 1144 404 1187 Natura
421 1144 619 1195 incendit,
641 1145 719 1187 sub
740 1145 853 1187 clara
872 1145 987 1187 nuda
1005 1145 1178 1189 lucerna

242 1216 531 1274 Quaecumque
551 1217 717 1273 excepit
737 1218 943 1275 turgentis
964 1218 1139 1260 verbera
1159 1219 1307 1262 caudae

155 1289 210 1326 50
243 1284 462 1336 Clunibus,
483 1293 556 1327 aut
575 1285 747 1343 agitavit
765 1301 920 1343 equum
940 1286 1096 1328 lasciva
1115 1289 1336 1344 supinum3

121 1400 231 1436 delusi,
246 1400 404 1432 dbeedere
424 1400 586 1437 debebant,
603 1401 643 1433 de
656 1402 714 1433 hac
729 1412 762 1434 re
775 1402 879 1444 indig-

122 1450 232 1476 mnte-
251 1443 397 1476 couvieiis
417 1447 680 1486 persequebantur
695 1445 879 1484 Horatium,

122 1497 187 1518 non
201 1486 327 1528 quidem
342 1487 445 1527 palam
459 1494 491 1518 et
503 1498 608 1519 coram
622 1488 700 1528 ipso,
722 1489 778 1520 sed
799 1489 882 1520 clam

121 1537 154 1561 et
166 1530 249 1562 inter
260 1540 316 1569 ως
338 1537 370 1562 et
383 1531 456 1562 binc
470 1543 534 1563 non
555 1533 711 1574 mser-enda
745 1542 809 1564 non
823 1543 880 1563 au·

121 1573 236 1605 dieudn
252 1573 402 1614 Horatio)
414 1577 535 1615 precati
557 1534 747 1618 (imprecaris
770 1575 882 1607 dicun-

123 1623 194 1648 tur.-

163 1670 193 1691 v.
207 1659 261 1691 37.
276 1662 458 1692 Etenim—
470 1663 578 1694 dicerit
593 1663 653 1700 ille,
663 1662 730 1703 jam
745 1672 882 1704 sequun-

121 1709 175 1734 tur
187 1705 280 1734 verbn
292 1703 347 1734 ina
360 1715 423 1736 non

123 1753 279 1777 coemitum
306 1752 434 1778 euntem

122 1795 258 1827 cuntur;
342 1791 465 1822 Dixerit
487 1791 545 1827 ille,
569 1790 662 1820 illum
684 1791 878 1832 (Mulvium)

122 1831 172 1862 his
195 1832 261 1863 fere
273 1833 375 1863 verbis
389 1843 482 1863 usum
497 1843 562 1863 esse
576 1840 669 1872 puta:
696 1834 805 1871 fateor,
829 1845 882 1865 me

122 1886 188 1906 esse
201 1884 340 1907 mmm
354 1881 387 1905 et
399 1875 559 1906 hominem
579 1875 722 1914 inertem,
744 1877 801 1918 qui
822 1878 883 1907 hu-

122 1918 192 1949 mili
217 1924 285 1950 arte
312 1917 445 1948 aliorum
475 1929 578 1949 coenas
605 1921 732 1958 appetit,
754 1920 810 1950 sed
834 1927 881 1958 tu,

126 1961 253 1998 Horati,
267 1961 323 2002 qui
335 1967 485 2002 tanquam
507 1961 617 1992 melior
637 1973 689 1993 me
709 1970 821 1994 tractas
834 1963 884 1993 in-

122 2004 282 2040 solentius,
307 2003 403 2040 idn,
429 2004 514 2044 quod
539 2015 609 2046 ego,
633 2005 688 2036 sed
709 2007 769 2037 sub
781 2007 884 2046 speeie

122 2047 307 2084 boneffiam,
321 2047 408 2084 facis,
432 2053 464 2078 et
486 2047 614 2079 fortasse
627 2058 680 2079 me
693 2059 727 2080 es
740 2049 880 2090 nequior.

122 2111 167 2117 —-
175 2101 225 2123 me
239 2091 328 2122 Daci
339 2097 445 2122 vertere
457 2092 563 2128 levem,
578 2101 630 2122 me
643 2102 709 2123 esse
722 2093 883 2123 hominem

121 2134 232 2172 levem,
247 2134 304 2174 qui
317 2140 424 2164 ventre
437 2143 471 2164 se
484 2134 559 2165 duci
581 2135 696 2174 patitur
716 2135 757 2166 ad
778 2135 882 2166 humi-

121 2177 185 2208 lem
197 2184 308 2214 artem,
322 2187 387 2218 qua
399 2187 506 2208 scurra
520 2188 580 2218 ego
594 2178 710 2209 mensis
730 2178 880 2210 ditiorum

120 2220 288 2258 adhibeam
367 2231 481 2251 narum
495 2222 602 2252 nidore
615 2223 752 2262 supinor,
770 2223 881 2253 Graece

122 2273 196 2303 pro:
220 2273 316 2294 nasus
338 2263 446 2294 nidore
471 2264 626 2306 (nidorem
651 2265 684 2294 h.
696 2276 724 2296 e.
753 2276 880 2296 suavem

121 2306 260 2338 ciborum
275 2306 403 2337 odorem
423 2306 591 2348 captando)
617 2308 788 2348 supinatur,
812 2319 880 2340 sur-

122 2359 193 2381 sum
206 2349 348 2381 tmffitur.

165 2403 197 2424 v.-
217 2392 271 2424 39.
291 2395 325 2425 Si
343 2394 418 2434 quid
439 2395 493 2430 vis,
520 2396 609 2432 adde,
638 2400 726 2434 potes
752 2405 879 2436 quoque

122 2435 254 2475 adden-ru
275 2446 333 2476 pro
360 2436 498 2478 vulgari:
523 2445 693 2477 praeterea3
713 2439 879 2470 commode

123 2478 164 2510 de
171 2479 230 2510 hac
239 2479 387 2521 loquendi
397 2479 533 2511 formula
543 2480 673 2512 laudant
683 2481 750 2513 cic.
763 2482 804 2512 ad
816 2483 878 2513 At-

124 2521 182 2552 tia·
194 2522 277 2554 VII.
295 2521 327 2553 2.
350 2525 494 2555 Tironem
506 2526 612 2555 Patris
621 2536 743 2565 aegmm
756 2527 877 2567 reliqui,

123 2566 545 2604 adolescet-lengum&
565 2570 652 2603 adde,
679 2570 706 2600 si
724 2570 799 2609 quid
823 2571 877 2607 vis,

120 2609 270 2647 probum.-
294 2611 371 2641 nihil
383 2611 444 2641 vidi
456 2612 575 2642 melius.
638 2613 760 2653 popina,
780 2622 874 2653 quem

125 2657 230 2682 venter
241 2651 277 2682 in
289 2652 416 2692 popinas
429 2652 526 2684 ducit.

166 2703 195 2724 v-
228 2692 282 2726 40.
310 2697 408 2733 Ultro,
421 2696 556 2737 iusuper,
572 2697 635 2728 vid.
650 2700 809 2731 Drakenb.
834 2699 876 2730 ad

127 2734 196 2767 Liv.
213 2736 290 2768 XL.
309 2736 359 2769 12.
376 2737 444 2780 54.
471 2746 504 2771 et
531 2741 630 2773 (ἔναυ.
656 2742 696 2772 ad
722 2743 788 2773 Cic.
817 2753 874 2782 pro

129 2778 257 2814 Quinet-
271 2779 324 2812 23.
372 2782 432 2813 Sed
448 2783 545 2822 possis
568 2794 692 2825 quoque
715 2788 796 2817 ultro
818 2796 874 2816 ex-

126 2820 256 2860 phare:
279 2830 396 2864 sponte,
411 2835 468 2865 pro
481 2827 592 2863 lubitu,
607 2828 675 2858 sine
688 2838 790 2866 causa,
814 2835 868 2860 ut:

126 2865 207 2895 ultro
228 2877 378 2905 accusor-e,
399 2870 479 2900 ultro
499 2870 647 2910 injuriam
661 2872 783 2912 facere,
812 2873 875 2903 Te-

126 2913 203 2939 rent.
225 2907 356 2950 Adelph.
383 2910 445 2943 lv.
472 2911 502 2945 3.
527 2913 557 2945 3.

126 2959 187 2981 me.

502 1747 636 1778 cratium
664 1748 805 1779 insectati
832 1749 882 1779 di-

645 2917 809 2955 Inseceere,
833 2927 873 2948 sc.

483 1707 609 1742 erenda,
630 1705 746 1746 quibus
767 1704 891 1737 scurrae'

965 1414 994 1435 v.
1015 1403 1068 1434 41.
1101 1406 1265 1446 Ver-bisque
1286 1405 1403 1436 decoris
1423 1407 1531 1438 obvolu.
1567 1409 1618 1438 vit.
1643 1413 1684 1445 et,

921 1449 1006 1488 quod
1020 1447 1077 1479 tibi
1091 1447 1151 1487 ipsi
1165 1448 1241 1479 vitio
1255 1449 1332 1478 verti
1346 1449 1452 1488 possit,
1468 1449 1580 1490 ingens
1601 1450 1685 1481 scili-

924 1497 974 1521 cet
1008 1490 1094 1532 apud
1116 1520 1120 1524 ,
1143 1491 1351 1522 Maecenatem
1383 1493 1526 1524 coenandi
1564 1493 1685 1524 deside-

923 1534 1018 1572 rium,
1064 1533 1176 1565 decom
1218 1534 1373 1572 amicitiae‚
1413 1546 1485 1576 quae
1520 1536 1575 1567 tibi
1611 1547 1686 1567 cum

927 1577 1103 1609 Moecenate
1123 1577 1305 1616 intercedat,
1326 1578 1429 1619 specie
1446 1589 1575 1611 excuses
1588 1586 1621 1611 et
1633 1591 1686 1611 oc-

924 1620 1050 1652 cultes?
1682 1649 1685 1652 .

967 1675 997 1695 v.
1029 1663 1168 1695 42—45.
1207 1666 1300 1702 Quid,
1329 1667 1355 1697 si
1383 1677 1433 1698 me
1461 1669 1581 1698 stultior
1609 1673 1682 1698 cett.

924 1706 999 1739 Jam
1016 1708 1138 1746 Davus,
1153 1708 1302 1744 oratione,
1324 1719 1419 1749 quam
1444 1718 1553 1740 contra
1578 1710 1686 1740 Hora-

923 1751 1003 1781 tium
1018 1752 1162 1782 habuisse
1175 1751 1306 1791 fingitur
1323 1752 1466 1783 Mulvius
1479 1763 1594 1790 scurra,
1614 1753 1686 1783 fini-

923 1800 967 1829 ta,
989 1794 1023 1823 in
1044 1794 1094 1830 iis,
1118 1805 1189 1835 quae
1214 1793 1342 1824 liberIus
1364 1805 1397 1825 se
1421 1795 1558 1827 Horatio
1583 1796 1687 1827 dicere

924 1835 1004 1867 velle
1031 1836 1188 1875 profaesus
1217 1843 1274 1874 est,
1304 1839 1416 1879 pergit.
1463 1839 1524 1870 Sed
1553 1839 1685 1870 nimiam

923 1878 1097 1917 primorum
1125 1881 1290 1910 verborum
1318 1881 1517 1912 acerbitatem
1546 1885 1638 1919 Quid,
1659 1886 1686 1915 si

923 1924 1107 1954 minuim-
1127 1923 1350 1963 deprende-ris?
1377 1934 1441 1954 non
1466 1935 1557 1965 aequo
1579 1927 1685 1957 animo

924 1964 1006 1995 ferre
1039 1971 1160 2005 poterat
1198 1966 1360 1997 Horatius.
1382 1988 1384 1991 -
1415 1967 1551 1998 Vuitum
1587 1969 1685 2011 igitur

924 2014 1047 2038 torvum
1069 2015 1101 2039 et
1120 2008 1276 2040 minacem
1297 2009 1442 2041 ostendit.
1491 2011 1587 2047 Quod
1608 2023 1683 2043 cum

925 2051 1144 2082 animadvertit
1161 2052 1279 2089 Davus
1295 2054 1395 2096 auser,
1412 2053 1524 2094 inquit,
1535 2067 1586 2087 me
1593 2059 1683 2088 vultu

924 2099 1039 2138 tmere
1049 2110 1062 2131 ;
1084 2096 1175 2138 auser·
1187 2096 1218 2125 h.
1237 2106 1265 2126 e.
1290 2106 1393 2136 parce,
1418 2097 1482 2127 noli
1505 2098 1554 2128 vel
1573 2099 1683 2130 omitte

924 2147 976 2167 me
990 2138 1080 2168 vultu
1095 2145 1151 2169 tuo
1163 2145 1278 2170 terrere
1298 2140 1387 2170 velle.
1475 2142 1567 2173 Man.
1590 2149 1678 2175 stom.

922 2187 1032 2217 teneto,
1046 2191 1178 2212 manum
1191 2190 1224 2213 et
1236 2182 1316 2214 iram
1330 2193 1350 2213 a
1371 2183 1402 2214 vi
1421 2183 1497 2214 mihi
1519 2184 1681 2217 inferenda

922 2223 1074 2255 cohibeto.
1676 2251 1679 2254 .

966 2277 994 2297 v.
1018 2266 1072 2298 45.
1100 2269 1366 2309 Criminijanflor,
1382 2276 1418 2301 ut
1431 2280 1469 2300 eo
1483 2271 1582 2312 major
1595 2272 1679 2303 Cris-

921 2310 997 2349 pino
1021 2318 1146 2351 paretur
1169 2313 1311 2353 gravitas,
1341 2313 1440 2344 facete
1462 2314 1581 2354 janitor
1600 2316 1679 2346 adeo

921 2355 1157 2438 ejugnzaecepta
1169 2356 1283 2395 cupide
1295 2357 1452 2388 imbibisse
1464 2363 1496 2389 et
1512 2367 1678 2400 propagas-

920 2407 953 2427 se
1046 2404 1106 2428 tur.

962 2450 990 2471 v.
1016 2439 1069 2472 46.
1100 2442 1144 2473 Te
1158 2443 1271 2483 conju-z·
1283 2445 1384 2475 aliena
1398 2445 1481 2484 capit
1495 2450 1566 2475 cett.
1601 2444 1678 2475 Noli

919 2494 960 2514 ex
988 2485 1094 2516 animo
1115 2485 1281 2523 dimittere,
1307 2487 1446 2521 Davum,
1466 2487 1532 2528 jam
1563 2487 1678 2521 referre

919 2534 1082 2568 praeceptn,
1097 2529 1131 2558 in
1144 2529 1258 2560 scholis
1274 2529 1532 2570 Crispiniabejus
1540 2530 1677 2571 janitore

918 2570 1077 2609 sublecta3
1100 2572 1156 2603 sed
1169 2573 1236 2603 haec
1249 2581 1401 2613 praecepta
1421 2573 1531 2604 callide
1550 2582 1582 2604 et
1603 2573 1676 2611 data

916 2623 1011 2653 opera
1034 2615 1079 2645 ita
1104 2616 1258 2655 proponit,
1281 2617 1370 2658 quasi
1395 2616 1434 2647 ad
1457 2627 1490 2646 se
1517 2617 1621 2655 ipsum
1642 2626 1675 2650 et

916 2656 1080 2689 dominum
1095 2669 1189 2689 suum
1213 2659 1387 2690 Horatium
1408 2667 1563 2699 spectent;
1586 2661 1673 2701 quod

916 2706 1022 2731 tamen
1035 2701 1124 2732 aliter
1137 2713 1171 2733 se
1183 2703 1306 2738 habere,
1327 2710 1431 2742 aperte
1451 2703 1542 2734 docet
1567 2714 1673 2736 versus

915 2742 968 2774 53.
1018 2745 1173 2776 Horatius
1193 2747 1277 2776 enim
1297 2756 1360 2776 non
1384 2747 1540 2778 annulum
1564 2758 1672 2787 eques-

915 2793 1004 2824 trem,
1019 2798 1122 2829 neque
1141 2791 1276 2829 insignia
1302 2789 1501 2830 magistratus
1523 2791 1650 2830 gerebat
1657 2804 1670 2830 ;

918 2830 1029 2861 Davus
1056 2832 1154 2873 igitur
1177 2842 1215 2863 ex
1239 2842 1334 2867 more,
1360 2832 1415 2872 qui
1438 2842 1524 2863 nunc
1543 2836 1669 2874 quoque

915 2874 997 2905 valet
1024 2875 1058 2904 in
1082 2875 1280 2912 orationibus
1310 2875 1667 2918 appellat.aliquem„>in

915 2917 1076 2958 singulari,
1091 2919 1168 2948 dum
1183 2928 1291 2948 omnes
1304 2917 1390 2954 alios,
1406 2919 1460 2960 qui
1480 2919 1533 2958 ita,
1557 2925 1592 2952 ut
1611 2920 1667 2959 uit,

916 2970 1015 3007 agunt
1029 2968 1059 2993 et
1073 2962 1222 2999 sentiunt,
1237 2960 1392 3003 intelligit.
