1904 3250
174 209 260 247 408

807 206 1113 250 HORATII

1565 216 1673 264 [mn.
1700 227 1749 255 ιι.

204 336 258 372 65
293 332 423 382 Quod
444 334 592 390 pingui
614 332 788 373 miscere
809 346 928 373 mero
948 334 1168 390 muriaque
1189 334 1353 379 decebit

291 403 390 445 Non
411 403 504 453 alia,
528 417 654 458 quam
674 416 757 457 qua
782 400 986 457 Byzantia
1005 403 1146 458 putuit
1164 418 1276 446 orca.

291 473 389 514 Hoc
411 473 483 513 ubi
505 470 725 513 confusum
747 471 870 512 sectis
891 470 1092 513 inferbuit
1111 471 1268 524 herbis,

291 544 557 600 Corycioque
579 557 704 585 croco
725 558 919 599 sparsum
939 544 1067 595 stetit,
1089 545 1262 601 insuper
1282 546 1415 589 addes

291 618 443 658 Pressa
464 614 717 657 Venafranae
739 616 855 672 quod
876 617 1006 658 bacca
1025 617 1186 659 remisit
1211 618 1348 660 olivae.

201 693 255 729 ’70

289 760 401 801 Nam
421 758 527 801 facie
547 767 763 816 praestant.

290 687 455 729 Picenis
477 687 633 728 cedunt
653 688 789 743 pomis
813 687 1011 730 Tiburtia
1031 703 1157 730 succo
1168 705 1180 738 3

827 759 1050 802 Venucula
1069 761 1265 802 convenit
1283 760 1405 812 ollis;

290 833 463 875 Rectius
486 833 699 875 Albanam
719 832 836 875 fumo
856 833 1074 875 duraveris
1096 848 1235 875 uvam.

288 907 414 948 Hanc
436 921 516 964 ego
537 921 633 948 cum
655 906 789 957 malis,
812 921 892 964 ego
914 906 1059 948 faecem
1081 907 1244 962 primus
1264 914 1306 949 et
1325 907 1447 958 allec,

290 979 458 1020 Primus
479 986 522 1019 et
542 979 734 1020 invenior
753 980 875 1035 piper
896 979 1052 1030 album,
1076 994 1174 1021 cum
1194 980 1280 1021 sale
1300 981 1424 1038 nigro

199 1055 254 1092 75

288 1051 518 1101 Incretum,
541 1052 659 1106 puris
681 1052 1031 1108 circumposuisse
1052 1052 1215 1094 catillis.

287 1122 478 1163 Immane
499 1128 562 1162 est
583 1121 743 1171 vitium,
767 1121 868 1162 dare
889 1121 1020 1163 millia
1039 1129 1161 1163 terna
1179 1121 1369 1173 macene,

289 1196 570 1253 Angustoque
591 1209 719 1251 vagos
741 1194 877 1250 pisces
899 1209 1082 1251 urguere
1102 1194 1254 1236 catino.

167 1337 307 1372 franum,
323 1344 388 1364 non
411 1332 548 1373 amplius
562 1332 621 1372 jus
647 1333 780 1371 simplex,
805 1329 861 1360 sed
881 1332 941 1362 du-

162 1383 236 1421 plex
250 1385 390 1410 vocatur.
877 1416 886 1423 ⁸

214 1434 242 1454 v.
258 1421 312 1453 64.
330 1433 347 1453 e
360 1422 455 1457 dulci,
471 1420 504 1450 h.
522 1429 550 1450 e.
569 1426 704 1456 recente,
720 1427 786 1448 non
800 1416 939 1448 rancido.

214 1478 244 1497 v.
261 1465 320 1497 65.
343 1465 456 1506 pingui
480 1475 576 1500 mero,
606 1472 664 1493 nos
684 1471 811 1503 quoque
832 1461 943 1492 vinum

171 1510 306 1542 crassius
320 1517 354 1540 et
374 1507 516 1539 tenacius
529 1506 564 1536 in
583 1505 750 1536 vernacula
771 1514 940 1536 vocamus:

157 1557 279 1596 senen,
294 1554 478 1585 klebrichten
499 1551 600 1586 wein,·
625 1549 735 1580 vinum
755 1547 856 1590 igitur
868 1550 944 1588 pin-

169 1610 231 1638 gue
244 1604 274 1629 et
284 1599 430 1638 plenum,
446 1594 499 1626 cui
514 1593 685 1634 opponitur
698 1599 794 1624 tenue
812 1591 894 1623 Cels.
916 1592 944 1622 Ι.

169 1643 204 1673 6.
217 1651 387 1683 nunquam
398 1641 510 1671 vinum
524 1639 642 1668 salsum
656 1637 753 1667 bibere
763 1637 891 1676 expedit,
904 1647 944 1667 ne

170 1693 267 1718 tenue
291 1686 417 1726 quidem
443 1688 501 1714 aut
527 1683 623 1716 dulce.
651 1682 704 1712 sed
725 1686 890 1712 austerum
912 1685 942 1711 ee

164 1731 304 1772 plenius.
394 1727 570 1766 muriaque,
584 1730 618 1755 et
630 1723 804 1765 liquamine
825 1733 864 1753 ex
879 1722 942 1762 pis.

170 1775 270 1808 cibus,
299 1769 488 1802 nominatim
519 1778 559 1799 ex
587 1766 734 1808 thynnis;
771 1767 853 1808 (lake
883 1778 943 1798 von

139 1832 142 1835 ’
170 1814 385 1860 tkunfischen)
400 1813 475 1844 hinc
489 1811 635 1843 additur:

213 1871 244 1891 v.
262 1859 317 1890 66.
341 1859 420 1890 Non
433 1858 511 1892 alia,
531 1866 624 1896 quam
639 1865 703 1896 qua
719 1856 798 1894 Byz.
812 1859 882 1894 put.
893 1863 943 1892 ⁰⁷⁸.-

170 1917 220 1942 ca,
234 1914 292 1944 pro
306 1900 431 1942 wlgari
445 1906 477 1931 et
491 1898 653 1939 simplice:
680 1896 737 1927 sed
757 1896 862 1927 muria
879 1896 946 1937 By-

171 1948 319 1984 mutinen
342 1956 417 1976 orca
440 1942 562 1986 (testa),
584 1942 619 1972 iu
639 1951 704 1982 qua
723 1940 829 1971 muria
844 1950 947 1990 serya-

171 1994 276 2026 batur,
300 2001 319 2020 a
333 1988 463 2029 thynnis
476 1986 522 2018 ad'
535 1984 728 2026 Byzantium
750 1983 850 2023 captis
869 1983 948 2021 dici—

173 2042 227 2066 tur
248 2034 418 2075 Byzantia,
507 2041 606 2071 quam
627 2039 692 2070 qua
713 2029 830 2069 fumuit,
851 2037 949 2076 quam

172 2077 290 2116 muria,
306 2077 398 2119 cujus
414 2073 557 2117 graviore
571 2072 668 2104 odore
689 2079 769 2108 testa
792 2071 949 2112 Byzauua

172 2123 264 2154 oluit.

217 2176 247 2196 v.
266 2163 319 2195 67.
340 2165 412 2195 Hoc
427 2163 480 2193 ubi
495 2167 582 2197 cett„
605 2161 655 2190 ubi
676 2161 732 2191 hoc
742 2159 799 2200 jus
813 2157 946 2198 simplex

173 2211 260 2242 sectis
280 2209 380 2239 herbis
400 2206 568 2248 confusum
591 2203 797 2245 (permixtum
812 2208 847 2233 et
858 2211 945 2232 com-

171 2251 329 2294 positum)
343 2250 493 2292 inferbuit
509 2248 565 2290 (ad
579 2247 688 2288 ignem
708 2246 829 2277 fervere
843 2254 876 2276 et
890 2256 946 2276 aes-

173 2305 265 2328 tuare
278 2293 400 2335 coepit).
548 2334 556 2340 .

219 2351 248 2370 v.
267 2338 322 2371 68.
349 2337 484 2378 Corycio,
506 2335 669 2374 epitheton
684 2343 812 2372 ornans,
833 2334 873 2364 ab
892 2343 949 2373 op-

174 2383 251 2424 pido
265 2390 299 2414 et
310 2380 454 2424 ejusdem
468 2378 605 2409 nominis
619 2377 835 2417 promontorio
851 2381 949 2418 Cory-

174 2439 209 2459 co
225 2427 259 2457 in
273 2425 398 2462 Cilicia,
411 2422 466 2455 ubi
479 2421 619 2461 optimus
633 2432 741 2453 crocus
751 2422 944 2452 nascebatur.

177 2470 264 2502 Plin.
298 2470 346 2501 H.
373 2468 416 2499 N.
445 2465 550 2497 XXI.
574 2463 623 2495 17.
715 2467 808 2502 stetit,
831 2464 949 2495 scilicet

176 2513 385 2555 aliquamdiu,
414 2510 494 2542 dum
523 2508 697 2545 deferbuit3
734 2508 791 2539 sed
818 2508 949 2538 fortasse

175 2557 327 2598 explicari
337 2564 466 2598 quoque
480 2558 600 2593 potest:
621 2551 733 2582 stando
744 2551 949 2592 coagulatum

176 2602 226 2632 vel
251 2607 398 2632 coactum
422 2603 478 2629 est.
526 2595 569 2627 In
598 2596 680 2626 hanc
705 2594 945 2635 explicationem

180 2647 340 2677 Gesner-113
350 2657 362 2675 ,-
388 2647 409 2661 “
425 2641 521 2678 stetit,
537 2638 663 2676 videtur
676 2637 815 2669 indicare
829 2637 947 2669 consis-

176 2689 319 2726 tentiam,
335 2696 431 2729 quam
445 2690 567 2719 vocant,
591 2688 624 2712 et
636 2681 875 2712 crassitudinem
894 2681 948 2723 ju-

176 2733 220 2763 ris
241 2743 261 2763 a
281 2738 411 2763 coctura
434 2736 468 2760 et
490 2725 639 2759 admixtis
661 2726 756 2755 rebus
781 2725 891 2756 siccis”
915 2730 947 2755 et

181 2777 350 2808 Turnebus
364 2774 398 2804 in
414 2775 542 2805 Advers-
559 2770 590 2801 I.
606 2768 660 2799 28-
680 2773 701 2788 “
716 2768 808 2799 Stetit
819 2768 946 2810 elegan-

176 2827 224 2850 ter
238 2819 341 2857 dixit3
363 2827 438 2848 nam
452 2825 526 2857 quae
545 2812 713 2855 liquidiora
734 2818 824 2842 erant
837 2819 870 2843 et
883 2813 944 2842 hu-

176 2862 322 2900 midiora,
344 2861 400 2892 ubi
414 2860 552 2901 aliquam
566 2856 680 2896 adepta
692 2862 768 2886 sunt
781 2854 946 2897 coquendo

178 2907 420 2940 concretionem,
450 2911 532 2934 stare
557 2898 742 2932 dicuntur.'‘
777 2898 863 2939 apud
886 2909 943 2930 nos

179 2960 305 2990 quoque
329 2948 541 2980 conficiuntur
565 2944 636 2982 cibi,
659 2953 738 2984 quos
763 2942 940 2992 appell-ant:

175 2995 384 3032 gestandenes.
422 2991 497 3023 Fuit
509 2987 702 3029 sortassejm
718 2988 829 3029 duplex
843 2985 943 3018 simile

984 1330 1050 1385 sere
1076 1329 1157 1369 cibo,
1181 1330 1238 1372 qui
1258 1341 1335 1362 voce
1360 1332 1597 1375 Francogallica
1618 1334 1751 1367 dicitur:

985 1385 1095 1405 creme.

1029 1427 1058 1447 v.
1077 1416 1132 1448 69.
1151 1420 1266 1449 Pressa
1296 1420 1423 1462 Venasr.
1449 1423 1534 1462 quod
1557 1422 1622 1453 bac.
1647 1424 1753 1457 remis.

986 1462 1079 1496 olivoe,
1093 1461 1238 1502 elegante
1251 1462 1422 1502 periphrasi
1434 1473 1511 1503 pro:
1530 1464 1638 1496 oleum
1653 1466 1760 1498 vena-

987 1504 1115 1535 franum
1128 1516 1139 1543 3
1162 1505 1317 1543 optimum
1340 1506 1428 1537 enim
1441 1506 1548 1537 oleum
1563 1508 1759 1548 exprimeba-

988 1554 1041 1578 tur
1055 1547 1090 1578 in
1103 1558 1182 1589 agro
1199 1548 1382 1580 Venafrano
1394 1549 1430 1580 in
1455 1550 1648 1590 Campania;
1670 1554 1755 1584 conf.

987 1602 1083 1631 supra
1096 1591 1136 1622 ad
1157 1591 1222 1623 od.
1242 1592 1292 1623 11.
1311 1592 1343 1624 6.
1365 1592 1415 1624 16.
1435 1593 1520 1624 Plin.
1541 1593 1588 1625 H.
1610 1596 1654 1626 N.
1675 1596 1756 1628 XV.

987 1634 1019 1665 3.
1038 1636 1169 1672 remisit,
1184 1635 1297 1672 emisit,
1320 1636 1474 1668 submi-t.
1500 1637 1593 1669 Infra
1619 1639 1684 1670 Sat.
1704 1640 1755 1671 11.

985 1678 1018 1710 8.
1034 1677 1088 1709 45.
1108 1680 1172 1710 His
1182 1680 1381 1720 ntiuumjus
1393 1686 1437 1713 est
1446 1694 1460 1712 .-
1476 1682 1548 1718 eleo.
1560 1685 1757 1724 quodprima

994 1723 1125 1764 Veanri
1140 1724 1258 1754 Pressit
1272 1725 1360 1755 caua.

1030 1777 1060 1796 v.
1078 1765 1132 1840 ἒ).
1152 1767 1279 1798 Picenis
1289 1769 1400 1807 pomis,
1411 1768 1499 1799 eon?-
1512 1777 1609 1808 ευριπ
1624 1769 1688 1801 Sot-
1708 1769 1760 1802 IL

987 1860 1071 1885 nam.

1033 1908 1062 1928 v.
1078 1896 1131 1928 71.
1147 1898 1331 1939 Namsacie
1341 1904 1508 1939 prestant,
1522 1909 1598 1931 mm
1615 1900 1761 1933 Tiburtia

990 1947 1120 1972 externa
1134 1947 1259 1972 tantum
1273 1943 1387 1981 specie,
1401 1952 1468 1973 non
1481 1953 1586 1980 succa,
1601 1950 1761 1984 praetant.

990 2003 1035 2009 —-
1057 1987 1228 2021 Venucula,
1251 1995 1322 2021 uva,
1344 1996 1417 2027 qua·
1426 1985 1464 2016 in
1483 1986 1559 2018 ollis
1571 1987 1665 2021 condi
1679 1987 1760 2019 sole-

992 2030 1055 2066 bat,
1077 2038 1155 2059 nos:
1182 2029 1384 2070 eopfrosinen.
1407 2029 1493 2061 conf.
1520 2029 1616 2063 Piim
1644 2032 1693 2064 Η.
1713 2032 1758 2064 Ν»

991 2072 1092 2104 XIV.
1114 2070 1163 2102 14.
1182 2072 1215 2103 6.
1239 2072 1314 2103 hinc
1339 2072 1496 2114 ejusmodi
1517 2085 1586 2106 uvae
1610 2074 1759 2107 dicu-mr

990 2118 1098 2147 ollares
1126 2116 1254 2147 Colum.
1282 2116 1355 2148 111.
1380 2115 1412 2147 2.
1439 2116 1579 2148 Martini.
1599 2118 1683 2150 VH.
1704 2117 1754 2151 19.

990 2159 1023 2189 in
1039 2159 1191 2199 scriptura
1207 2159 1304 2201 hujus
1317 2160 1404 2191 vocis
1424 2166 1497 2192 vett.
1515 2159 1600 2192 Υώιτ.
1618 2162 1754 2195 minut:

990 2205 1156 2241 venumda,
1181 2205 1369 2242 venunmda,
1394 2205 1585 2242 meula,
1608 2207 1758 2243 vesicula,

989 2249 1171 2278 ver—nucula.

1036 2300 1065 2321 v.
1084 2289 1139 2321 72.
1157 2293 1246 2322 Rect-
1265 2292 1419 2323 Albanam
1431 2307 1478 2317 —
1489 2301 1594 2328 um,
1613 2291 1658 2322 οἱ
1675 2291 1760 2324 infra

994 2334 1098 2373 Epist.
1129 2333 1180 2365 11.
1208 2333 1240 2364 8.
1267 2333 1321 2364 26.
1407 2335 1579 2371 damneris,
1596 2334 1759 2368 durabiles

991 2376 1173 2414 reddideris,
1188 2377 1221 2408 h.
1237 2388 1265 2408 e.
1282 2377 1460 2408 servaveris.

1035 2431 1065 2451 v.
1080 2419 1219 2452 73—75.
1239 2422 1338 2452 Hanc
1349 2431 1402 2460 ego
1417 2426 1491 2452 cett.
1505 2420 1634 2462 egregie
1650 2421 1757 2454 Hom-

992 2463 1056 2495 tius
1075 2465 1143 2506 jam
1165 2464 1318 2503 expressit
1340 2463 1506 2505 ingenium
1527 2470 1560 2496 et
1580 2475 1757 2498 sermonen

992 2517 1114 2544 eorum,
1124 2508 1180 2549 qui
1194 2517 1228 2538 se
1241 2507 1362 2547 primos
1373 2506 1508 2549 alicujus
1520 2507 1567 2538 rei
1581 2508 1759 2542 inventores

992 2561 1059 2581 esse
1074 2551 1196 2592 jactant
1209 2557 1407 2591 crepwtque.
1457 2550 1542 2592 Ego,
1564 2551 1620 2589 ait,
1633 2553 1757 2594 sapiens

988 2593 1044 2624 ille
1058 2593 1216 2625 laurarum
1229 2593 1394 2634 epularum
1416 2593 1594 2631 instrum,
1616 2605 1670 2636 ego
1684 2599 1757 2637 pri-

990 2648 1063 2669 mus
1076 2640 1157 2669 hanc
1170 2638 1283 2679 (uvam
1299 2636 1475 2678 Albanam)
1486 2647 1560 2668 cum
1576 2638 1689 2678 pomis,
1703 2651 1757 2681 ego

986 2682 1112 2721 primus
1125 2680 1235 2711 faecem
1249 2687 1282 2711 et
1303 2679 1395 2718 allec,
1420 2687 1454 2711 et
1471 2680 1595 2720 primus
1608 2682 1697 2723 piper
1709 2684 1757 2717 al.

989 2725 1065 2755 bum
1080 2734 1154 2755 cum
1169 2723 1336 2766 salenigro
1349 2723 1555 2764 perci-ibrum
1569 2725 1754 2766 adspersum

990 2767 1078 2807 puris
1091 2766 1204 2798 catillis
1216 2766 1251 2797 in
1265 2777 1374 2798 mensa
1394 2767 1654 2809 circumposuisse
1667 2770 1755 2802 inve-

988 2810 1068 2848 nior,
1095 2810 1160 2841 sive
1181 2811 1325 2842 inventor
1348 2811 1608 2851 circumposuisse
1627 2813 1751 2847 laudor.

988 2855 1113 2896 —soec.
1131 2855 1258 2896 —sm
1272 2854 1357 2885 idem
1372 2854 1556 2895 quodiana
1573 2856 1636 2888 Sat.
1657 2857 1709 2889 11.
1721 2857 1754 2889 8.

988 2898 1018 2928 9.
1035 2899 1159 2940 soecula
1182 2901 1256 2936 Coa,
1280 2898 1312 2928 h.
1331 2908 1359 2928 e.
1376 2898 1439 2929 faex
1461 2905 1531 2930 usta
1552 2901 1755 2941 (gebramuer

988 2941 1158 2980 weinstein.)
1174 2941 1236 2972 vid.
1252 2951 1332 2982 quos
1348 2941 1460 2973 laudat
1484 2944 1604 2975 Heind-
1621 2943 1683 2976 fuit
1697 2955 1754 2976 au·-

988 2992 1053 3017 tem
1067 2985 1259 3018 condimenti
1274 2995 1386 3027 genus,
1410 2985 1495 3027 quod
1516 2986 1689 3023 addebatur,
1706 2991 1755 3020 al·

1210 1811 1364 1848 Tiburtia,
1382 1810 1502 1843 'rihme
1521 1813 1628 1854 (nunc
1646 1813 1760 1854 woh)
