1904 3250
203 202 291 242 530

835 195 1144 238 HORATII

1582 199 1692 249 [ΜΒ.
1714 209 1770 239 Π.-

323 325 415 369 Des
436 338 645 374 nummos,
667 329 848 378 excepta
867 320 975 362 nihil
993 330 1036 363 te
1056 323 1092 363 si
1110 321 1213 380 fuga
1230 323 1370 366 laedit:

322 398 403 440 Ille
422 396 529 438 ferat
548 395 732 451 pretium
751 408 891 449 poenae
913 409 1100 445 securus,
1122 395 1286 450 opinor.

326 470 521 512 Prudens
543 467 680 509 emisti
700 467 922 508 vitiosum:
954 467 1069 509 dicta
1087 468 1164 510 tibi
1184 477 1248 510 est
1266 468 1338 510 lex
1349 485 1361 518 ;

324 537 564 594 Insequeris
586 544 726 577 tamen
746 535 862 577 hunc
881 543 924 578 et
942 536 1015 579 lite
1033 538 1211 579 moraris
1232 537 1405 594 iniqua?

235 614 293 651 20
325 608 431 651 Dixi
452 622 519 648 me
540 606 712 664 pigrum
731 606 1018 662 proficiscenti
1037 608 1127 659 tibi,
1150 607 1241 649 dixi

326 681 504 723 Talibus
525 679 672 722 officiis
692 694 827 736 prope
847 695 1068 722 mancum:
1099 696 1153 723 ne
1173 696 1267 723 mea
1287 695 1422 722 saevus

325 751 353 793 J
355 764 541 807 urgareS,
565 749 684 810 adm
705 749 821 806 quod
841 750 1019 806 epistola
1038 750 1156 792 nulla
1175 751 1348 792 veniret.

329 822 450 873 Quid
470 831 561 864 tum
580 821 755 878 profeci,
778 838 945 865 mecum
965 822 1160 865 facientia
1173 824 1273 880 jura

328 893 374 935 Si
393 900 535 934 tamen
556 900 736 934 attentas
752 891 772 935 ?

833 893 1036 943 Quereris
1059 909 1186 949 super
1205 893 1288 936 hoc
1308 894 1447 945 etiam,
1464 893 1581 951 quod

235 966 290 1004 25
324 961 562 1018 Expectata
581 962 659 1004 tibi
678 977 766 1004 non
786 963 949 1004 mittam
971 963 1159 1004 carmina
1178 963 1376 1005 mendax.

327 1031 498 1075 Luculli
518 1031 640 1073 miles
661 1032 841 1074 collecta
859 1032 1011 1074 viatica
1031 1032 1174 1074 multis

329 1101 568 1152 AErumniS‚
590 1101 725 1143 lassus
746 1102 848 1144 dum
869 1110 999 1144 noctu
1019 1103 1168 1154 stertit,
1191 1103 1246 1146 ad
1266 1119 1403 1146 assem

330 1174 608 1225 Perdiderat3
640 1183 738 1231 post
757 1174 841 1217 hoc
861 1175 1086 1218 vehemens
1106 1177 1246 1233 lupuS‚
1269 1185 1312 1219 et
1331 1177 1411 1220 sibi
1431 1184 1474 1218 et
1492 1176 1604 1218 hosti
1655 1211 1658 1212 γ

328 1245 468 1288 Iratus
488 1246 660 1301 pariter,
677 1246 832 1302 jejunis
854 1246 1051 1288 dentibus
1073 1262 1182 1298 acer,

207 1372 210 1375 ι
239 1321 296 1359 30
331 1316 585 1359 Praesidium
605 1317 748 1375 regale
767 1317 862 1360 loco
883 1317 1046 1375 dejecit,
1069 1326 1117 1360 ut
1136 1318 1266 1370 aiunt,

212 1435 298 1476 loco)
315 1437 443 1467 habenae
455 1436 548 1467 latuit
569 1435 618 1476 (se
638 1434 820 1475 occultavit)
837 1436 874 1466 in
892 1435 981 1477 (sub)

210 1482 325 1516 seculis,-
349 1480 562 1510 tenebricosus
583 1479 669 1509 enim
693 1481 752 1509 sub
780 1478 870 1509 scalis
895 1479 984 1509 locus

213 1528 415 1563 opportunus
429 1529 475 1553 est
488 1522 783 1555 sesenccultaturis.
828 1523 984 1554 Gesnerus

215 1566 251 1597 in
264 1568 345 1597 hanc
359 1577 426 1596 rem
442 1566 533 1596 affert
552 1566 657 1596 locum
683 1566 844 1597 Ciceronis
869 1576 907 1596 ex
937 1565 985 1596 O·

215 1617 274 1641 rat.
292 1620 323 1650 p.
341 1610 415 1640 Mil.
433 1619 460 1640 c.
482 1608 533 1640 15.
551 1609 592 1640 de
609 1609 732 1646 Clodio,
746 1609 801 1650 qui
802 1610 938 1652 fugiens
952 1611 988 1640 in

216 1656 377 1686 scalarum
406 1655 544 1685 tenebras
574 1664 605 1685 se
633 1654 759 1684 abdidit.
851 1655 987 1691 habenae,

216 1697 354 1734 senticae,
378 1697 446 1727 lori.
478 1696 572 1728 Ovid.
601 1696 735 1727 Heroid.
754 1697 822 1727 IX.
840 1695 894 1728 81.
918 1707 987 1728 scu-

217 1743 291 1773 ticoe
306 1741 504 1783 tremefactus
519 1741 654 1772 habenis.

262 1795 290 1815 v.
311 1783 361 1822 17,
381 1783 431 1815 18.
456 1786 518 1816 Ille
533 1785 626 1826 ferat
646 1785 784 1824 pretium
808 1789 879 1814 cett.
886 1805 896 1821 ‚
920 1783 989 1824 jam

218 1828 362 1869 sequitur
374 1826 541 1868 apodosis;
555 1827 656 1858 oratio
671 1828 755 1857 enim
770 1828 906 1857 cohaeret
920 1828 965 1857 sic
977 1839 984 1858 ε

221 1872 256 1903 si
271 1871 341 1912 quis
354 1872 410 1902 tibi
426 1871 541 1902 vendat
555 1881 700 1910 puerum,
717 1877 758 1908 et,
773 1871 800 1901 si
814 1881 878 1912 qua
890 1871 918 1901 ei
933 1870 989 1901 ad-

218 1916 340 1946 haerent
362 1915 447 1953 vitia,
463 1925 501 1946 ea
514 1921 546 1945 te
561 1914 647 1944 haud
661 1914 741 1945 celet
754 1925 764 1952 ς
786 1914 941 1955 equidem,
959 1921 990 1944 te

218 1959 249 1989 ei
263 1958 304 1989 de
318 1959 465 1990 emtionis
484 1957 585 1998 pretio
610 1957 696 1988 haud
719 1957 807 1988 litem
828 1957 991 1988 intendere

220 2012 320 2041 posse,
345 2002 502 2039 existimo,
530 2011 604 2031 nam
634 2007 671 2030 tu
696 2000 797 2030 sciens
820 2001 991 2040 volensque

220 2044 326 2075 emisti
341 2054 476 2084 puerum
491 2044 649 2074 vitiosum.
697 2043 788 2073 Num
812 2051 847 2073 tu
875 2043 990 2073 nihilo-

222 2089 331 2119 minus
358 2097 551 2128 mangonem
580 2086 613 2116 in
638 2086 694 2127 jus
721 2087 867 2117 vocabis?
930 2086 993 2117 Par

222 2132 303 2162 ratio
317 2138 364 2163 est
377 2131 456 2161 mihi
470 2138 575 2162 tecum
590 2143 599 2168 ;
623 2140 684 2171 ego
706 2130 763 2160 tibi
786 2129 993 2170 proficiscenti

223 2182 331 2216 aperte
353 2175 429 2212 dixi,
459 2185 511 2205 me
540 2184 606 2204 esse
635 2174 758 2204 lentum
787 2174 992 2213 epistolarum

223 2218 425 2259 scriptorem3
449 2224 482 2249 et
509 2223 546 2248 tu
569 2217 776 2247 nihilominus
799 2227 927 2248 mecum
953 2217 993 2248 de

223 2273 272 2299 eo,
303 2262 388 2304 quod
414 2262 471 2293 tibi
493 2271 558 2292 non
586 2260 705 2301 scripsi,
731 2260 989 2300 expostulas?—

223 2317 324 2348 poenae
355 2316 491 2343 seem-ux,
514 2305 617 2335 omnis
637 2314 722 2335 curae
751 2304 791 2335 de
820 2305 994 2335 commissoe

226 2350 348 2380 fraudis
376 2359 470 2390 poena
490 2358 617 2388 expers:
644 2358 722 2379 nos:
756 2350 833 2380 ohne
861 2351 919 2380 alle
948 2350 997 2379 be-

227 2395 363 2434 sorgniss
385 2396 470 2424 einer
490 2393 797 2423 verantwortlickkeit
815 2403 918 2432 wege-n
933 2393 997 2423 die-

227 2449 272 2469 ses
287 2437 438 2479 verkaqfs.
469 2434 480 2441 ⁶
528 2438 610 2466 dicta
626 2437 680 2466 tibi
693 2441 737 2466 est
758 2437 813 2471 lex,
836 2435 994 2475 proposita

227 2481 285 2512 tibi
313 2486 361 2511 est
389 2479 536 2510 emtionis
563 2478 712 2515 conditio,
746 2479 834 2520 fugae
863 2478 991 2517 scilicet,

225 2534 324 2566 quam
339 2522 456 2554 venalis
469 2529 651 2559 tentaverat,
667 2522 829 2552 indicium.

273 2578 302 2598 v.
335 2566 385 2598 19.
421 2569 474 2598 lice
494 2567 623 2597 moraris
646 2566 785 2606 iniqua?
809 2565 941 2596 breviter
963 2571 995 2597 et

230 2612 391 2653 eleganter
418 2620 495 2650 pro:
526 2609 731 2639 nihilominus
756 2618 868 2648 praeter
884 2610 939 2650 jus
964 2617 995 2640 et

229 2655 409 2698 aequitatem
432 2654 520 2684 litem
545 2652 585 2683 de
609 2652 759 2683 solvenda
779 2653 913 2692 pecunia
926 2663 995 2683 mo-

230 2698 334 2730 vendo
362 2704 394 2729 et
421 2698 466 2728 sic
487 2706 591 2728 moras
615 2695 770 2726 nectendo
798 2706 873 2727 eum
902 2707 995 2727 vexas

230 2743 323 2785 eique
337 2742 463 2773 facessis
476 2739 640 2782 negotium
652 2739 666 2769 ἲ

273 2797 303 2817 v.
316 2785 370 2817 21.
402 2786 528 2817 Talibus
542 2785 659 2828 qffipr.
677 2794 838 2818 mancum,
853 2782 928 2820 dixi,
944 2793 997 2814 me

232 2840 300 2862 esse
320 2830 481 2860 hominem
507 2827 653 2858 manibus
677 2826 765 2867 quasi
788 2826 829 2857 ad
852 2826 998 2858 obeunda

231 2875 308 2905 talia
326 2873 430 2905 officia
446 2871 501 2914 (ad
516 2870 691 2903 scribendas
711 2869 843 2907 litteras)
867 2870 998 2900 destitu-

232 2925 324 2955 tum;
353 2917 576 2948 obversabatur
598 2914 727 2945 fortasse
753 2913 889 2944 Horatio
911 2914 999 2944 locus

238 2961 344 2992 Plauti
372 2961 405 2991 in
429 2960 561 2991 Mercat.
579 2958 649 2990 111.
664 2955 696 2989 4.
713 2955 767 2988 45.
792 2959 835 2988 ad
847 2959 998 2989 mandata

1026 1437 1169 1472 claudus,
1186 1447 1294 1472 emens,
1317 1442 1435 1472 mutus,
1458 1447 1602 1473 mancus,
1619 1437 1732 1468 debilis.
1750 1457 1795 1464 -

1026 1491 1067 1510 ne
1095 1490 1163 1510 mea
1186 1486 1273 1516 cett„
1294 1479 1417 1520 junge:
1443 1491 1483 1512 ne
1513 1491 1612 1511 scevus
1631 1481 1794 1521 jurgares,

1028 1525 1109 1563 quod
1138 1525 1228 1554 nulla
1256 1535 1326 1554 mea
1350 1525 1470 1563 epistota
1491 1526 1534 1554 ad
1556 1530 1585 1554 te
1606 1525 1734 1555 veniret.
1751 1541 1796 1548 ·-

1028 1577 1136 1602 smus,
1153 1567 1198 1597 ira
1212 1567 1352 1603 saeviens,
1369 1568 1399 1597 h.
1417 1577 1444 1597 e.
1462 1567 1599 1597 nimium
1615 1567 1759 1598 irascens.

1076 1620 1104 1640 v.
1123 1609 1176 1640 22.
1203 1612 1244 1640 ad
1266 1615 1296 1641 te
1321 1613 1403 1650 quod
1424 1622 1470 1651 ep.
1501 1622 1533 1642 n.
1561 1613 1686 1646 veniret,
1711 1610 1797 1652 quod

1032 1653 1154 1684 nuliam
1169 1664 1189 1684 a
1202 1663 1255 1684 me
1269 1654 1423 1694 acciperes
1436 1653 1621 1694 epistolam3
1644 1654 1795 1694 epistolae,

1029 1707 1102 1738 quae
1131 1698 1337 1736 accipiuntur,
1371 1697 1495 1736 saepius,
1525 1698 1684 1737 precipue
1711 1698 1797 1737 apud

1033 1740 1195 1775 Ovidium,
1227 1743 1329 1772 venire
1357 1741 1518 1772 dicuntur.
1561 1741 1646 1772 Pro:
1682 1744 1799 1773 veniret

1031 1783 1066 1813 in
1096 1783 1287 1825 quibusdam
1310 1783 1394 1815 Edd.
1425 1791 1501 1815 vett.
1530 1783 1647 1826 legitur
1675 1786 1799 1822 rediret,

1032 1828 1118 1868 quod
1146 1826 1288 1858 defendit
1321 1829 1487 1863 Gesner-us,
1517 1834 1555 1858 ut
1581 1828 1640 1859 sit:
1683 1828 1801 1869 “quod

1032 1870 1113 1901 nihil
1133 1872 1174 1901 ad
1198 1871 1325 1901 missam
1352 1882 1372 1901 a
1395 1877 1428 1902 te
1448 1871 1612 1910 epistolam
1633 1871 1802 1915 responde-

1032 1914 1144 1952 rem;¹’
1167 1914 1223 1945 sed
1245 1916 1383 1953 primum
1405 1914 1554 1954 epistolae,
1584 1925 1604 1946 a
1637 1914 1732 1946 Floro
1760 1915 1801 1946 ad

1037 1957 1210 1988 Horatium
1233 1960 1346 1995 missae,
1362 1957 1403 1988 ad
1417 1968 1514 1999 quam
1529 1958 1580 1989 hic
1594 1968 1660 1990 non
1673 1968 1801 1999 respon-

1034 2001 1124 2036 derit,
1157 2001 1246 2032 nulla
1274 2001 1357 2032 facta
1381 2009 1429 2032 est
1457 2002 1597 2039 mentio;
1621 2001 1736 2033 deinde
1765 2013 1803 2033 ea

1033 2048 1159 2073 tantum
1184 2045 1314 2083 epistola
1337 2045 1399 2076 dici
1422 2051 1523 2085 potest
1542 2047 1652 2084 redire,
1675 2056 1748 2088 quae
1768 2046 1803 2076 in

1035 2086 1153 2122 locum,
1170 2087 1256 2117 unde
1270 2090 1435 2125 missaeet,
1449 2089 1542 2119 redit.

1079 2139 1108 2160 v.
1127 2129 1181 2167 23,
1197 2128 1250 2160 24·-
1274 2133 1358 2166 Quid
1372 2133 1533 2163 tum—Si
1547 2138 1622 2163 tam.
1638 2138 1771 2164 attentas
1783 2133 1800 2164 ἒ

1035 2173 1114 2214 quid
1139 2175 1217 2204 mihi
1239 2174 1358 2214 profuit
1385 2174 1482 2204 libera
1505 2174 1647 2216 pigritiae*
1666 2184 1746 2206 meae
1767 2175 1802 2206 in
1819 2189 1826 2195 -

1035 2217 1206 2248 scribendis
1227 2218 1337 2248 litteris
1361 2217 1520 2258 professio,
1547 2218 1573 2248 si
1596 2217 1803 2250 nihilominus

1036 2260 1145 2296 dejis,
1168 2271 1240 2301 quae
1262 2268 1368 2292 tecum
1389 2260 1538 2301 depactus
1561 2271 1642 2298 sum,
1666 2271 1718 2292 me
1744 2263 1803 2293 im-

1037 2315 1161 2346 pugnas
1170 2305 1186 2334 ?
1260 2316 1356 2345 super
1369 2307 1433 2342 Ιιοο,
1450 2311 1561 2344 praeter
1574 2305 1645 2341 hoc,
1661 2305 1799 2346 insuper.

1038 2358 1039 2361 ¹
1084 2358 1111 2379 v.
1126 2346 1178 2378 25.
1204 2351 1344 2384 merida-c,
1360 2347 1588 2389 significantius
1602 2358 1679 2388 pro:
1705 2359 1775 2390 ego.

1083 2402 1113 2423 v.
1130 2391 1182 2427 26,
1199 2391 1253 2423 2¹7.
1275 2393 1396 2429 viatica,
1411 2392 1504 2427 bona,
1519 2392 1635 2432 quibus
1648 2399 1804 2424 sustenta-

1036 2442 1089 2467 tus
1117 2435 1246 2476 reliquae
1275 2435 1346 2466 vitae
1378 2435 1514 2474 spatium
1547 2434 1742 2474 decurreret3
1758 2457 1803 2463 —.

1036 2481 1169 2516 collecta,
1185 2486 1248 2509 tam
1264 2488 1303 2509 ex
1318 2478 1451 2517 acceptis
1463 2477 1635 2518 stipendiis,
1650 2489 1747 2520 quam
1763 2490 1802 2510 ex

1038 2522 1144 2563 praeda
1171 2521 1264 2553 facta.
1373 2523 1481 2553 multis
1518 2523 1700 2559 AErumnis,
1730 2533 1802 2564 quae

1030 2566 1131 2596 militi
1143 2564 1177 2596 in
1192 2564 1275 2596 bello
1287 2565 1485 2596 exantlandae
1505 2571 1589 2596 sunt.
1636 2568 1679 2597 ad
1692 2577 1802 2604 assem,

1037 2610 1144 2640 omnia
1158 2619 1195 2640 ac
1210 2608 1358 2650 singulm
1381 2608 1429 2639 uti
1453 2620 1558 2640 omnes
1579 2611 1622 2640 ad
1644 2621 1748 2642 unum
1763 2609 1803 2641 de

1036 2653 1184 2684 omnibus
1198 2662 1234 2683 ac
1249 2651 1391 2693 singulis-
1777 2669 1779 2671 ·

1081 2707 1111 2727 v.
1128 2695 1181 2726 28.
1201 2701 1271 2737 post
1298 2698 1363 2730 hoc.
1389 2701 1461 2736 post
1481 2695 1603 2735 perdita
1623 2695 1745 2728 viatica.
1759 2717 1804 2723 -—-

1027 2742 1152 2772 vehem.
1170 2741 1264 2780 lupus
1280 2739 1330 2781 (a.
1347 2739 1463 2779 λύκος),
1479 2739 1566 2770 velut
1584 2740 1688 2780 lupus,
1711 2741 1803 2771 vehe-

1040 2783 1192 2814 mentiore
1204 2782 1252 2813 ira
1266 2782 1402 2821 percitus
1413 2794 1424 2820 3
1445 2785 1533 2814 canis
1547 2785 1703 2815 vehemens
1717 2783 1803 2824 apud

1029 2827 1167 2858 Phaet-ir.
1188 2826 1237 2857 11.
1256 2825 1287 2857 3.
1309 2825 1336 2856 1.
1362 2825 1403 2856 de
1427 2826 1541 2858 omissa
1565 2827 1805 2867 comparationis

1040 2870 1192 2911 particula
1207 2870 1268 2900 vid.
1283 2880 1377 2910 supra
1391 2869 1430 2900 ad
1446 2880 1474 2900 v.
1492 2869 1524 2901 8.

1084 2925 1113 2944 v.
1130 2913 1184 2944 29.
1199 2914 1322 2954 jejunis
1342 2914 1486 2945 dentibus
1506 2924 1586 2949 acer.
1611 2914 1680 2955 jam
1699 2913 1802 2945 denti-

1041 2959 1102 2990 bus
1114 2957 1271 2996 tribuitur,
1287 2957 1372 2998 quod
1387 2957 1511 2998 proprie
1525 2956 1659 2999 pertinet
1679 2957 1720 2989 ad
1739 2962 1803 2989 nto-
