1904 3250
182 143 268 182 234
810 144 1114 189 HORATII

1551 152 1659 200 [Lm.
1682 162 1738 190 ιν.

212 270 267 309 25
299 266 452 311 Terret
470 270 685 312 ambustus
709 269 930 312 Phaethon
951 286 1098 314 avaras

299 338 426 395 Spes:
459 348 500 381 et
520 339 759 395 exemplum
778 354 907 396 grave
926 340 1089 396 praebet
1108 342 1195 385 ales

298 411 498 470 PegasuS‚
521 421 731 454 terrenum
752 412 933 469 equitem
942 416 1149 471 *graVatus

700 482 1072 541 Bellerophontem
1084 503 1094 529 ε

299 557 472 610 Semper
493 562 539 596 ut
558 562 599 596 te
620 554 748 613 digna
768 571 955 614 sequare,
977 566 1030 609 et,
1052 559 1164 602 ultra

211 633 266 671 30
299 628 439 679 Quam
459 627 556 669 licet
577 643 744 684 sperare
764 629 879 671 nefas
898 631 1101 686 putando,

296 700 522 755 Disparem
544 699 660 741 vites.

726 701 820 759 Age
834 703 920 758 jam
942 719 1134 746 meorum

702 769 816 812 Finis
836 766 1039 823 amOrum,

295 841 394 883 Non
414 841 525 883 enim
545 841 720 897 posthac
741 842 822 884 alia
841 844 986 886 calebo

298 911 482 962 Femina,
505 911 698 954 condisce
721 913 881 964 modos,
904 915 1084 956 amanda

208 985 263 1023 35
296 981 411 1022 Voce
432 995 536 1038 quos
557 980 732 1023 reddas:
764 983 1005 1025 minuentur
1025 991 1129 1025 atrae

701 1054 897 1097 Carmine
917 1071 1046 1098 curae.

179 1258 273 1290 sotini
287 1257 328 1289 de
346 1258 410 1289 Die
427 1257 531 1289 Natal-
558 1268 584 1288 c.
609 1258 640 1289 3.
692 1261 798 1294 Quum
819 1260 936 1300 sing-uli

177 1304 314 1334 homines
341 1313 412 1333 suos
436 1305 650 1333 tantummodo
673 1304 810 1344 onprios
836 1305 935 1335 colant

177 1347 296 1378 natales
307 1361 318 1383 ,-
342 1357 395 1386 ego
409 1352 516 1377 tamen
530 1347 645 1386 duplici
655 1348 823 1388 quotannis
838 1349 936 1389 qffi’cio

177 1390 305 1430 hujusce
326 1391 478 1430 religionis
498 1391 682 1430 adstringor.
727 1391 816 1421 Nam
838 1402 938 1432 quum

175 1445 212 1465 ez·
225 1439 254 1465 te
272 1439 388 1474 tuaque
407 1434 544 1464 amicitia
565 1435 720 1471 honorem,
743 1435 936 1474 dignitatem,

176 1480 270 1509 decus
283 1483 376 1518 atque
385 1478 578 1517 praesidium,
595 1484 707 1508 cuncta
723 1479 855 1519 denique
865 1480 935 1510 vitae

169 1522 304 1562 praemia
333 1522 480 1561 recipiam
493 1536 504 1557 ;
535 1521 624 1562 nefas
644 1523 784 1557 arbitrer,
809 1523 835 1553 si
855 1523 937 1553 diem

175 1571 280 1602 tuum,
296 1565 352 1605 qui
364 1569 394 1595 te
408 1566 485 1596 mihi
499 1566 533 1595 in
547 1567 629 1596 hanc
643 1566 742 1596 lucem
755 1566 858 1602 edidit,
871 1576 936 1596 meo

174 1610 226 1640 illo
249 1609 372 1649 proprio
402 1609 606 1648 negIIgenlius
633 1609 826 1640 celebravere.
877 1611 937 1642 Ille

174 1653 260 1684 enim
288 1653 365 1683 mihi
388 1653 495 1689 vitam,
517 1653 566 1682 hic
581 1652 734 1694 finctum
755 1653 825 1683 vitoe
844 1659 937 1695 atque

131 1726 133 1728 .
175 1701 398 1727 ammentum
409 1696 535 1735 peperit.

217 1749 246 1769 v.
265 1737 405 1769 21-36.
421 1740 589 1779 occupavit,
604 1738 660 1770 tibi
683 1739 851 1780 praeripuit,
875 1751 938 1773 non

174 1789 239 1815 tuae
260 1784 346 1814 sortis
357 1783 520 1823 juvenem,
543 1792 608 1813 non
629 1782 677 1813 tui
697 1782 757 1814 loci
775 1782 935 1823 juvenem,

174 1826 229 1858 sed
243 1836 359 1868 genere
372 1832 404 1856 et
418 1826 543 1857 fortuna
557 1825 652 1867 longe
666 1837 686 1857 a
706 1833 738 1857 te
758 1826 933 1858 distantem.

173 1875 311 1910 —grat.
343 1871 477 1910 compca.
503 1873 596 1901 vince.
625 1869 767 1900 similiter
792 1881 876 1911 supr.
904 1871 932 1902 Ι.

173 1913 228 1945 33.
259 1911 308 1944 14.
358 1915 494 1954 Myrtale
522 1919 647 1953 poetam
673 1919 767 1954 grata
796 1917 936 1956 compede

173 1958 308 1989 detinere
334 1956 458 1994 dicitur,
489 1956 544 1987 ubi
573 1956 637 1988 vid.
668 1965 732 1988 not.
827 1960 935 1991 Terret

173 2002 306 2033 ambust.
334 2002 463 2033 Phaeth.
488 2012 576 2032 avar.
601 2011 676 2041 spes,
699 2012 719 2032 a
733 2011 837 2032 rerum
853 2001 936 2034 ultra

173 2051 288 2076 sortem
302 2051 440 2075 nostram
455 2043 627 2084 positarum
641 2045 812 2085 cupiditate
825 2045 938 2077 misera

177 2087 391 2125 Pliaethontis
413 2087 549 2118 fulmine
571 2087 660 2119 Jovis
681 2089 846 2125 combusti,
871 2099 936 2121 sors

174 2142 232 2163 nos
246 2131 400 2163 deterrere
415 2131 515 2162 debet.
537 2133 735 2164 Phaethontis
755 2132 863 2164 sabula
884 2133 934 2164 vel

175 2185 215 2207 ex
229 2174 346 2207 Ovidio
360 2175 440 2205 Met.
457 2175 505 2206 11.
527 2174 542 2205 l
554 2185 639 2216 seqq.
654 2176 728 2207 satis
738 2183 823 2208 nota.
861 2179 934 2215 ales,

175 2218 284 2255 alatus,
299 2224 337 2249 ut
351 2228 444 2257 supra
461 2218 532 2249 111.
553 2217 602 2249 12.
619 2218 651 2249 4«.
687 2222 843 2261 Cythereae
851 2232 935 2261 puer

174 2265 245 2299 ales.
261 2262 302 2293 de
319 2262 439 2293 Amore
453 2262 544 2293 alato.
605 2269 718 2295 terren.
736 2265 829 2305 equit.
839 2269 933 2305 grav.

175 2307 349 2347 ,Bellen-oph.
367 2305 501 2347 quinon
523 2306 606 2343 tulit,
629 2306 683 2337 sed
703 2308 847 2343 excussit,
872 2318 935 2349 quo

175 2349 371 2392 gravabatur,
400 2349 541 2379 mortalis
569 2349 758 2381 conditionis
785 2351 933 2393 equitem,

178 2393 724 2433 Bellerophontem—Bellerophon
735 2394 852 2426 scilicet
860 2405 934 2426 cum

176 2438 209 2468 in
225 2447 287 2468 usu
299 2436 366 2473 illo,
380 2435 421 2467 ad
435 2446 528 2477 quem
543 2436 676 2468 traditus
697 2438 726 2468 ei
747 2449 766 2469 a
788 2438 935 2470 Minerva

176 2482 280 2512 fuerat
296 2478 445 2526 Pegasus,
462 2479 539 2522 (vid.
558 2490 650 2519 supra
664 2481 702 2512 ad
728 2482 755 2512 Ι.
782 2481 834 2513 27.
859 2481 931 2523 24⁴.)

177 2524 264 2556 haud
358 2523 367 2530 ⁶
436 2530 491 2560 ret,
508 2523 562 2554 sed
583 2534 639 2563 per
659 2525 797 2556 eundem
819 2527 931 2557 caelum

176 2568 255 2599 adeo
274 2534 371 2599 stulte
390 2566 544 2608 petiisset3
575 2577 721 2598 excussus
742 2577 774 2600 et
793 2569 934 2611 dejectus

175 2614 216 2643 ab
229 2611 285 2643 illo
298 2610 334 2641 in
347 2619 473 2651 campos
496 2610 605 2641 Aleios
626 2621 734 2652 graves
754 2613 934 2644 temeritatis

178 2666 245 2686 suae
259 2665 366 2695 poenas
386 2653 563 2686 dedin'vid.
589 2656 770 2695 Inter-preu-
794 2657 834 2688 ad
859 2657 931 2698 Hy-

176 2699 242 2741 gin.
270 2699 346 2730 Fab.
374 2697 488 2730 LVII.
517 2697 767 2738 Bellerophontis
783 2701 933 2739 exemplo

176 2742 217 2773 ad
231 2742 374 2773 homines
387 2740 562 2773 arctorum
583 2742 756 2773 temeritate
777 2743 933 2775 deterren-

176 2786 234 2817 dos
254 2796 331 2817 usus
351 2795 476 2827 quoque
496 2783 553 2823 est,
574 2791 612 2816 ut
632 2786 773 2817 observat
795 2789 931 2823 Mitsclz„

179 2829 308 2860 Pindar.
333 2829 444 2860 Isthm.
469 2827 551 2860 VII.
575 2827 621 2870 60,
640 2839 723 2870 seqq.
743 2829 783 2860 cf.
810 2830 930 2861 Pallad.

179 2873 300 2904 LXII.
318 2872 348 2904 5.
369 2873 399 2904 6.
427 2873 527 2904 Anth.
556 2873 612 2904 Gr.
637 2872 677 2903 Τ.
705 2873 775 2904 ΙΙΙ.
801 2884 831 2913 p.
861 2872 930 2904 127.

178 2933 220 2940 —
235 2919 398 2957 disparem,
415 2916 510 2955 idem}
525 2916 610 2959 quod
624 2927 652 2947 v.
671 2915 723 2947 22.
749 2916 844 2948 dixit:
871 2929 936 2948 non

178 2965 240 2990 tuce
268 2963 355 2993 sortis
370 2961 534 3001 juvenem.
589 2960 629 2992 In
655 2960 848 2998 sententiam,
873 2971 936 3002 qua

978 1259 1121 1291 homines
1135 1261 1175 1291 ab
1189 1270 1294 1292 amore
1309 1260 1432 1301 dispari,
1447 1262 1478 1292 h.
1492 1271 1519 1292 e.
1538 1260 1619 1293 inter
1637 1260 1739 1292 homi·

979 1314 1035 1334 nes
1049 1303 1119 1334 loco
1134 1310 1164 1334 et
1178 1304 1305 1335 fortuna
1318 1305 1376 1336 sibi
1390 1304 1527 1345 dispares
1540 1305 1664 1346 juncto,
1686 1315 1738 1336 ca-

979 1357 1052 1378 vere
1067 1347 1124 1378 sibi
1141 1347 1304 1388 jubentur,
1319 1348 1381 1378 vid.
1406 1348 1547 1390 AEscbyl.
1575 1348 1736 1380 Prometh.

983 1390 1088 1421 Vinci.
1122 1390 1188 1421 892
1223 1402 1307 1432 seqq.
1341 1398 1373 1422 et
1405 1392 1588 1423 Callimach.
1623 1392 1735 1433 Epigr.

983 1433 1180 1465 XXXVII.
1203 1435 1301 1465 Anth.
1323 1435 1380 1466 Gr.
1401 1436 1440 1466 T.
1459 1434 1619 1476 1.p.221.
1641 1435 1735 1466 Ovid-

981 1478 1062 1508 Her.
1093 1477 1162 1509 lx.
1186 1477 1238 1509 32.
1285 1480 1320 1510 Si
1338 1490 1402 1520 qua
1423 1481 1501 1511 voles
1521 1485 1592 1520 apte
1613 1480 1738 1516 nahem,

978 1523 1062 1553 nube
1072 1523 1152 1562 pari.
1232 1524 1458 1566 meorumfinis
1471 1533 1625 1559 amorum,
1643 1522 1674 1554 0
1688 1528 1736 1559 tu,

979 1575 1074 1607 quam
1089 1575 1186 1596 unam
1201 1571 1233 1596 et
1246 1565 1345 1596 solam
1365 1565 1401 1596 in
1420 1572 1582 1606 posterum
1602 1566 1736 1603 amabo3

979 1609 1071 1650 cujus
1085 1619 1174 1639 amor
1187 1608 1273 1640 solus
1286 1618 1339 1640 me
1351 1609 1472 1649 irrupta
1485 1619 1607 1649 semper
1619 1610 1653 1640 in
1666 1618 1740 1648 pos-

979 1658 1082 1683 terum
1098 1652 1216 1683 tenebit
1229 1652 1362 1693 copula;
1377 1659 1490 1684 notum
1504 1658 1551 1684 est
1562 1651 1644 1683 illud
1658 1651 1740 1683 Pro-

980 1695 1070 1736 pertii
1086 1695 1115 1726 1.
1137 1694 1186 1726 12.
1216 1695 1265 1726 19.
1312 1698 1363 1728 Ma·
1382 1707 1484 1738 neque
1504 1707 1612 1728 amm-e
1630 1697 1738 1733 aliam,

980 1750 1080 1780 neque
1107 1741 1144 1771 ab
1172 1742 1230 1771 hac
1257 1741 1406 1772 discedere
1421 1740 1483 1783 sas
1505 1745 1547 1771 est
1560 1752 1572 1771 .-
1590 1741 1738 1781 'Cynthia

975 1785 1081 1824 prima
1089 1783 1175 1825 ficit,
1199 1785 1332 1824 Cynthia
1341 1785 1424 1826 finis
1443 1784 1512 1815 erit.
1601 1784 1739 1814 condius

980 1829 1093 1864 modos,
1118 1829 1245 1859 amand.
1271 1837 1349 1858 voce·
1366 1831 1443 1868 q'uos
1468 1827 1587 1863 reddas,
1617 1825 1690 1857 veni
1707 1831 1740 1856 et

980 1869 1076 1907 disce,
1099 1880 1178 1911 quos
1199 1869 1240 1900 ad
1261 1870 1361 1911 lyram
1384 1869 1441 1902 tibi
1464 1869 1590 1910 praeibo.
1615 1868 1738 1907 modos,

978 1919 1016 1944 ut
1041 1913 1166 1944 eosdem
1192 1913 1319 1944 amabili
1341 1923 1417 1945 voce
1439 1913 1586 1945 decantes
1593 1924 1604 1952 3
1631 1915 1737 1951 redde,

979 1957 1019 1988 cf.
1038 1967 1131 1997 supra
1143 1956 1184 1988 ad
1199 1957 1265 1989 1v.
1280 1957 1312 1989 6.
1329 1955 1383 1988 43.
1400 1974 1403 1977 ·
1670 1974 1672 1978 ν

1197 2044 1409 2076 CARMEN
1433 2043 1520 2076 XII.
1539 2055 1542 2061 ·
1571 2061 1573 2063 >
1594 2062 1605 2066 =-

976 2134 979 2138 ‘
1023 2132 1124 2168 Veris,
1162 2131 1247 2173 quod
1276 2131 1348 2170 ibat,
1366 2131 1556 2162 'amoenitate
1581 2130 1737 2162 fruiturus

974 2176 1081 2218 jocose
1105 2182 1138 2207 et
1151 2174 1354 2206 familiariter
1380 2174 1553 2216 Virgilium
1579 2183 1673 2204 mum
1694 2172 1736 2204 ad

978 2220 1108 2250 hilarem
1137 2219 1397 2259 compotationem
1419 2218 1559 2249 advocat.
1608 2216 1738 2248 Dulcis-

979 2263 1058 2294 sima
1072 2263 1168 2305 igitur
1182 2261 1359 2293 amoenioris
1371 2261 1447 2292 anni
1468 2259 1630 2301 temporis,-
1649 2259 1736 2301 quod

978 2313 1088 2347 sponte
1115 2306 1157 2338 ad
1181 2305 1351 2337 bibendum
1364 2315 1369 2323 ²
1379 2304 1500 2343 invitet,
1519 2303 1737 2344 *descriptione

977 2351 1143 2390 praemissa,
1168 2350 1277 2380 vinum
1301 2348 1457 2380 Calenum
1481 2354 1616 2379 venturo
1638 2346 1681 2378 ad
1700 2357 1735 2378 ae

978 2393 1078 2425 amico
1091 2392 1254 2434 promittit,
1277 2393 1335 2423 hac
1356 2398 1463 2423 tamen
1483 2391 1555 2433 lege
1574 2397 1607 2422 et
1626 2389 1734 2422 eondi-

977 2437 1070 2473 tione.
1099 2443 1137 2469 ut
1165 2437 1300 2467 nardum
1327 2445 1436 2467 secum
1466 2435 1587 2473 aflerat,
1614 2441 1647 2466 et
1674 2434 1734 2465 hnc

978 2491 1080 2512 merce
1093 2480 1228 2512 redimat
1241 2479 1329 2522 quasi
1343 2478 1486 2519 promissi
1505 2478 1570 2510 vini
1587 2485 1730 2522 munna.

978 2525 1030 2555 Ne
1043 2524 1123 2556 forte
1137 2531 1242 2555 autem
1258 2525 1343 2555 hunc
1357 2522 1483 2554 laetioris
1503 2522 1576 2553 vita
1594 2521 1733 2552 fructum

968 2568 1119 2608 'intercipi
1141 2567 1199 2599 sibi
1225 2567 1361 2607 patiatur
1381 2562 1682 2607 negotioruin'cmis
1701 2569 1735 2594 et

977 2611 1253 2648 administratione,
1271 2611 1312 2642 de
1325 2611 1406 2648 vitae,
1422 2609 1604 2645 dum-lieet,
1625 2607 1733 2638 staen-

977 2655 1026 2686 dae
1040 2656 1189 2687 brevitate
1204 2665 1277 2686 eum
1292 2654 1439 2695 cogitare,
1461 2658 1495 2684 et
1514 2652 1559 2683 sic
1569 2650 1733 2691 sapienter

976 2698 1082 2731 dulcia
1094 2699 1253 2730 interdum
1267 2697 1352 2729 seriis
1371 2697 1501 2727 mimae
1515 2695 1735 2737 jubet—Ad·

977 2743 1110 2774 modum
1123 2742 1309 2774 familiarem
1322 2739 1532 2781 poetaefuisse
1545 2748 1631 2775 eum,
1653 2748 1733 2779 quo-

978 2797 1051 2817 cum
1065 2794 1129 2818 tam
1144 2787 1250 2823 libere,
1265 2790 1302 2815 ut
1321 2784 1355 2814 in
1371 2784 1444 2814 *hoc
1457 2781 1594 2813 carmine
1614 2781 1733 2813 factum

977 2837 1032 2867 est,
1043 2830 1148 2872 jocari·
1157 2831 1270 2870 p'osset,
1285 2836 1379 2858 nemo
1392 2835 1457 2856 non
1467 2825 1623 2868 intelligit.
1651 2825 1735 2862 Quia

979 2878 1085 2904 autem
1099 2879 1239 2905 nostrum
1254 2881 1327 2902 cum
1347 2871 1464 2911 magno
1484 2875 1576 2909 poeta
1598 2868 1735 2911 Virgilio

979 2918 1012 2947 in
1048 2914 1200 2959 ejusmodi
1229 2913 1438 2946 familiaritate
1465 2912 1575 2944 vixisse
1603 2913 1732 2956 dubitet,

979 2960 1038 2998 vel,
1061 2961 1086 2991 si
1109 2959 1252 2992 carminis
1273 2967 1366 2998 supra
1388 2957 1416 2988 1.
1442 2956 1474 2988 3.
1499 2956 1538 2988 ad
1564 2954 1733 2999 Virgilium

1891 3226 1899 3250 ···
1898 3203 1899 3208 Α
1889 3040 1904 3187 <skama
1895 3019 1897 3021 ·
