<?xml version="1.0" encoding="UTF-8"?>
<!DOCTYPE html PUBLIC "-//W3C//DTD XHTML 1.0 Transitional//EN"
    "http://www.w3.org/TR/xhtml1/DTD/xhtml1-transitional.dtd">
<html xmlns="http://www.w3.org/1999/xhtml" xml:lang="en" lang="en">
 <head>
  <title>
</title>
<meta http-equiv="Content-Type" content="text/html;charset=utf-8" />
  <meta name='ocr-system' content='tesseract 3.04.00' />
  <meta name='ocr-capabilities' content='ocr_page ocr_carea ocr_par ocr_line ocrx_word'/>
</head>
<body>
  <div class='ocr_page' id='page_1' title='image "./operaomniacumind00horauoft_0042.png"; bbox 0 0 1904 3250; ppageno 0'>
   <div class='ocr_carea' id='block_1_1' title="bbox 229 149 1170 193">
    <p class='ocr_par' dir='ltr' id='par_1_1' title="bbox 229 149 1170 193">
     <span class='ocr_line' id='line_1_1' title="bbox 229 149 1170 193; baseline -0.001 -1"><span class='ocrx_word' id='word_1_1' title='bbox 229 155 255 192; x_wconf 74' lang='lat'><strong><em>2</em></strong></span> <span class='ocrx_word' id='word_1_2' title='bbox 863 149 1170 193; x_wconf 88' lang='lat' dir='ltr'>HORATII</span> 
     </span>
    </p>
   </div>
   <div class='ocr_carea' id='block_1_2' title="bbox 1640 153 1800 201">
    <p class='ocr_par' dir='ltr' id='par_1_2' title="bbox 1640 153 1800 201">
     <span class='ocr_line' id='line_1_2' title="bbox 1640 153 1800 201; baseline -0.013 -10"><span class='ocrx_word' id='word_1_3' title='bbox 1640 153 1747 201; x_wconf 66' lang='grc' dir='ltr'><strong>[ΠΒ.</strong></span> <span class='ocrx_word' id='word_1_4' title='bbox 1771 162 1800 189; x_wconf 85' lang='grc' dir='ltr'>ι.</span> 
     </span>
    </p>
   </div>
   <div class='ocr_carea' id='block_1_3' title="bbox 266 277 1216 551">
    <p class='ocr_par' dir='ltr' id='par_1_3' title="bbox 266 277 1216 551">
     <span class='ocr_line' id='line_1_3' title="bbox 266 277 1180 335; baseline -0.001 -18"><span class='ocrx_word' id='word_1_5' title='bbox 266 279 315 317; x_wconf 87' lang='grc'>10</span> <span class='ocrx_word' id='word_1_6' title='bbox 349 277 569 335; x_wconf 79' lang='lat' dir='ltr'><strong>Quidquid</strong></span> <span class='ocrx_word' id='word_1_7' title='bbox 592 278 644 319; x_wconf 88' lang='lat' dir='ltr'>de</span> <span class='ocrx_word' id='word_1_8' title='bbox 668 277 837 334; x_wconf 90' lang='lat' dir='ltr'>Libycis</span> <span class='ocrx_word' id='word_1_9' title='bbox 859 279 1039 319; x_wconf 89' lang='lat' dir='ltr'>verritur</span> <span class='ocrx_word' id='word_1_10' title='bbox 1060 277 1180 317; x_wconf 88' lang='lat' dir='ltr'>areis.</span> 
     </span>
     <span class='ocr_line' id='line_1_4' title="bbox 349 348 1163 407; baseline -0.006 -14"><span class='ocrx_word' id='word_1_11' title='bbox 349 350 616 393; x_wconf 86' lang='lat' dir='ltr'>Gaudentem</span> <span class='ocrx_word' id='word_1_12' title='bbox 637 352 794 407; x_wconf 86' lang='lat' dir='ltr'>patrios</span> <span class='ocrx_word' id='word_1_13' title='bbox 816 350 977 392; x_wconf 87' lang='lat' dir='ltr'>findere</span> <span class='ocrx_word' id='word_1_14' title='bbox 999 348 1163 390; x_wconf 83' lang='lat' dir='ltr'>sarculo</span> 
     </span>
     <span class='ocr_line' id='line_1_5' title="bbox 348 422 1051 481; baseline -0.001 -17"><span class='ocrx_word' id='word_1_15' title='bbox 348 423 504 481; x_wconf 85' lang='lat' dir='ltr'><strong>Agros,</strong></span> <span class='ocrx_word' id='word_1_16' title='bbox 528 424 720 466; x_wconf 86' lang='lat' dir='ltr'>Attalicis</span> <span class='ocrx_word' id='word_1_17' title='bbox 743 422 1051 465; x_wconf 88' lang='lat' dir='ltr'>conditionibus</span> 
     </span>
     <span class='ocr_line' id='line_1_6' title="bbox 347 490 1216 551; baseline -0.005 -16"><span class='ocrx_word' id='word_1_18' title='bbox 347 490 577 551; x_wconf 86' lang='lat' dir='ltr'>Nunquam</span> <span class='ocrx_word' id='word_1_19' title='bbox 599 493 823 543; x_wconf 84' lang='lat' dir='ltr'><strong>dimoveas,</strong></span> <span class='ocrx_word' id='word_1_20' title='bbox 846 500 894 533; x_wconf 79' lang='lat' dir='ltr'>ut</span> <span class='ocrx_word' id='word_1_21' title='bbox 913 491 1031 532; x_wconf 86' lang='lat' dir='ltr'>trabe</span> <span class='ocrx_word' id='word_1_22' title='bbox 1055 491 1216 548; x_wconf 83' lang='lat' dir='ltr'>Cypria</span> 
     </span>
    </p>
   </div>
   <div class='ocr_carea' id='block_1_4' title="bbox 267 566 1202 679">
    <p class='ocr_par' dir='ltr' id='par_1_4' title="bbox 267 566 1202 679">
     <span class='ocr_line' id='line_1_7' title="bbox 349 566 1196 623; baseline -0.005 -14"><span class='ocrx_word' id='word_1_23' title='bbox 349 566 570 623; x_wconf 85' lang='lat' dir='ltr'>Myrtoum</span> <span class='ocrx_word' id='word_1_24' title='bbox 591 566 766 622; x_wconf 88' lang='lat' dir='ltr'>pavidus</span> <span class='ocrx_word' id='word_1_25' title='bbox 787 573 915 606; x_wconf 85' lang='lat' dir='ltr'>nauta</span> <span class='ocrx_word' id='word_1_26' title='bbox 936 572 1048 606; x_wconf 88' lang='lat' dir='ltr'>secet</span> <span class='ocrx_word' id='word_1_27' title='bbox 1067 579 1196 605; x_wconf 90' lang='lat' dir='ltr'>mare.</span> 
     </span>
     <span class='ocr_line' id='line_1_8' title="bbox 267 633 1202 679; baseline -0.004 0"><span class='ocrx_word' id='word_1_28' title='bbox 267 641 316 679; x_wconf 86' lang='lat'>15</span> <span class='ocrx_word' id='word_1_29' title='bbox 350 637 600 679; x_wconf 86' lang='lat' dir='ltr'>Luctantem</span> <span class='ocrx_word' id='word_1_30' title='bbox 622 635 767 677; x_wconf 86' lang='lat' dir='ltr'>Icariis</span> <span class='ocrx_word' id='word_1_31' title='bbox 788 634 985 676; x_wconf 87' lang='lat' dir='ltr'>fluctibus</span> <span class='ocrx_word' id='word_1_32' title='bbox 1008 633 1202 675; x_wconf 89' lang='lat' dir='ltr'>Africum</span> 
     </span>
    </p>
   </div>
   <div class='ocr_carea' id='block_1_5' title="bbox 350 706 1175 763">
    <p class='ocr_par' dir='ltr' id='par_1_5' title="bbox 350 706 1175 763">
     <span class='ocr_line' id='line_1_9' title="bbox 350 706 1175 763; baseline -0.004 -13"><span class='ocrx_word' id='word_1_33' title='bbox 350 709 564 751; x_wconf 83' lang='lat' dir='ltr'><strong>Mercator</strong></span> <span class='ocrx_word' id='word_1_34' title='bbox 585 719 788 758; x_wconf 88' lang='lat' dir='ltr'>metuens,</span> <span class='ocrx_word' id='word_1_35' title='bbox 811 708 942 748; x_wconf 91' lang='lat' dir='ltr'>otium</span> <span class='ocrx_word' id='word_1_36' title='bbox 965 715 1007 748; x_wconf 92' lang='lat' dir='ltr'>et</span> <span class='ocrx_word' id='word_1_37' title='bbox 1027 706 1175 763; x_wconf 86' lang='lat' dir='ltr'>oppidi</span> 
     </span>
    </p>
   </div>
   <div class='ocr_carea' id='block_1_6' title="bbox 259 779 1302 1625">
    <p class='ocr_par' dir='ltr' id='par_1_6' title="bbox 347 779 1184 978">
     <span class='ocr_line' id='line_1_10' title="bbox 349 779 1167 824; baseline -0.004 -1"><span class='ocrx_word' id='word_1_38' title='bbox 349 782 514 824; x_wconf 86' lang='lat' dir='ltr'>Laudat</span> <span class='ocrx_word' id='word_1_39' title='bbox 534 796 634 823; x_wconf 87' lang='lat' dir='ltr'>rura</span> <span class='ocrx_word' id='word_1_40' title='bbox 655 782 742 823; x_wconf 90' lang='lat' dir='ltr'>sui:</span> <span class='ocrx_word' id='word_1_41' title='bbox 775 795 877 822; x_wconf 86' lang='lat' dir='ltr'>mox</span> <span class='ocrx_word' id='word_1_42' title='bbox 898 779 1034 822; x_wconf 89' lang='lat' dir='ltr'>reficit</span> <span class='ocrx_word' id='word_1_43' title='bbox 1054 787 1167 821; x_wconf 83' lang='lat' dir='ltr'>rates</span> 
     </span>
     <span class='ocr_line' id='line_1_11' title="bbox 348 850 1150 907; baseline -0.004 -14"><span class='ocrx_word' id='word_1_44' title='bbox 348 851 547 901; x_wconf 84' lang='lat' dir='ltr'>Quassas,</span> <span class='ocrx_word' id='word_1_45' title='bbox 570 851 762 892; x_wconf 89' lang='lat' dir='ltr'>indocilis</span> <span class='ocrx_word' id='word_1_46' title='bbox 782 851 1029 907; x_wconf 85' lang='lat' dir='ltr'>pauperiem</span> <span class='ocrx_word' id='word_1_47' title='bbox 1050 850 1150 906; x_wconf 86' lang='lat' dir='ltr'>pati.</span> 
     </span>
     <span class='ocr_line' id='line_1_12' title="bbox 347 919 1184 978; baseline -0.002 -16"><span class='ocrx_word' id='word_1_48' title='bbox 347 920 436 972; x_wconf 89' lang='lat' dir='ltr'>Est,</span> <span class='ocrx_word' id='word_1_49' title='bbox 459 922 531 978; x_wconf 94' lang='lat' dir='ltr'>qui</span> <span class='ocrx_word' id='word_1_50' title='bbox 551 936 629 962; x_wconf 89' lang='lat' dir='ltr'>nec</span> <span class='ocrx_word' id='word_1_51' title='bbox 650 922 799 962; x_wconf 86' lang='lat' dir='ltr'>veteris</span> <span class='ocrx_word' id='word_1_52' title='bbox 821 920 974 977; x_wconf 87' lang='lat' dir='ltr'>pocula</span> <span class='ocrx_word' id='word_1_53' title='bbox 997 919 1184 969; x_wconf 84' lang='lat' dir='ltr'>Massici,</span> 
     </span>
    </p>

    <p class='ocr_par' dir='ltr' id='par_1_7' title="bbox 259 991 1302 1196">
     <span class='ocr_line' id='line_1_13' title="bbox 259 991 1135 1048; baseline -0.001 -15"><span class='ocrx_word' id='word_1_54' title='bbox 259 996 313 1033; x_wconf 72' lang='lat'>20</span> <span class='ocrx_word' id='word_1_55' title='bbox 345 991 438 1034; x_wconf 89' lang='lat' dir='ltr'>Nec</span> <span class='ocrx_word' id='word_1_56' title='bbox 457 1000 621 1048; x_wconf 90' lang='lat' dir='ltr'>partem</span> <span class='ocrx_word' id='word_1_57' title='bbox 642 993 777 1034; x_wconf 87' lang='lat' dir='ltr'>solido</span> <span class='ocrx_word' id='word_1_58' title='bbox 798 992 967 1034; x_wconf 88' lang='lat' dir='ltr'>demere</span> <span class='ocrx_word' id='word_1_59' title='bbox 989 991 1042 1033; x_wconf 86' lang='lat' dir='ltr'>de</span> <span class='ocrx_word' id='word_1_60' title='bbox 1063 991 1135 1033; x_wconf 82' lang='lat' dir='ltr'>die</span> 
     </span>
     <span class='ocr_line' id='line_1_14' title="bbox 348 1064 1292 1121; baseline -0.002 -14"><span class='ocrx_word' id='word_1_61' title='bbox 348 1065 530 1121; x_wconf 85' lang='lat' dir='ltr'>Spernit,</span> <span class='ocrx_word' id='word_1_62' title='bbox 554 1080 665 1106; x_wconf 89' lang='lat' dir='ltr'>nunc</span> <span class='ocrx_word' id='word_1_63' title='bbox 686 1065 809 1107; x_wconf 81' lang='lat' dir='ltr'>viridj</span> <span class='ocrx_word' id='word_1_64' title='bbox 829 1065 1019 1107; x_wconf 88' lang='lat' dir='ltr'>membra</span> <span class='ocrx_word' id='word_1_65' title='bbox 1040 1064 1128 1117; x_wconf 28' lang='lat' dir='ltr'>sub,</span> <span class='ocrx_word' id='word_1_66' title='bbox 1140 1064 1292 1106; x_wconf 89' lang='lat' dir='ltr'>arbuto</span> 
     </span>
     <span class='ocr_line' id='line_1_15' title="bbox 349 1139 1302 1196; baseline -0.003 -16"><span class='ocrx_word' id='word_1_67' title='bbox 349 1139 525 1188; x_wconf 85' lang='lat' dir='ltr'>Stratus,</span> <span class='ocrx_word' id='word_1_68' title='bbox 548 1153 660 1180; x_wconf 90' lang='lat' dir='ltr'>nunc</span> <span class='ocrx_word' id='word_1_69' title='bbox 682 1139 737 1179; x_wconf 84' lang='lat' dir='ltr'>ad·</span> <span class='ocrx_word' id='word_1_70' title='bbox 756 1155 876 1196; x_wconf 86' lang='lat' dir='ltr'>aquae</span> <span class='ocrx_word' id='word_1_71' title='bbox 897 1139 991 1180; x_wconf 89' lang='lat' dir='ltr'>lene</span> <span class='ocrx_word' id='word_1_72' title='bbox 1013 1145 1140 1194; x_wconf 88' lang='lat' dir='ltr'>caput</span> <span class='ocrx_word' id='word_1_73' title='bbox 1160 1152 1302 1183; x_wconf 72' lang='lat' dir='ltr'>sacrae.</span> 
     </span>
    </p>

    <p class='ocr_par' dir='ltr' id='par_1_8' title="bbox 332 1200 1299 1336">
     <span class='ocr_line' id='line_1_16' title="bbox 332 1200 1299 1266; baseline 0.001 -17"><span class='ocrx_word' id='word_1_74' title='bbox 332 1208 512 1264; x_wconf 21' lang='lat' dir='ltr'>*Multos</span> <span class='ocrx_word' id='word_1_75' title='bbox 534 1216 669 1250; x_wconf 89' lang='lat' dir='ltr'>castra</span> <span class='ocrx_word' id='word_1_76' title='bbox 682 1211 844 1266; x_wconf 86' lang='lat' dir='ltr'>juvant,</span> <span class='ocrx_word' id='word_1_77' title='bbox 867 1217 919 1254; x_wconf 78' lang='lat' dir='ltr'>et=</span> <span class='ocrx_word' id='word_1_78' title='bbox 928 1208 1034 1250; x_wconf 91' lang='lat' dir='ltr'>lituo</span> <span class='ocrx_word' id='word_1_79' title='bbox 1055 1208 1168 1250; x_wconf 90' lang='lat' dir='ltr'>tubae</span> <span class='ocrx_word' id='word_1_80' title='bbox 1292 1200 1299 1206; x_wconf 44' lang='grc'>”</span> 
     </span>
     <span class='ocr_line' id='line_1_17' title="bbox 348 1263 1226 1336; baseline -0.001 -17"><span class='ocrx_word' id='word_1_81' title='bbox 348 1278 588 1319; x_wconf 89' lang='lat' dir='ltr'>Permixtus</span> <span class='ocrx_word' id='word_1_82' title='bbox 611 1280 783 1330; x_wconf 88' lang='lat' dir='ltr'>sonitus,</span> <span class='ocrx_word' id='word_1_83' title='bbox 807 1279 1000 1336; x_wconf 89' lang='lat' dir='ltr'>bellaque</span> <span class='ocrx_word' id='word_1_84' title='bbox 1021 1263 1226 1320; x_wconf 58' lang='lat' dir='ltr'>matrib‘us</span> 
     </span>
    </p>

    <p class='ocr_par' dir='ltr' id='par_1_9' title="bbox 260 1350 1194 1484">
     <span class='ocr_line' id='line_1_18' title="bbox 260 1350 1192 1409; baseline -0.002 -16"><span class='ocrx_word' id='word_1_85' title='bbox 260 1355 313 1393; x_wconf 81' lang='lat'>25</span> <span class='ocrx_word' id='word_1_86' title='bbox 346 1351 578 1393; x_wconf 84' lang='lat' dir='ltr'>Detestata.</span> <span class='ocrx_word' id='word_1_87' title='bbox 642 1351 791 1394; x_wconf 85' lang='lat' dir='ltr'>Manet</span> <span class='ocrx_word' id='word_1_88' title='bbox 812 1353 889 1394; x_wconf 88' lang='lat' dir='ltr'>sub</span> <span class='ocrx_word' id='word_1_89' title='bbox 911 1352 1017 1394; x_wconf 90' lang='lat' dir='ltr'>Jove</span> <span class='ocrx_word' id='word_1_90' title='bbox 1037 1350 1192 1409; x_wconf 87' lang='lat' dir='ltr'>frigido</span> 
     </span>
     <span class='ocr_line' id='line_1_19' title="bbox 347 1424 1194 1484; baseline 0 -19"><span class='ocrx_word' id='word_1_91' title='bbox 347 1424 548 1475; x_wconf 81' lang='lat' dir='ltr'>Venator,</span> <span class='ocrx_word' id='word_1_92' title='bbox 571 1433 727 1466; x_wconf 84' lang='lat' dir='ltr'>tenerae</span> <span class='ocrx_word' id='word_1_93' title='bbox 748 1427 938 1484; x_wconf 86' lang='lat' dir='ltr'>conjugis</span> <span class='ocrx_word' id='word_1_94' title='bbox 959 1427 1194 1474; x_wconf 87' lang='lat' dir='ltr'>immemor,</span> 
     </span>
    </p>

    <p class='ocr_par' dir='ltr' id='par_1_10' title="bbox 344 1495 1245 1625">
     <span class='ocr_line' id='line_1_20' title="bbox 351 1495 1168 1544; baseline 0 -8"><span class='ocrx_word' id='word_1_95' title='bbox 351 1495 434 1536; x_wconf 91' lang='lat' dir='ltr'>Seu</span> <span class='ocrx_word' id='word_1_96' title='bbox 455 1495 543 1535; x_wconf 89' lang='lat' dir='ltr'>visa</span> <span class='ocrx_word' id='word_1_97' title='bbox 563 1503 625 1536; x_wconf 87' lang='lat' dir='ltr'>est</span> <span class='ocrx_word' id='word_1_98' title='bbox 646 1496 791 1537; x_wconf 86' lang='lat' dir='ltr'>catulis</span> <span class='ocrx_word' id='word_1_99' title='bbox 813 1511 937 1537; x_wconf 90' lang='lat' dir='ltr'>cerva</span> <span class='ocrx_word' id='word_1_100' title='bbox 957 1495 1168 1544; x_wconf 84' lang='lat' dir='ltr'>fidelibus,</span> 
     </span>
     <span class='ocr_line' id='line_1_21' title="bbox 344 1567 1245 1625; baseline -0.003 -15"><span class='ocrx_word' id='word_1_101' title='bbox 344 1567 436 1624; x_wconf 25' lang='lat' dir='ltr'>‚Seu</span> <span class='ocrx_word' id='word_1_102' title='bbox 458 1568 573 1623; x_wconf 90' lang='lat' dir='ltr'>rupit</span> <span class='ocrx_word' id='word_1_103' title='bbox 592 1576 743 1609; x_wconf 88' lang='lat' dir='ltr'>teretes</span> <span class='ocrx_word' id='word_1_104' title='bbox 768 1567 941 1611; x_wconf 84' lang='lat' dir='ltr'>Marsus</span> <span class='ocrx_word' id='word_1_105' title='bbox 964 1583 1066 1625; x_wconf 90' lang='lat' dir='ltr'>aper</span> <span class='ocrx_word' id='word_1_106' title='bbox 1085 1567 1245 1624; x_wconf 86' lang='lat' dir='ltr'>plagas.</span> 
     </span>
    </p>
   </div>
   <div class='ocr_carea' id='block_1_7' title="bbox 231 1683 994 1770">
    <p class='ocr_par' dir='ltr' id='par_1_11' title="bbox 231 1683 994 1770">
     <span class='ocr_line' id='line_1_22' title="bbox 231 1683 994 1730; baseline 0.007 -15"><span class='ocrx_word' id='word_1_107' title='bbox 231 1684 489 1726; x_wconf 76' lang='lat' dir='ltr'>possessionibus)</span> <span class='ocrx_word' id='word_1_108' title='bbox 506 1683 678 1718; x_wconf 76' lang='lat' dir='ltr'>delectatur</span> <span class='ocrx_word' id='word_1_109' title='bbox 690 1687 794 1727; x_wconf 85' lang='lat' dir='ltr'>copia;</span> <span class='ocrx_word' id='word_1_110' title='bbox 871 1689 994 1730; x_wconf 71' lang='lat' dir='ltr'>Libycis</span> 
     </span>
     <span class='ocr_line' id='line_1_23' title="bbox 233 1728 993 1770; baseline 0.003 -10"><span class='ocrx_word' id='word_1_111' title='bbox 233 1731 265 1760; x_wconf 87' lang='lat' dir='ltr'>h.</span> <span class='ocrx_word' id='word_1_112' title='bbox 302 1739 329 1759; x_wconf 88' lang='lat' dir='ltr'>e.</span> <span class='ocrx_word' id='word_1_113' title='bbox 374 1728 500 1766; x_wconf 90' lang='lat' dir='ltr'>Africis,</span> <span class='ocrx_word' id='word_1_114' title='bbox 539 1736 570 1760; x_wconf 86' lang='lat' dir='ltr'>ct</span> <span class='ocrx_word' id='word_1_115' title='bbox 605 1731 664 1761; x_wconf 90' lang='lat' dir='ltr'>hoc</span> <span class='ocrx_word' id='word_1_116' title='bbox 701 1741 774 1770; x_wconf 87' lang='lat' dir='ltr'>pro:</span> <span class='ocrx_word' id='word_1_117' title='bbox 818 1731 993 1770; x_wconf 80' lang='lat' dir='ltr'>fertilibus3</span> 
     </span>
    </p>
   </div>
   <div class='ocr_carea' id='block_1_8' title="bbox 232 1772 994 1817">
    <p class='ocr_par' dir='ltr' id='par_1_12' title="bbox 232 1772 994 1817">
     <span class='ocr_line' id='line_1_24' title="bbox 232 1772 994 1817; baseline 0.001 -13"><span class='ocrx_word' id='word_1_118' title='bbox 232 1773 368 1804; x_wconf 77' lang='lat' dir='ltr'>verritur</span> <span class='ocrx_word' id='word_1_119' title='bbox 392 1773 473 1803; x_wconf 82' lang='lat' dir='ltr'>areis</span> <span class='ocrx_word' id='word_1_120' title='bbox 501 1772 609 1814; x_wconf 84' lang='lat' dir='ltr'>fruges</span> <span class='ocrx_word' id='word_1_121' title='bbox 632 1773 716 1804; x_wconf 90' lang='lat' dir='ltr'>enim</span> <span class='ocrx_word' id='word_1_122' title='bbox 742 1775 775 1805; x_wconf 89' lang='lat' dir='ltr'>in</span> <span class='ocrx_word' id='word_1_123' title='bbox 798 1775 878 1806; x_wconf 81' lang='lat' dir='ltr'>areis</span> <span class='ocrx_word' id='word_1_124' title='bbox 902 1776 994 1817; x_wconf 89' lang='lat' dir='ltr'>(non,</span> 
     </span>
    </p>
   </div>
   <div class='ocr_carea' id='block_1_9' title="bbox 1039 1685 1798 1728">
    <p class='ocr_par' dir='ltr' id='par_1_13' title="bbox 1039 1685 1798 1728">
     <span class='ocr_line' id='line_1_25' title="bbox 1039 1685 1798 1728; baseline -0.004 -9"><span class='ocrx_word' id='word_1_125' title='bbox 1039 1687 1343 1728; x_wconf 68' lang='lat' dir='ltr'>(West-Si&#39;id-West)</span> <span class='ocrx_word' id='word_1_126' title='bbox 1373 1685 1492 1718; x_wconf 77' lang='lat' dir='ltr'>Graecis</span> <span class='ocrx_word' id='word_1_127' title='bbox 1519 1686 1596 1726; x_wconf 74' lang='grc' dir='ltr'>Δι’ψ.</span> <span class='ocrx_word' id='word_1_128' title='bbox 1625 1685 1666 1716; x_wconf 83' lang='lat' dir='ltr'>cf.</span> <span class='ocrx_word' id='word_1_129' title='bbox 1697 1686 1798 1726; x_wconf 74' lang='lat' dir='ltr'>Kapp-</span> 
     </span>
    </p>
   </div>
   <div class='ocr_carea' id='block_1_10' title="bbox 1039 1728 1803 1815">
    <p class='ocr_par' dir='ltr' id='par_1_14' title="bbox 1039 1728 1803 1815">
     <span class='ocr_line' id='line_1_26' title="bbox 1039 1728 1803 1766; baseline -0.004 -4"><span class='ocrx_word' id='word_1_130' title='bbox 1039 1731 1079 1762; x_wconf 81' lang='lat' dir='ltr'>ad</span> <span class='ocrx_word' id='word_1_131' title='bbox 1112 1730 1242 1761; x_wconf 80' lang='lat' dir='ltr'>Aristot.</span> <span class='ocrx_word' id='word_1_132' title='bbox 1272 1729 1312 1760; x_wconf 89' lang='lat' dir='ltr'>de</span> <span class='ocrx_word' id='word_1_133' title='bbox 1335 1729 1475 1766; x_wconf 86' lang='lat' dir='ltr'>Mundo,</span> <span class='ocrx_word' id='word_1_134' title='bbox 1503 1732 1635 1762; x_wconf 63' lang='lat' dir='ltr'>Exi-curs.</span> <span class='ocrx_word' id='word_1_135' title='bbox 1666 1728 1738 1760; x_wconf 90' lang='lat'>111.</span> <span class='ocrx_word' id='word_1_136' title='bbox 1765 1730 1803 1760; x_wconf 80' lang='lat' dir='ltr'>de</span> 
     </span>
     <span class='ocr_line' id='line_1_27' title="bbox 1039 1770 1803 1815; baseline -0.004 -9"><span class='ocrx_word' id='word_1_137' title='bbox 1039 1776 1137 1806; x_wconf 71' lang='lat' dir='ltr'>ventis</span> <span class='ocrx_word' id='word_1_138' title='bbox 1161 1774 1180 1815; x_wconf 84' lang='lat'>§</span> <span class='ocrx_word' id='word_1_139' title='bbox 1210 1773 1357 1805; x_wconf 87' lang='lat' dir='ltr'>XVIII.</span> <span class='ocrx_word' id='word_1_140' title='bbox 1377 1784 1407 1814; x_wconf 89' lang='lat' dir='ltr'>p.</span> <span class='ocrx_word' id='word_1_141' title='bbox 1434 1771 1500 1804; x_wconf 80' lang='grc'>430</span> <span class='ocrx_word' id='word_1_142' title='bbox 1520 1783 1606 1815; x_wconf 85' lang='lat' dir='ltr'>seqq.</span> <span class='ocrx_word' id='word_1_143' title='bbox 1697 1782 1725 1802; x_wconf 83' lang='lat' dir='ltr'>v.</span> <span class='ocrx_word' id='word_1_144' title='bbox 1754 1770 1803 1803; x_wconf 82' lang='lat'>18.</span> 
     </span>
    </p>
   </div>
   <div class='ocr_carea' id='block_1_11' title="bbox 233 1814 1804 1860">
    <p class='ocr_par' dir='ltr' id='par_1_15' title="bbox 233 1814 1804 1860">
     <span class='ocr_line' id='line_1_28' title="bbox 233 1814 1804 1860; baseline -0.001 -13"><span class='ocrx_word' id='word_1_145' title='bbox 233 1816 280 1847; x_wconf 81' lang='lat' dir='ltr'>uti</span> <span class='ocrx_word' id='word_1_146' title='bbox 302 1825 397 1850; x_wconf 77' lang='lat' dir='ltr'>nunc,</span> <span class='ocrx_word' id='word_1_147' title='bbox 421 1816 453 1845; x_wconf 85' lang='lat' dir='ltr'>in</span> <span class='ocrx_word' id='word_1_148' title='bbox 473 1816 604 1857; x_wconf 84' lang='lat' dir='ltr'>horreis)</span> <span class='ocrx_word' id='word_1_149' title='bbox 628 1818 708 1848; x_wconf 84' lang='lat' dir='ltr'>tritae</span> <span class='ocrx_word' id='word_1_150' title='bbox 731 1819 812 1860; x_wconf 85' lang='lat' dir='ltr'>(Sat.</span> <span class='ocrx_word' id='word_1_151' title='bbox 841 1818 870 1849; x_wconf 88' lang='lat'>1.</span> <span class='ocrx_word' id='word_1_152' title='bbox 892 1818 920 1850; x_wconf 95' lang='lat' dir='ltr'>l.</span> <span class='ocrx_word' id='word_1_153' title='bbox 938 1817 991 1849; x_wconf 79' lang='lat'>45.</span> <span class='ocrx_word' id='word_1_154' title='bbox 1033 1829 1131 1860; x_wconf 84' lang='lat' dir='ltr'>paup.</span> <span class='ocrx_word' id='word_1_155' title='bbox 1143 1819 1356 1858; x_wconf 82' lang='lat' dir='ltr'>—pauperies</span> <span class='ocrx_word' id='word_1_156' title='bbox 1369 1817 1419 1848; x_wconf 84' lang='lat' dir='ltr'>vel</span> <span class='ocrx_word' id='word_1_157' title='bbox 1435 1823 1607 1859; x_wconf 78' lang='lat' dir='ltr'>paupertas</span> <span class='ocrx_word' id='word_1_158' title='bbox 1627 1815 1714 1856; x_wconf 74' lang='lat' dir='ltr'>apud</span> <span class='ocrx_word' id='word_1_159' title='bbox 1730 1814 1804 1847; x_wconf 80' lang='lat' dir='ltr'>Ho-</span> 
     </span>
    </p>
   </div>
   <div class='ocr_carea' id='block_1_12' title="bbox 233 1859 1005 2988">
    <p class='ocr_par' dir='ltr' id='par_1_16' title="bbox 233 1859 994 1945">
     <span class='ocr_line' id='line_1_29' title="bbox 234 1859 994 1904; baseline 0.005 -13"><span class='ocrx_word' id='word_1_160' title='bbox 234 1861 335 1891; x_wconf 76' lang='lat' dir='ltr'>Miltia</span> <span class='ocrx_word' id='word_1_161' title='bbox 346 1859 512 1901; x_wconf 81' lang='lat' dir='ltr'>frumenti</span> <span class='ocrx_word' id='word_1_162' title='bbox 531 1866 600 1892; x_wconf 84' lang='lat' dir='ltr'>tum</span> <span class='ocrx_word' id='word_1_163' title='bbox 614 1863 733 1893; x_wconf 79' lang='lat' dir='ltr'>triverit</span> <span class='ocrx_word' id='word_1_164' title='bbox 752 1874 824 1894; x_wconf 83' lang='lat' dir='ltr'>area</span> <span class='ocrx_word' id='word_1_165' title='bbox 848 1866 994 1904; x_wconf 80' lang='lat' dir='ltr'>centum)</span> 
     </span>
     <span class='ocr_line' id='line_1_30' title="bbox 233 1902 635 1945; baseline 0 -10"><span class='ocrx_word' id='word_1_166' title='bbox 233 1904 383 1935; x_wconf 79' lang='lat' dir='ltr'>verrendo</span> <span class='ocrx_word' id='word_1_167' title='bbox 397 1902 635 1945; x_wconf 78' lang='lat' dir='ltr'>colligebantur.</span> 
     </span>
    </p>

    <p class='ocr_par' dir='ltr' id='par_1_17' title="bbox 234 1945 1003 2597">
     <span class='ocr_line' id='line_1_31' title="bbox 275 1945 997 1990; baseline 0.006 -14"><span class='ocrx_word' id='word_1_168' title='bbox 275 1957 305 1977; x_wconf 84' lang='lat' dir='ltr'>v.</span> <span class='ocrx_word' id='word_1_169' title='bbox 326 1945 462 1977; x_wconf 78' lang='lat'><strong>11-14,</strong></span> <span class='ocrx_word' id='word_1_170' title='bbox 493 1948 686 1980; x_wconf 85' lang='lat' dir='ltr'>Gaudentem</span> <span class='ocrx_word' id='word_1_171' title='bbox 705 1952 821 1990; x_wconf 79' lang='lat' dir='ltr'>patrios</span> <span class='ocrx_word' id='word_1_172' title='bbox 835 1956 908 1982; x_wconf 85' lang='lat' dir='ltr'>cett.</span> <span class='ocrx_word' id='word_1_173' title='bbox 926 1960 997 1981; x_wconf 86' lang='lat' dir='ltr'>sen-</span> 
     </span>
     <span class='ocr_line' id='line_1_32' title="bbox 234 1989 998 2035; baseline 0.004 -13"><span class='ocrx_word' id='word_1_174' title='bbox 234 2000 289 2022; x_wconf 87' lang='lat' dir='ltr'>sus</span> <span class='ocrx_word' id='word_1_175' title='bbox 299 1993 314 2021; x_wconf 77' lang='lat'>:¹</span> <span class='ocrx_word' id='word_1_176' title='bbox 341 1989 432 2027; x_wconf 86' lang='lat' dir='ltr'>alius,</span> <span class='ocrx_word' id='word_1_177' title='bbox 455 1991 510 2032; x_wconf 91' lang='lat' dir='ltr'>qui</span> <span class='ocrx_word' id='word_1_178' title='bbox 533 2001 681 2031; x_wconf 83' lang='lat' dir='ltr'>agrorum</span> <span class='ocrx_word' id='word_1_179' title='bbox 708 2003 848 2031; x_wconf 90' lang='lat' dir='ltr'>suorum,</span> <span class='ocrx_word' id='word_1_180' title='bbox 871 2004 951 2035; x_wconf 82' lang='lat' dir='ltr'>quos</span> <span class='ocrx_word' id='word_1_181' title='bbox 979 2005 998 2024; x_wconf 85' lang='lat' dir='ltr'>a</span> 
     </span>
     <span class='ocr_line' id='line_1_33' title="bbox 235 2033 997 2076; baseline 0.005 -12"><span class='ocrx_word' id='word_1_182' title='bbox 235 2040 323 2074; x_wconf 79' lang='lat' dir='ltr'>patre</span> <span class='ocrx_word' id='word_1_183' title='bbox 352 2033 479 2074; x_wconf 85' lang='lat' dir='ltr'>accepit,</span> <span class='ocrx_word' id='word_1_184' title='bbox 507 2034 596 2065; x_wconf 87' lang='lat' dir='ltr'>cultu</span> <span class='ocrx_word' id='word_1_185' title='bbox 620 2036 750 2076; x_wconf 82' lang='lat' dir='ltr'>gaudet,</span> <span class='ocrx_word' id='word_1_186' title='bbox 775 2043 806 2067; x_wconf 85' lang='lat' dir='ltr'>et</span> <span class='ocrx_word' id='word_1_187' title='bbox 832 2044 914 2068; x_wconf 83' lang='lat' dir='ltr'>sorte</span> <span class='ocrx_word' id='word_1_188' title='bbox 939 2048 997 2068; x_wconf 86' lang='lat' dir='ltr'>sua</span> 
     </span>
     <span class='ocr_line' id='line_1_34' title="bbox 235 2077 997 2122; baseline 0.003 -13"><span class='ocrx_word' id='word_1_189' title='bbox 235 2082 401 2109; x_wconf 78' lang='lat' dir='ltr'>contentus</span> <span class='ocrx_word' id='word_1_190' title='bbox 430 2077 515 2115; x_wconf 80' lang='lat' dir='ltr'>vivit,</span> <span class='ocrx_word' id='word_1_191' title='bbox 553 2088 593 2109; x_wconf 90' lang='lat' dir='ltr'>ne</span> <span class='ocrx_word' id='word_1_192' title='bbox 623 2079 831 2111; x_wconf 87' lang='lat' dir='ltr'>maximarum</span> <span class='ocrx_word' id='word_1_193' title='bbox 867 2080 997 2122; x_wconf 90' lang='lat' dir='ltr'>quidem</span> 
     </span>
     <span class='ocr_line' id='line_1_35' title="bbox 234 2120 997 2164; baseline 0.005 -12"><span class='ocrx_word' id='word_1_194' title='bbox 234 2120 413 2152; x_wconf 78' lang='lat' dir='ltr'>divitiarum</span> <span class='ocrx_word' id='word_1_195' title='bbox 428 2131 482 2160; x_wconf 89' lang='lat' dir='ltr'>spe</span> <span class='ocrx_word' id='word_1_196' title='bbox 497 2121 661 2161; x_wconf 83' lang='lat' dir='ltr'>proposita,</span> <span class='ocrx_word' id='word_1_197' title='bbox 679 2130 714 2153; x_wconf 85' lang='lat' dir='ltr'>ut</span> <span class='ocrx_word' id='word_1_198' title='bbox 726 2130 907 2155; x_wconf 83' lang='lat' dir='ltr'>mercaturae</span> <span class='ocrx_word' id='word_1_199' title='bbox 921 2135 997 2164; x_wconf 84' lang='lat' dir='ltr'>ope-</span> 
     </span>
     <span class='ocr_line' id='line_1_36' title="bbox 235 2163 996 2204; baseline 0.005 -8"><span class='ocrx_word' id='word_1_200' title='bbox 235 2173 304 2196; x_wconf 73' lang='lat' dir='ltr'>ram</span> <span class='ocrx_word' id='word_1_201' title='bbox 318 2163 382 2202; x_wconf 87' lang='lat' dir='ltr'>det,</span> <span class='ocrx_word' id='word_1_202' title='bbox 397 2163 512 2195; x_wconf 87' lang='lat' dir='ltr'>adduci</span> <span class='ocrx_word' id='word_1_203' title='bbox 527 2171 636 2204; x_wconf 87' lang='lat' dir='ltr'>potest.</span> <span class='ocrx_word' id='word_1_204' title='bbox 728 2177 756 2197; x_wconf 91' lang='lat' dir='ltr'>v.</span> <span class='ocrx_word' id='word_1_205' title='bbox 780 2166 827 2199; x_wconf 80' lang='lat'>12.</span> <span class='ocrx_word' id='word_1_206' title='bbox 852 2170 996 2200; x_wconf 77' lang='lat' dir='ltr'>Attalicis</span> 
     </span>
     <span class='ocr_line' id='line_1_37' title="bbox 235 2207 997 2250; baseline 0.007 -12"><span class='ocrx_word' id='word_1_207' title='bbox 235 2217 308 2248; x_wconf 83' lang='lat' dir='ltr'>pro:</span> <span class='ocrx_word' id='word_1_208' title='bbox 342 2207 533 2249; x_wconf 82' lang='lat' dir='ltr'>largissimis,</span> <span class='ocrx_word' id='word_1_209' title='bbox 558 2208 777 2250; x_wconf 81' lang='lat' dir='ltr'>amplissimis;</span> <span class='ocrx_word' id='word_1_210' title='bbox 813 2211 942 2243; x_wconf 82' lang='lat' dir='ltr'>Attalus</span> <span class='ocrx_word' id='word_1_211' title='bbox 963 2222 997 2242; x_wconf 82' lang='lat' dir='ltr'>e-</span> 
     </span>
     <span class='ocr_line' id='line_1_38' title="bbox 236 2251 998 2297; baseline 0.005 -15"><span class='ocrx_word' id='word_1_212' title='bbox 236 2251 316 2288; x_wconf 79' lang='lat' dir='ltr'>nim,</span> <span class='ocrx_word' id='word_1_213' title='bbox 351 2261 405 2283; x_wconf 79' lang='lat' dir='ltr'>rex</span> <span class='ocrx_word' id='word_1_214' title='bbox 442 2251 599 2293; x_wconf 85' lang='lat' dir='ltr'>Pergami,</span> <span class='ocrx_word' id='word_1_215' title='bbox 636 2252 813 2292; x_wconf 83' lang='lat' dir='ltr'>immensas,</span> <span class='ocrx_word' id='word_1_216' title='bbox 847 2257 998 2297; x_wconf 80' lang='lat' dir='ltr'>(quarum</span> 
     </span>
     <span class='ocr_line' id='line_1_39' title="bbox 237 2293 1000 2338; baseline 0.004 -12"><span class='ocrx_word' id='word_1_217' title='bbox 237 2293 394 2326; x_wconf 74' lang='lat' dir='ltr'>haeredem</span> <span class='ocrx_word' id='word_1_218' title='bbox 410 2295 564 2334; x_wconf 84' lang='lat' dir='ltr'>populum</span> <span class='ocrx_word' id='word_1_219' title='bbox 581 2295 762 2327; x_wconf 88' lang='lat' dir='ltr'>Romanum</span> <span class='ocrx_word' id='word_1_220' title='bbox 778 2298 899 2338; x_wconf 86' lang='lat' dir='ltr'>scripsit</span> <span class='ocrx_word' id='word_1_221' title='bbox 905 2311 916 2338; x_wconf 90' lang='lat'>;</span> <span class='ocrx_word' id='word_1_222' title='bbox 939 2297 1000 2329; x_wconf 90' lang='lat' dir='ltr'>vid.</span> 
     </span>
     <span class='ocr_line' id='line_1_40' title="bbox 240 2336 997 2378; baseline 0.004 -8"><span class='ocrx_word' id='word_1_223' title='bbox 240 2337 325 2370; x_wconf 85' lang='lat' dir='ltr'>Flor.</span> <span class='ocrx_word' id='word_1_224' title='bbox 346 2337 418 2369; x_wconf 91' lang='lat'>111.</span> <span class='ocrx_word' id='word_1_225' title='bbox 441 2336 509 2378; x_wconf 78' lang='lat'>12.)</span> <span class='ocrx_word' id='word_1_226' title='bbox 526 2338 700 2378; x_wconf 56' lang='lat' dir='ltr'>possidebat</span> <span class='ocrx_word' id='word_1_227' title='bbox 721 2340 853 2373; x_wconf 84' lang='lat' dir='ltr'>divitias.</span> <span class='ocrx_word' id='word_1_228' title='bbox 947 2341 997 2373; x_wconf 93' lang='lat'>13.</span> 
     </span>
     <span class='ocr_line' id='line_1_41' title="bbox 237 2381 1003 2426; baseline 0.005 -13"><span class='ocrx_word' id='word_1_229' title='bbox 237 2383 390 2414; x_wconf 71' lang='lat' dir='ltr'>dimoveas</span> <span class='ocrx_word' id='word_1_230' title='bbox 415 2381 447 2412; x_wconf 86' lang='lat' dir='ltr'>h.</span> <span class='ocrx_word' id='word_1_231' title='bbox 473 2391 501 2412; x_wconf 89' lang='lat' dir='ltr'>e.</span> <span class='ocrx_word' id='word_1_232' title='bbox 527 2381 663 2413; x_wconf 80' lang='lat' dir='ltr'>abducas</span> <span class='ocrx_word' id='word_1_233' title='bbox 684 2385 723 2414; x_wconf 89' lang='lat' dir='ltr'>ab</span> <span class='ocrx_word' id='word_1_234' title='bbox 748 2395 824 2426; x_wconf 86' lang='lat' dir='ltr'>agro</span> <span class='ocrx_word' id='word_1_235' title='bbox 846 2385 945 2425; x_wconf 84' lang='lat' dir='ltr'>patrio</span> <span class='ocrx_word' id='word_1_236' title='bbox 969 2392 1003 2417; x_wconf 86' lang='lat' dir='ltr'>et</span> 
     </span>
     <span class='ocr_line' id='line_1_42' title="bbox 238 2430 1001 2468; baseline 0.007 -13"><span class='ocrx_word' id='word_1_237' title='bbox 238 2434 428 2466; x_wconf 71' lang='lat' dir='ltr'>permovens,</span> <span class='ocrx_word' id='word_1_238' title='bbox 457 2431 495 2456; x_wconf 83' lang='lat' dir='ltr'>ut</span> <span class='ocrx_word' id='word_1_239' title='bbox 516 2431 587 2455; x_wconf 88' lang='lat' dir='ltr'>cett.</span> <span class='ocrx_word' id='word_1_240' title='bbox 681 2430 794 2468; x_wconf 78' lang='lat' dir='ltr'>Cypria</span> <span class='ocrx_word' id='word_1_241' title='bbox 816 2439 891 2468; x_wconf 83' lang='lat' dir='ltr'>pro:</span> <span class='ocrx_word' id='word_1_242' title='bbox 918 2439 1001 2460; x_wconf 88' lang='lat' dir='ltr'>mer-</span> 
     </span>
     <span class='ocr_line' id='line_1_43' title="bbox 239 2467 1001 2511; baseline 0.005 -11"><span class='ocrx_word' id='word_1_243' title='bbox 239 2467 364 2507; x_wconf 70' lang='grc' dir='ltr'>ωωτίι,</span> <span class='ocrx_word' id='word_1_244' title='bbox 386 2474 562 2500; x_wconf 81' lang='lat' dir='ltr'>mercatura</span> <span class='ocrx_word' id='word_1_245' title='bbox 582 2469 667 2499; x_wconf 91' lang='lat' dir='ltr'>enim</span> <span class='ocrx_word' id='word_1_246' title='bbox 693 2471 816 2511; x_wconf 85' lang='lat' dir='ltr'>Cyprus</span> <span class='ocrx_word' id='word_1_247' title='bbox 837 2472 914 2503; x_wconf 87' lang='lat' dir='ltr'>olim</span> <span class='ocrx_word' id='word_1_248' title='bbox 938 2472 1001 2504; x_wconf 89' lang='lat' dir='ltr'>fuit</span> 
     </span>
     <span class='ocr_line' id='line_1_44' title="bbox 240 2510 1003 2556; baseline 0.005 -13"><span class='ocrx_word' id='word_1_249' title='bbox 240 2511 441 2554; x_wconf 78' lang='lat' dir='ltr'>nobilissima.</span> <span class='ocrx_word' id='word_1_250' title='bbox 515 2510 566 2542; x_wconf 67' lang='lat'>14-</span> <span class='ocrx_word' id='word_1_251' title='bbox 583 2513 746 2554; x_wconf 68' lang='lat' dir='ltr'>Myrtoum</span> <span class='ocrx_word' id='word_1_252' title='bbox 760 2526 857 2553; x_wconf 81' lang='lat' dir='ltr'>mare,</span> <span class='ocrx_word' id='word_1_253' title='bbox 875 2516 918 2546; x_wconf 87' lang='lat' dir='ltr'>ita</span> <span class='ocrx_word' id='word_1_254' title='bbox 931 2526 1003 2556; x_wconf 85' lang='lat' dir='ltr'>pars</span> 
     </span>
     <span class='ocr_line' id='line_1_45' title="bbox 240 2554 938 2597; baseline 0.006 -11"><span class='ocrx_word' id='word_1_255' title='bbox 240 2555 336 2587; x_wconf 74' lang='lat' dir='ltr'>maris</span> <span class='ocrx_word' id='word_1_256' title='bbox 351 2554 456 2597; x_wconf 78' lang='lat' dir='ltr'>AEgaei</span> <span class='ocrx_word' id='word_1_257' title='bbox 471 2556 511 2586; x_wconf 78' lang='lat' dir='ltr'>ab</span> <span class='ocrx_word' id='word_1_258' title='bbox 526 2555 629 2586; x_wconf 85' lang='lat' dir='ltr'>insula</span> <span class='ocrx_word' id='word_1_259' title='bbox 645 2556 754 2597; x_wconf 80' lang='lat' dir='ltr'>Myrto</span> <span class='ocrx_word' id='word_1_260' title='bbox 768 2557 938 2590; x_wconf 78' lang='lat' dir='ltr'>dicebatur.</span> 
     </span>
    </p>

    <p class='ocr_par' dir='ltr' id='par_1_18' title="bbox 241 2597 1005 2988">
     <span class='ocr_line' id='line_1_46' title="bbox 284 2597 1002 2635; baseline 0.008 -6"><span class='ocrx_word' id='word_1_261' title='bbox 284 2609 313 2630; x_wconf 87' lang='lat' dir='ltr'>v.</span> <span class='ocrx_word' id='word_1_262' title='bbox 342 2597 478 2630; x_wconf 84' lang='lat'>15-18.</span> <span class='ocrx_word' id='word_1_263' title='bbox 505 2600 697 2631; x_wconf 64' lang='lat' dir='ltr'>Luctantem</span> <span class='ocrx_word' id='word_1_264' title='bbox 719 2607 791 2632; x_wconf 86' lang='lat' dir='ltr'>cett.</span> <span class='ocrx_word' id='word_1_265' title='bbox 816 2612 942 2635; x_wconf 89' lang='lat' dir='ltr'>sensus:</span> <span class='ocrx_word' id='word_1_266' title='bbox 970 2610 1002 2635; x_wconf 86' lang='lat' dir='ltr'>at</span> 
     </span>
     <span class='ocr_line' id='line_1_47' title="bbox 241 2642 1003 2686; baseline 0.007 -14"><span class='ocrx_word' id='word_1_267' title='bbox 241 2642 340 2674; x_wconf 85' lang='lat' dir='ltr'>alium</span> <span class='ocrx_word' id='word_1_268' title='bbox 349 2643 440 2684; x_wconf 75' lang='lat' dir='ltr'>juvat</span> <span class='ocrx_word' id='word_1_269' title='bbox 454 2652 521 2674; x_wconf 79' lang='lat' dir='ltr'>esse</span> <span class='ocrx_word' id='word_1_270' title='bbox 534 2649 746 2680; x_wconf 81' lang='lat' dir='ltr'>mercatorem,</span> <span class='ocrx_word' id='word_1_271' title='bbox 763 2645 828 2685; x_wconf 89' lang='lat' dir='ltr'>qui,</span> <span class='ocrx_word' id='word_1_272' title='bbox 850 2647 1003 2686; x_wconf 87' lang='lat' dir='ltr'>quamvis,</span> 
     </span>
     <span class='ocr_line' id='line_1_48' title="bbox 242 2686 1004 2726; baseline 0.007 -10"><span class='ocrx_word' id='word_1_273' title='bbox 242 2686 390 2718; x_wconf 85' lang='lat' dir='ltr'>saeviente</span> <span class='ocrx_word' id='word_1_274' title='bbox 407 2686 442 2717; x_wconf 88' lang='lat' dir='ltr'>in</span> <span class='ocrx_word' id='word_1_275' title='bbox 462 2686 542 2718; x_wconf 79' lang='lat' dir='ltr'>mari</span> <span class='ocrx_word' id='word_1_276' title='bbox 564 2691 756 2726; x_wconf 80' lang='lat' dir='ltr'>tempestate,</span> <span class='ocrx_word' id='word_1_277' title='bbox 779 2698 865 2719; x_wconf 91' lang='lat' dir='ltr'>nunc</span> <span class='ocrx_word' id='word_1_278' title='bbox 885 2699 1004 2721; x_wconf 84' lang='lat' dir='ltr'>merca-</span> 
     </span>
     <span class='ocr_line' id='line_1_49' title="bbox 243 2729 1002 2771; baseline 0.005 -11"><span class='ocrx_word' id='word_1_279' title='bbox 243 2735 346 2761; x_wconf 81' lang='lat' dir='ltr'>turam</span> <span class='ocrx_word' id='word_1_280' title='bbox 361 2729 498 2766; x_wconf 79' lang='lat' dir='ltr'>damuet,</span> <span class='ocrx_word' id='word_1_281' title='bbox 515 2735 547 2760; x_wconf 89' lang='lat' dir='ltr'>et</span> <span class='ocrx_word' id='word_1_282' title='bbox 567 2729 668 2760; x_wconf 89' lang='lat' dir='ltr'>otium</span> <span class='ocrx_word' id='word_1_283' title='bbox 682 2736 775 2771; x_wconf 83' lang='lat' dir='ltr'>atque</span> <span class='ocrx_word' id='word_1_284' title='bbox 795 2732 1002 2771; x_wconf 81' lang='lat' dir='ltr'>securitatem,</span> 
     </span>
     <span class='ocr_line' id='line_1_50' title="bbox 243 2772 1003 2814; baseline 0.009 -14"><span class='ocrx_word' id='word_1_285' title='bbox 243 2783 306 2811; x_wconf 82' lang='lat' dir='ltr'>qua</span> <span class='ocrx_word' id='word_1_286' title='bbox 320 2773 353 2803; x_wconf 90' lang='lat' dir='ltr'>in</span> <span class='ocrx_word' id='word_1_287' title='bbox 367 2773 468 2813; x_wconf 76' lang='lat' dir='ltr'>patria</span> <span class='ocrx_word' id='word_1_288' title='bbox 479 2772 544 2804; x_wconf 83' lang='lat' dir='ltr'>frui</span> <span class='ocrx_word' id='word_1_289' title='bbox 557 2772 662 2814; x_wconf 80' lang='lat' dir='ltr'>possit,</span> <span class='ocrx_word' id='word_1_290' title='bbox 678 2773 794 2810; x_wconf 88' lang='lat' dir='ltr'>laudet,</span> <span class='ocrx_word' id='word_1_291' title='bbox 810 2785 883 2805; x_wconf 84' lang='lat' dir='ltr'>mox</span> <span class='ocrx_word' id='word_1_292' title='bbox 899 2782 1003 2807; x_wconf 82' lang='lat' dir='ltr'>tamen</span> 
     </span>
     <span class='ocr_line' id='line_1_51' title="bbox 244 2816 1003 2858; baseline 0.007 -14"><span class='ocrx_word' id='word_1_293' title='bbox 244 2825 324 2846; x_wconf 85' lang='lat' dir='ltr'>nova</span> <span class='ocrx_word' id='word_1_294' title='bbox 343 2817 524 2848; x_wconf 83' lang='lat' dir='ltr'>divitiarum</span> <span class='ocrx_word' id='word_1_295' title='bbox 545 2816 809 2848; x_wconf 79' lang='lat' dir='ltr'>cumulandarum</span> <span class='ocrx_word' id='word_1_296' title='bbox 834 2818 1003 2858; x_wconf 79' lang='lat' dir='ltr'>cupiditate</span> 
     </span>
     <span class='ocr_line' id='line_1_52' title="bbox 246 2858 1003 2902; baseline 0.005 -14"><span class='ocrx_word' id='word_1_297' title='bbox 246 2858 380 2898; x_wconf 71' lang='lat' dir='ltr'>agitatus</span> <span class='ocrx_word' id='word_1_298' title='bbox 394 2861 526 2892; x_wconf 80' lang='lat' dir='ltr'>fractam</span> <span class='ocrx_word' id='word_1_299' title='bbox 540 2870 652 2891; x_wconf 76' lang='lat' dir='ltr'>nav·-</span> <span class='ocrx_word' id='word_1_300' title='bbox 666 2859 707 2891; x_wconf 77' lang='lat' dir='ltr'>ad</span> <span class='ocrx_word' id='word_1_301' title='bbox 720 2867 889 2902; x_wconf 87' lang='lat' dir='ltr'>quaestum,</span> <span class='ocrx_word' id='word_1_302' title='bbox 901 2861 934 2892; x_wconf 87' lang='lat' dir='ltr'>in</span> <span class='ocrx_word' id='word_1_303' title='bbox 950 2872 1003 2893; x_wconf 87' lang='lat' dir='ltr'>ex-</span> 
     </span>
     <span class='ocr_line' id='line_1_53' title="bbox 246 2901 1005 2942; baseline 0.008 -12"><span class='ocrx_word' id='word_1_304' title='bbox 246 2901 319 2931; x_wconf 75' lang='lat' dir='ltr'>teris</span> <span class='ocrx_word' id='word_1_305' title='bbox 344 2903 432 2934; x_wconf 85' lang='lat' dir='ltr'>terris</span> <span class='ocrx_word' id='word_1_306' title='bbox 460 2903 651 2942; x_wconf 73' lang='lat' dir='ltr'>faciendum,</span> <span class='ocrx_word' id='word_1_307' title='bbox 677 2903 877 2935; x_wconf 82' lang='lat' dir='ltr'>reficiendam</span> <span class='ocrx_word' id='word_1_308' title='bbox 908 2912 1005 2937; x_wconf 73' lang='lat' dir='ltr'>curat.</span> 
     </span>
     <span class='ocr_line' id='line_1_54' title="bbox 248 2945 1002 2988; baseline 0.007 -14"><span class='ocrx_word' id='word_1_309' title='bbox 248 2945 377 2986; x_wconf 80' lang='lat' dir='ltr'>Africus</span> <span class='ocrx_word' id='word_1_310' title='bbox 392 2954 502 2978; x_wconf 82' lang='lat' dir='ltr'>ventus</span> <span class='ocrx_word' id='word_1_311' title='bbox 517 2947 706 2988; x_wconf 77' lang='lat' dir='ltr'>procellosus</span> <span class='ocrx_word' id='word_1_312' title='bbox 721 2948 759 2979; x_wconf 87' lang='lat' dir='ltr'>ab</span> <span class='ocrx_word' id='word_1_313' title='bbox 774 2957 884 2978; x_wconf 82' lang='lat' dir='ltr'>occasu</span> <span class='ocrx_word' id='word_1_314' title='bbox 906 2948 983 2980; x_wconf 84' lang='lat' dir='ltr'>flans</span> <span class='ocrx_word' id='word_1_315' title='bbox 992 2961 1002 2987; x_wconf 92' lang='lat'>;</span> 
     </span>
    </p>
   </div>
   <div class='ocr_carea' id='block_1_13' title="bbox 998 2991 1032 3022">
    <p class='ocr_par' dir='ltr' id='par_1_19' title="bbox 998 2991 1032 3022">
     <span class='ocr_line' id='line_1_55' title="bbox 998 2991 1032 3022; baseline -0.029 0"><span class='ocrx_word' id='word_1_316' title='bbox 998 2991 1032 3022; x_wconf 94' lang='lat' dir='ltr'>ll</span> 
     </span>
    </p>
   </div>
   <div class='ocr_carea' id='block_1_14' title="bbox 1039 1859 1806 2478">
    <p class='ocr_par' dir='ltr' id='par_1_20' title="bbox 1039 1859 1804 2067">
     <span class='ocr_line' id='line_1_56' title="bbox 1039 1859 1804 1902; baseline -0.005 -9"><span class='ocrx_word' id='word_1_317' title='bbox 1039 1862 1156 1893; x_wconf 81' lang='lat' dir='ltr'>ratium</span> <span class='ocrx_word' id='word_1_318' title='bbox 1182 1860 1259 1902; x_wconf 82' lang='lat' dir='ltr'>(nisi</span> <span class='ocrx_word' id='word_1_319' title='bbox 1279 1860 1329 1891; x_wconf 86' lang='lat' dir='ltr'>vel</span> <span class='ocrx_word' id='word_1_320' title='bbox 1354 1863 1449 1899; x_wconf 80' lang='lat' dir='ltr'>dura,</span> <span class='ocrx_word' id='word_1_321' title='bbox 1471 1860 1521 1892; x_wconf 86' lang='lat' dir='ltr'>vel</span> <span class='ocrx_word' id='word_1_322' title='bbox 1541 1862 1732 1902; x_wconf 51' lang='lat' dir='ltr'>importuna,</span> <span class='ocrx_word' id='word_1_323' title='bbox 1753 1859 1804 1890; x_wconf 79' lang='lat' dir='ltr'>vel</span> 
     </span>
     <span class='ocr_line' id='line_1_57' title="bbox 1040 1903 1803 1947; baseline -0.001 -12"><span class='ocrx_word' id='word_1_324' title='bbox 1040 1904 1154 1936; x_wconf 82' lang='lat' dir='ltr'>similia</span> <span class='ocrx_word' id='word_1_325' title='bbox 1167 1903 1354 1943; x_wconf 83' lang='lat' dir='ltr'>adduntur,)</span> <span class='ocrx_word' id='word_1_326' title='bbox 1370 1914 1436 1936; x_wconf 87' lang='lat' dir='ltr'>non</span> <span class='ocrx_word' id='word_1_327' title='bbox 1449 1910 1497 1935; x_wconf 83' lang='lat' dir='ltr'>est</span> <span class='ocrx_word' id='word_1_328' title='bbox 1509 1909 1639 1947; x_wconf 52' lang='lat' dir='ltr'>egestae</span> <span class='ocrx_word' id='word_1_329' title='bbox 1648 1909 1681 1935; x_wconf 77' lang='lat' dir='ltr'>et</span> <span class='ocrx_word' id='word_1_330' title='bbox 1700 1912 1803 1944; x_wconf 82' lang='lat' dir='ltr'>penu-</span> 
     </span>
     <span class='ocr_line' id='line_1_58' title="bbox 1041 1945 1803 1989; baseline -0.004 -10"><span class='ocrx_word' id='word_1_331' title='bbox 1041 1949 1098 1987; x_wconf 81' lang='lat' dir='ltr'>ria,</span> <span class='ocrx_word' id='word_1_332' title='bbox 1120 1947 1176 1979; x_wconf 84' lang='lat' dir='ltr'>sed</span> <span class='ocrx_word' id='word_1_333' title='bbox 1197 1958 1235 1979; x_wconf 87' lang='lat' dir='ltr'>ea</span> <span class='ocrx_word' id='word_1_334' title='bbox 1249 1949 1320 1986; x_wconf 72' lang='lat' dir='ltr'>vitae</span> <span class='ocrx_word' id='word_1_335' title='bbox 1333 1958 1400 1979; x_wconf 80' lang='lat' dir='ltr'>sors</span> <span class='ocrx_word' id='word_1_336' title='bbox 1413 1953 1447 1980; x_wconf 77' lang='lat' dir='ltr'>et</span> <span class='ocrx_word' id='word_1_337' title='bbox 1467 1947 1618 1986; x_wconf 83' lang='lat' dir='ltr'>conditio,</span> <span class='ocrx_word' id='word_1_338' title='bbox 1639 1957 1703 1989; x_wconf 77' lang='lat' dir='ltr'>qua</span> <span class='ocrx_word' id='word_1_339' title='bbox 1721 1945 1803 1988; x_wconf 55' lang='lat' dir='ltr'>quis,</span> 
     </span>
     <span class='ocr_line' id='line_1_59' title="bbox 1041 1990 1803 2034; baseline 0 -11"><span class='ocrx_word' id='word_1_340' title='bbox 1041 1997 1196 2034; x_wconf 86' lang='lat' dir='ltr'>quantum</span> <span class='ocrx_word' id='word_1_341' title='bbox 1211 1991 1253 2023; x_wconf 85' lang='lat' dir='ltr'>ad</span> <span class='ocrx_word' id='word_1_342' title='bbox 1267 1991 1362 2023; x_wconf 84' lang='lat' dir='ltr'>vitam</span> <span class='ocrx_word' id='word_1_343' title='bbox 1385 1990 1622 2023; x_wconf 65' lang='lat' dir='ltr'>sustentandam</span> <span class='ocrx_word' id='word_1_344' title='bbox 1643 2001 1724 2032; x_wconf 79' lang='lat' dir='ltr'>opus</span> <span class='ocrx_word' id='word_1_345' title='bbox 1745 1995 1803 2028; x_wconf 56' lang='grc' dir='ltr'>αἱ,</span> 
     </span>
     <span class='ocr_line' id='line_1_60' title="bbox 1041 2037 1145 2067; baseline 0.01 -1"><span class='ocrx_word' id='word_1_346' title='bbox 1041 2037 1145 2067; x_wconf 83' lang='lat' dir='ltr'>habet.</span> 
     </span>
    </p>

    <p class='ocr_par' dir='ltr' id='par_1_21' title="bbox 1041 2075 1806 2478">
     <span class='ocr_line' id='line_1_61' title="bbox 1083 2075 1804 2121; baseline -0.003 -11"><span class='ocrx_word' id='word_1_347' title='bbox 1083 2090 1112 2110; x_wconf 85' lang='lat' dir='ltr'>v.</span> <span class='ocrx_word' id='word_1_348' title='bbox 1134 2078 1270 2110; x_wconf 79' lang='lat'>19-22.</span> <span class='ocrx_word' id='word_1_349' title='bbox 1296 2080 1369 2116; x_wconf 71' lang='lat' dir='ltr'>Est,</span> <span class='ocrx_word' id='word_1_350' title='bbox 1391 2079 1634 2121; x_wconf 64' lang='lat' dir='ltr'>qui-meruit,</span> <span class='ocrx_word' id='word_1_351' title='bbox 1655 2087 1714 2119; x_wconf 77' lang='lat' dir='ltr'>pro</span> <span class='ocrx_word' id='word_1_352' title='bbox 1734 2075 1804 2108; x_wconf 84' lang='lat' dir='ltr'>vul-</span> 
     </span>
     <span class='ocr_line' id='line_1_62' title="bbox 1041 2120 1806 2166; baseline -0.005 -11"><span class='ocrx_word' id='word_1_353' title='bbox 1041 2123 1128 2166; x_wconf 75' lang='lat' dir='ltr'>gari:</span> <span class='ocrx_word' id='word_1_354' title='bbox 1162 2123 1244 2154; x_wconf 81' lang='lat' dir='ltr'>alius</span> <span class='ocrx_word' id='word_1_355' title='bbox 1264 2123 1392 2164; x_wconf 83' lang='lat' dir='ltr'>spernit.</span> <span class='ocrx_word' id='word_1_356' title='bbox 1437 2124 1565 2155; x_wconf 57' lang='lat' dir='ltr'>Musaei</span> <span class='ocrx_word' id='word_1_357' title='bbox 1585 2120 1651 2152; x_wconf 84' lang='lat' dir='ltr'>vini</span> <span class='ocrx_word' id='word_1_358' title='bbox 1670 2129 1806 2162; x_wconf 83' lang='lat' dir='ltr'>genero-</span> 
     </span>
     <span class='ocr_line' id='line_1_63' title="bbox 1041 2164 1800 2206; baseline -0.003 -8"><span class='ocrx_word' id='word_1_359' title='bbox 1041 2166 1140 2203; x_wconf 64' lang='lat' dir='ltr'>simis,</span> <span class='ocrx_word' id='word_1_360' title='bbox 1156 2167 1190 2198; x_wconf 89' lang='lat' dir='ltr'>in</span> <span class='ocrx_word' id='word_1_361' title='bbox 1207 2166 1354 2204; x_wconf 82' lang='lat' dir='ltr'>Massico,</span> <span class='ocrx_word' id='word_1_362' title='bbox 1377 2172 1486 2198; x_wconf 80' lang='lat' dir='ltr'>monte</span> <span class='ocrx_word' id='word_1_363' title='bbox 1509 2164 1702 2206; x_wconf 71' lang='lat' dir='ltr'>Cumpnniae,</span> <span class='ocrx_word' id='word_1_364' title='bbox 1724 2164 1800 2196; x_wconf 77' lang='lat' dir='ltr'>nati.</span> 
     </span>
     <span class='ocr_line' id='line_1_64' title="bbox 1041 2207 1801 2252; baseline -0.005 -11"><span class='ocrx_word' id='word_1_365' title='bbox 1041 2221 1070 2242; x_wconf 86' lang='lat' dir='ltr'>v.</span> <span class='ocrx_word' id='word_1_366' title='bbox 1095 2210 1148 2242; x_wconf 77' lang='grc'>20.</span> <span class='ocrx_word' id='word_1_367' title='bbox 1173 2221 1231 2243; x_wconf 81' lang='lat' dir='ltr'>nec</span> <span class='ocrx_word' id='word_1_368' title='bbox 1247 2216 1332 2252; x_wconf 77' lang='lat' dir='ltr'>part.</span> <span class='ocrx_word' id='word_1_369' title='bbox 1357 2212 1411 2242; x_wconf 75' lang='lat' dir='ltr'>sol.</span> <span class='ocrx_word' id='word_1_370' title='bbox 1436 2212 1515 2242; x_wconf 84' lang='lat' dir='ltr'>dem.</span> <span class='ocrx_word' id='word_1_371' title='bbox 1539 2211 1578 2240; x_wconf 82' lang='lat' dir='ltr'>de</span> <span class='ocrx_word' id='word_1_372' title='bbox 1598 2210 1630 2240; x_wconf 78' lang='lat' dir='ltr'>d.</span> <span class='ocrx_word' id='word_1_373' title='bbox 1655 2219 1699 2249; x_wconf 75' lang='lat' dir='ltr'>sp.</span> <span class='ocrx_word' id='word_1_374' title='bbox 1715 2207 1748 2238; x_wconf 87' lang='lat' dir='ltr'>h.</span> <span class='ocrx_word' id='word_1_375' title='bbox 1773 2218 1801 2238; x_wconf 86' lang='lat' dir='ltr'>e.</span> 
     </span>
     <span class='ocr_line' id='line_1_65' title="bbox 1042 2250 1805 2297; baseline -0.005 -12"><span class='ocrx_word' id='word_1_376' title='bbox 1042 2264 1101 2286; x_wconf 86' lang='lat' dir='ltr'>nec</span> <span class='ocrx_word' id='word_1_377' title='bbox 1114 2253 1174 2286; x_wconf 83' lang='lat' dir='ltr'>sibi</span> <span class='ocrx_word' id='word_1_378' title='bbox 1194 2253 1339 2297; x_wconf 69' lang='lat' dir='ltr'>religioni</span> <span class='ocrx_word' id='word_1_379' title='bbox 1353 2253 1443 2285; x_wconf 86' lang='lat' dir='ltr'>ducit</span> <span class='ocrx_word' id='word_1_380' title='bbox 1455 2259 1576 2294; x_wconf 79' lang='lat' dir='ltr'>partem</span> <span class='ocrx_word' id='word_1_381' title='bbox 1597 2251 1639 2283; x_wconf 81' lang='lat' dir='ltr'>de</span> <span class='ocrx_word' id='word_1_382' title='bbox 1651 2250 1704 2283; x_wconf 86' lang='lat' dir='ltr'>die</span> <span class='ocrx_word' id='word_1_383' title='bbox 1722 2250 1805 2283; x_wconf 75' lang='lat' dir='ltr'>inte.</span> 
     </span>
     <span class='ocr_line' id='line_1_66' title="bbox 1043 2293 1802 2340; baseline -0.004 -11"><span class='ocrx_word' id='word_1_384' title='bbox 1043 2307 1103 2340; x_wconf 87' lang='lat' dir='ltr'>gro</span> <span class='ocrx_word' id='word_1_385' title='bbox 1112 2297 1283 2329; x_wconf 72' lang='lat' dir='ltr'>detractam</span> <span class='ocrx_word' id='word_1_386' title='bbox 1293 2296 1446 2338; x_wconf 77' lang='lat' dir='ltr'>potationi</span> <span class='ocrx_word' id='word_1_387' title='bbox 1455 2294 1647 2337; x_wconf 82' lang='lat' dir='ltr'>impendere.</span> <span class='ocrx_word' id='word_1_388' title='bbox 1703 2305 1734 2324; x_wconf 83' lang='lat' dir='ltr'>v.</span> <span class='ocrx_word' id='word_1_389' title='bbox 1747 2293 1802 2326; x_wconf 80' lang='lat'>21.</span> 
     </span>
     <span class='ocr_line' id='line_1_67' title="bbox 1044 2338 1805 2382; baseline -0.005 -8"><span class='ocrx_word' id='word_1_390' title='bbox 1044 2344 1112 2374; x_wconf 83' lang='lat' dir='ltr'>lene</span> <span class='ocrx_word' id='word_1_391' title='bbox 1125 2340 1166 2372; x_wconf 83' lang='lat' dir='ltr'>ad</span> <span class='ocrx_word' id='word_1_392' title='bbox 1180 2351 1296 2382; x_wconf 80' lang='lat' dir='ltr'>aquam</span> <span class='ocrx_word' id='word_1_393' title='bbox 1311 2340 1422 2372; x_wconf 84' lang='lat' dir='ltr'>leniter</span> <span class='ocrx_word' id='word_1_394' title='bbox 1431 2350 1470 2372; x_wconf 82' lang='lat' dir='ltr'>ex</span> <span class='ocrx_word' id='word_1_395' title='bbox 1481 2339 1570 2372; x_wconf 77' lang='lat' dir='ltr'>fonte</span> <span class='ocrx_word' id='word_1_396' title='bbox 1583 2338 1805 2371; x_wconf 75' lang='lat' dir='ltr'>scaturientem</span> 
     </span>
     <span class='ocr_line' id='line_1_68' title="bbox 1043 2383 1806 2426; baseline -0.003 -10"><span class='ocrx_word' id='word_1_397' title='bbox 1043 2383 1266 2423; x_wconf 83' lang='lat' dir='ltr'>referendum3</span> <span class='ocrx_word' id='word_1_398' title='bbox 1291 2391 1385 2426; x_wconf 80' lang='lat' dir='ltr'>caput</span> <span class='ocrx_word' id='word_1_399' title='bbox 1405 2385 1487 2422; x_wconf 80' lang='lat' dir='ltr'>fons,</span> <span class='ocrx_word' id='word_1_400' title='bbox 1513 2390 1552 2415; x_wconf 78' lang='lat' dir='ltr'>ut</span> <span class='ocrx_word' id='word_1_401' title='bbox 1577 2392 1681 2423; x_wconf 74' lang='lat' dir='ltr'>saepe;</span> <span class='ocrx_word' id='word_1_402' title='bbox 1706 2393 1806 2414; x_wconf 72' lang='lat' dir='ltr'>sacrae</span> 
     </span>
     <span class='ocr_line' id='line_1_69' title="bbox 1044 2425 1806 2478; baseline -0.004 -18"><span class='ocrx_word' id='word_1_403' title='bbox 1044 2427 1105 2459; x_wconf 84' lang='lat' dir='ltr'>diis</span> <span class='ocrx_word' id='word_1_404' title='bbox 1113 2427 1293 2478; x_wconf 35' lang='lat' dir='ltr'>‚agrestibus</span> <span class='ocrx_word' id='word_1_405' title='bbox 1314 2428 1362 2460; x_wconf 83' lang='lat' dir='ltr'>vel</span> <span class='ocrx_word' id='word_1_406' title='bbox 1379 2427 1539 2469; x_wconf 84' lang='lat' dir='ltr'>Nymphis</span> <span class='ocrx_word' id='word_1_407' title='bbox 1559 2426 1664 2459; x_wconf 69' lang='lat' dir='ltr'>fontes</span> <span class='ocrx_word' id='word_1_408' title='bbox 1675 2425 1806 2458; x_wconf 79' lang='lat' dir='ltr'>fuerunt</span> 
     </span>
    </p>
   </div>
   <div class='ocr_carea' id='block_1_15' title="bbox 1034 2476 1123 2504">
    <p class='ocr_par' dir='ltr' id='par_1_22' title="bbox 1034 2476 1123 2504">
     <span class='ocr_line' id='line_1_70' title="bbox 1034 2476 1123 2504; baseline 0 0"><span class='ocrx_word' id='word_1_409' title='bbox 1034 2476 1123 2504; x_wconf 80' lang='lat' dir='ltr'>&#39;suen</span> 
     </span>
    </p>
   </div>
   <div class='ocr_carea' id='block_1_16' title="bbox 1045 2515 1807 2940">
    <p class='ocr_par' dir='ltr' id='par_1_23' title="bbox 1045 2515 1807 2940">
     <span class='ocr_line' id='line_1_71' title="bbox 1089 2515 1806 2556; baseline -0.003 -9"><span class='ocrx_word' id='word_1_410' title='bbox 1089 2526 1118 2547; x_wconf 86' lang='lat' dir='ltr'>v.</span> <span class='ocrx_word' id='word_1_411' title='bbox 1137 2515 1277 2547; x_wconf 72' lang='lat'>23—28.</span> <span class='ocrx_word' id='word_1_412' title='bbox 1293 2522 1322 2548; x_wconf 81' lang='lat' dir='ltr'>et</span> <span class='ocrx_word' id='word_1_413' title='bbox 1343 2517 1419 2548; x_wconf 74' lang='lat' dir='ltr'>lituo</span> <span class='ocrx_word' id='word_1_414' title='bbox 1441 2517 1506 2549; x_wconf 74' lang='lat' dir='ltr'>tub.</span> <span class='ocrx_word' id='word_1_415' title='bbox 1525 2515 1657 2556; x_wconf 72' lang='lat' dir='ltr'>permix-</span> <span class='ocrx_word' id='word_1_416' title='bbox 1681 2524 1748 2546; x_wconf 71' lang='lat' dir='ltr'>son.</span> <span class='ocrx_word' id='word_1_417' title='bbox 1760 2530 1806 2540; x_wconf 91' lang='lat'><strong>—</strong></span> 
     </span>
     <span class='ocr_line' id='line_1_72' title="bbox 1045 2557 1806 2602; baseline -0.004 -11"><span class='ocrx_word' id='word_1_418' title='bbox 1045 2561 1153 2597; x_wconf 75' lang='lat' dir='ltr'>lituus,</span> <span class='ocrx_word' id='word_1_419' title='bbox 1169 2559 1235 2602; x_wconf 88' lang='lat' dir='ltr'>qui,</span> <span class='ocrx_word' id='word_1_420' title='bbox 1250 2567 1287 2591; x_wconf 85' lang='lat' dir='ltr'>ut</span> <span class='ocrx_word' id='word_1_421' title='bbox 1301 2565 1361 2590; x_wconf 87' lang='lat' dir='ltr'>vet.</span> <span class='ocrx_word' id='word_1_422' title='bbox 1375 2560 1472 2591; x_wconf 79' lang='lat' dir='ltr'>schol.</span> <span class='ocrx_word' id='word_1_423' title='bbox 1496 2559 1647 2595; x_wconf 64' lang='lat' dir='ltr'>otnervat,</span> <span class='ocrx_word' id='word_1_424' title='bbox 1669 2562 1736 2589; x_wconf 78' lang='lat' dir='ltr'>ent</span> <span class='ocrx_word' id='word_1_425' title='bbox 1755 2557 1806 2588; x_wconf 84' lang='lat' dir='ltr'>in-</span> 
     </span>
     <span class='ocr_line' id='line_1_73' title="bbox 1046 2601 1804 2644; baseline -0.004 -10"><span class='ocrx_word' id='word_1_426' title='bbox 1046 2613 1161 2635; x_wconf 84' lang='lat' dir='ltr'>curvus</span> <span class='ocrx_word' id='word_1_427' title='bbox 1183 2611 1216 2635; x_wconf 83' lang='lat' dir='ltr'>et</span> <span class='ocrx_word' id='word_1_428' title='bbox 1238 2613 1317 2635; x_wconf 84' lang='lat' dir='ltr'>sono</span> <span class='ocrx_word' id='word_1_429' title='bbox 1337 2609 1441 2642; x_wconf 77' lang='lat' dir='ltr'>acuto,</span> <span class='ocrx_word' id='word_1_430' title='bbox 1462 2602 1528 2635; x_wconf 83' lang='lat' dir='ltr'>fuit</span> <span class='ocrx_word' id='word_1_431' title='bbox 1545 2601 1700 2644; x_wconf 75' lang='lat' dir='ltr'>equitum,</span> <span class='ocrx_word' id='word_1_432' title='bbox 1714 2601 1804 2639; x_wconf 76' lang='lat' dir='ltr'>tuba,</span> 
     </span>
     <span class='ocr_line' id='line_1_74' title="bbox 1047 2642 1802 2688; baseline -0.004 -11"><span class='ocrx_word' id='word_1_433' title='bbox 1047 2657 1120 2687; x_wconf 84' lang='lat' dir='ltr'>quae</span> <span class='ocrx_word' id='word_1_434' title='bbox 1143 2654 1210 2679; x_wconf 81' lang='lat' dir='ltr'>erat</span> <span class='ocrx_word' id='word_1_435' title='bbox 1232 2646 1350 2679; x_wconf 79' lang='lat' dir='ltr'>directa</span> <span class='ocrx_word' id='word_1_436' title='bbox 1370 2653 1402 2678; x_wconf 86' lang='lat' dir='ltr'>et</span> <span class='ocrx_word' id='word_1_437' title='bbox 1426 2656 1504 2683; x_wconf 77' lang='lat' dir='ltr'>sono</span> <span class='ocrx_word' id='word_1_438' title='bbox 1524 2643 1623 2688; x_wconf 64' lang='lat' dir='ltr'>gravi,</span> <span class='ocrx_word' id='word_1_439' title='bbox 1649 2642 1802 2685; x_wconf 71' lang='lat' dir='ltr'>peditum.</span> 
     </span>
     <span class='ocr_line' id='line_1_75' title="bbox 1047 2689 1807 2732; baseline -0.003 -11"><span class='ocrx_word' id='word_1_440' title='bbox 1047 2689 1100 2721; x_wconf 78' lang='lat'>25.</span> <span class='ocrx_word' id='word_1_441' title='bbox 1125 2693 1274 2724; x_wconf 76' lang='lat' dir='ltr'>detestata</span> <span class='ocrx_word' id='word_1_442' title='bbox 1287 2689 1417 2732; x_wconf 81' lang='lat' dir='ltr'>passive.</span> <span class='ocrx_word' id='word_1_443' title='bbox 1499 2694 1807 2727; x_wconf 50' lang='grc' dir='ltr'>’κακὴ-ΜΨ</span> 
     </span>
     <span class='ocr_line' id='line_1_76' title="bbox 1049 2734 1805 2776; baseline -0.005 -11"><span class='ocrx_word' id='word_1_444' title='bbox 1049 2734 1111 2776; x_wconf 85' lang='lat' dir='ltr'>(uti</span> <span class='ocrx_word' id='word_1_445' title='bbox 1131 2735 1218 2775; x_wconf 82' lang='lat' dir='ltr'>apud</span> <span class='ocrx_word' id='word_1_446' title='bbox 1239 2744 1314 2766; x_wconf 80' lang='lat' dir='ltr'>nos:</span> <span class='ocrx_word' id='word_1_447' title='bbox 1346 2735 1480 2775; x_wconf 77' lang='lat' dir='ltr'>bleibeu)</span> <span class='ocrx_word' id='word_1_448' title='bbox 1506 2743 1582 2774; x_wconf 68' lang='lat' dir='ltr'>proz</span> <span class='ocrx_word' id='word_1_449' title='bbox 1613 2736 1805 2772; x_wconf 74' lang='lat' dir='ltr'>pernoctare,</span> 
     </span>
     <span class='ocr_line' id='line_1_77' title="bbox 1046 2773 1806 2819; baseline -0.001 -12"><span class='ocrx_word' id='word_1_450' title='bbox 1046 2788 1130 2818; x_wconf 87' lang='lat' dir='ltr'>saepe</span> <span class='ocrx_word' id='word_1_451' title='bbox 1153 2777 1240 2819; x_wconf 80' lang='lat' dir='ltr'>apud</span> <span class='ocrx_word' id='word_1_452' title='bbox 1263 2778 1450 2810; x_wconf 84' lang='lat' dir='ltr'>Ciceronem</span> <span class='ocrx_word' id='word_1_453' title='bbox 1471 2782 1503 2808; x_wconf 80' lang='lat' dir='ltr'>et</span> <span class='ocrx_word' id='word_1_454' title='bbox 1522 2774 1675 2814; x_wconf 66' lang='lat' dir='ltr'>Livium</span> <span class='ocrx_word' id='word_1_455' title='bbox 1704 2773 1806 2806; x_wconf 74' lang='lat' dir='ltr'>multa</span> 
     </span>
     <span class='ocr_line' id='line_1_78' title="bbox 1046 2815 1802 2861; baseline -0.003 -10"><span class='ocrx_word' id='word_1_456' title='bbox 1046 2822 1192 2861; x_wconf 81' lang='lat' dir='ltr'>exempla</span> <span class='ocrx_word' id='word_1_457' title='bbox 1212 2822 1299 2854; x_wconf 84' lang='lat' dir='ltr'>dabit</span> <span class='ocrx_word' id='word_1_458' title='bbox 1319 2821 1479 2853; x_wconf 76' lang='lat' dir='ltr'>Drakenb.</span> <span class='ocrx_word' id='word_1_459' title='bbox 1505 2819 1546 2851; x_wconf 79' lang='lat' dir='ltr'>ad</span> <span class='ocrx_word' id='word_1_460' title='bbox 1568 2818 1640 2850; x_wconf 80' lang='lat' dir='ltr'>Liv.</span> <span class='ocrx_word' id='word_1_461' title='bbox 1658 2817 1732 2850; x_wconf 90' lang='lat'>111.</span> <span class='ocrx_word' id='word_1_462' title='bbox 1748 2815 1802 2849; x_wconf 72' lang='grc'>46.</span> 
     </span>
     <span class='ocr_line' id='line_1_79' title="bbox 1048 2861 1804 2906; baseline -0.003 -12"><span class='ocrx_word' id='word_1_463' title='bbox 1048 2865 1067 2904; x_wconf 81' lang='lat'>§</span> <span class='ocrx_word' id='word_1_464' title='bbox 1086 2863 1116 2894; x_wconf 80' lang='lat'>7.</span> <span class='ocrx_word' id='word_1_465' title='bbox 1138 2867 1230 2897; x_wconf 88' lang='lat' dir='ltr'>Tom.</span> <span class='ocrx_word' id='word_1_466' title='bbox 1253 2866 1280 2897; x_wconf 90' lang='lat'>1.</span> <span class='ocrx_word' id='word_1_467' title='bbox 1299 2876 1329 2906; x_wconf 87' lang='lat' dir='ltr'>p.</span> <span class='ocrx_word' id='word_1_468' title='bbox 1345 2863 1419 2895; x_wconf 80' lang='lat'>725.</span> <span class='ocrx_word' id='word_1_469' title='bbox 1484 2865 1541 2896; x_wconf 71' lang='lat' dir='ltr'>sub</span> <span class='ocrx_word' id='word_1_470' title='bbox 1554 2863 1628 2897; x_wconf 81' lang='lat' dir='ltr'>Jove</span> <span class='ocrx_word' id='word_1_471' title='bbox 1641 2863 1701 2894; x_wconf 89' lang='lat' dir='ltr'>sub</span> <span class='ocrx_word' id='word_1_472' title='bbox 1715 2861 1804 2900; x_wconf 79' lang='lat' dir='ltr'>caelo,</span> 
     </span>
     <span class='ocr_line' id='line_1_80' title="bbox 1282 2905 1805 2940; baseline -0.008 -1"><span class='ocrx_word' id='word_1_473' title='bbox 1282 2919 1318 2940; x_wconf 87' lang='lat' dir='ltr'>.v.</span> <span class='ocrx_word' id='word_1_474' title='bbox 1337 2907 1401 2940; x_wconf 73' lang='lat'>28:</span> <span class='ocrx_word' id='word_1_475' title='bbox 1415 2914 1523 2940; x_wconf 75' lang='lat' dir='ltr'>teretes</span> <span class='ocrx_word' id='word_1_476' title='bbox 1543 2905 1632 2938; x_wconf 73' lang='lat' dir='ltr'>tereti</span> <span class='ocrx_word' id='word_1_477' title='bbox 1654 2905 1710 2936; x_wconf 83' lang='lat' dir='ltr'>filo</span> <span class='ocrx_word' id='word_1_478' title='bbox 1729 2915 1805 2936; x_wconf 87' lang='lat' dir='ltr'>con·</span> 
     </span>
    </p>
   </div>
   <div class='ocr_carea' id='block_1_17' title="bbox 1049 2908 1805 2994">
    <p class='ocr_par' dir='ltr' id='par_1_24' title="bbox 1049 2908 1805 2994">
     <span class='ocr_line' id='line_1_81' title="bbox 1049 2908 1199 2941; baseline 0.02 -3"><span class='ocrx_word' id='word_1_479' title='bbox 1049 2908 1104 2939; x_wconf 64' lang='grc' dir='ltr'>ὖτό</span> <span class='ocrx_word' id='word_1_480' title='bbox 1127 2911 1175 2941; x_wconf 68' lang='grc' dir='ltr'>Διί</span> <span class='ocrx_word' id='word_1_481' title='bbox 1191 2931 1199 2941; x_wconf 82' lang='lat'>-</span> 
     </span>
     <span class='ocr_line' id='line_1_82' title="bbox 1177 2924 1805 2994; baseline -0.011 -7"><span class='ocrx_word' id='word_1_482' title='bbox 1177 2924 1188 2944; x_wconf 59' lang='grc' dir='ltr'><em>ς</em></span> <span class='ocrx_word' id='word_1_483' title='bbox 1244 2955 1371 2986; x_wconf 76' lang='lat' dir='ltr'>Marsus</span> <span class='ocrx_word' id='word_1_484' title='bbox 1384 2962 1459 2994; x_wconf 83' lang='lat' dir='ltr'>pro:</span> <span class='ocrx_word' id='word_1_485' title='bbox 1480 2942 1664 2988; x_wconf 51' lang='lat' dir='ltr'>&#39;Marsicum</span> <span class='ocrx_word' id='word_1_486' title='bbox 1687 2948 1805 2989; x_wconf 82' lang='lat' dir='ltr'>epithe-</span> 
     </span>
    </p>
   </div>
   <div class='ocr_carea' id='block_1_18' title="bbox 1046 2950 1153 2984">
    <p class='ocr_par' dir='ltr' id='par_1_25' title="bbox 1046 2950 1153 2984">
     <span class='ocr_line' id='line_1_83' title="bbox 1046 2950 1153 2984; baseline 0.037 -4"><span class='ocrx_word' id='word_1_487' title='bbox 1046 2950 1153 2984; x_wconf 77' lang='lat' dir='ltr'>sectas.</span> 
     </span>
    </p>
   </div>
  </div>
 </body>
</html>
