1904 3250
220 165 305 205 332

338 291 590 334 Graecorum
612 291 738 347 longe
759 290 1039 332 doctissimus.

858 164 1170 209 HORATII

1625 174 1738 224 [Lm.
1764 186 1797 213 1.

1103 291 1211 334 Inde
1234 292 1391 336 Forum
1416 294 1547 351 Appi,

337 361 568 402 Differtum
588 359 741 410 nautis,
765 360 1028 416 cauponibus
1049 368 1176 418 atque
1195 363 1404 422 malignis.

277 435 303 472 5
338 431 435 472 Hoc
456 432 535 471 iter
556 430 697 487 ignavi
717 429 951 481 divisimus,
979 430 1102 472 altius
1124 446 1174 473 ac
1194 447 1272 474 nos

337 503 582 546 Praecinctis
604 518 760 545 unum:
792 504 917 545 nimis
939 512 1003 546 est
1022 505 1163 562 gravis
1185 505 1329 563 Appia
1346 508 1492 550 tardis.

338 577 422 618 Hic
443 591 536 634 ege,
559 584 736 632 propter
757 590 924 634 aquam,
948 577 1064 634 quod
1085 586 1182 620 erat·
1197 579 1425 632 teterrima,
1446 583 1582 624 ventri

335 646 485 688 Indico
505 646 678 698 bellum,
702 655 917 689 coenantes
939 647 1055 689 haud
1076 648 1220 690 animo
1239 664 1366 706 aequo

336 716 600 772 Exspectans
610 718 812 773 comites.

252 790 302 827 10

872 717 968 771 Jam
994 732 1082 759 nox
1101 717 1304 760 inducere
1324 719 1448 761 terris

337 786 537 837 Umbras,
560 794 603 828 et
623 786 731 829 coelo
752 787 990 829 diffundere
1012 787 1134 846 signa
1151 789 1353 849 parabat‘:

335 855 450 897 Tum
470 857 593 912 pueri
613 857 766 909 nautis,
787 858 932 914 pueris
953 858 1144 900 convicia
1163 867 1306 900 nautae

335 927 548 984 Ingerere.

333 998 429 1045 Jam
451 998 551 1040 satis
571 1006 646 1040 est.

613 928 714 971 Huc
733 928 923 985 appelle:
955 936 1166 971 trecentos
1187 928 1363 973 inseris!
1396 929 1505 973 ohe!

710 998 830 1041 Dum
850 1015 909 1041 aes
931 1000 1128 1058 exigitur,
1151 1000 1255 1043 dum
1274 1000 1392 1042 mula
1411 1000 1580 1059 ligatur,

335 1070 448 1113 Tota
467 1071 555 1114 abit
574 1072 707 1114 hora:
740 1072 840 1114 maii
861 1072 1031 1124 culices,
1054 1089 1256 1132 ranaeque
1275 1073 1486 1130 palustres

252 1143 302 1181 15

335 1140 548 1182 Avertunt
569 1157 740 1184 somnos
757 1159 766 1183 :
799 1143 1017 1184 absentem
1038 1151 1087 1185 ut
1107 1151 1248 1186 cantat
1268 1143 1448 1186 amicam

335 1213 479 1256 Multa
497 1214 692 1270 prolutus
713 1231 852 1272 vappa
871 1224 1013 1267 nauta,
1046 1225 1172 1273 atque
1193 1217 1330 1259 viator

336 1283 563 1325 Certatim:
595 1284 766 1327 tandem
787 1284 921 1327 fessus
942 1285 1129 1328 dormire
1149 1287 1284 1328 viator

214 1419 352 1451 cundam
377 1420 447 1462 ejus
469 1420 655 1451 memoriam
678 1419 875 1461 descripsisse
900 1420 987 1452 vide-

214 1470 276 1494 tur.

259 1518 287 1538 v.
306 1506 334 1538 l.
353 1508 486 1548 Magna,
503 1508 574 1539 urbi
589 1519 714 1548 mognae
728 1507 898 1547 opponitur
907 1519 986 1548 par-

214 1563 289 1583 vum
318 1551 471 1591 oppidum
500 1551 619 1589 Aricia,
647 1551 706 1582 sita
729 1559 815 1582 trans
840 1558 984 1582 montem

216 1595 380 1626 Albanum
395 1595 430 1624 in
450 1594 501 1625 via
518 1596 634 1635 Appia.

258 1649 286 1669 v.
305 1637 336 1668 2.
356 1639 481 1674 modico,
506 1640 562 1669 ubi
584 1649 650 1669 non
671 1638 761 1688 larga
782 1638 839 1670 sed
860 1638 986 1670 modica

213 1682 432 1721 suppeditatur
468 1682 611 1713 ciborum
648 1683 747 1722 copia,
792 1683 867 1713 hinc
902 1683 986 1713 infra

215 1725 318 1765 Epist.
336 1726 365 1756 1.
383 1724 417 1755 5.
429 1724 460 1756 2.
479 1728 544 1757 olus
559 1737 678 1757 coenare
693 1728 812 1758 modica
821 1728 952 1767 patella.

256 1780 285 1798 v.
304 1769 336 1800 3.
360 1771 544 1801 Graecnrum
559 1780 600 1800 sc.
619 1770 768 1800 virorum.
861 1765 984 1802 Furiam

213 1811 302 1853 App*
289 1825 311 1850 z,
327 1813 504 1852 oppidum'
495 1823 528 1842 m
545 1814 595 1843 via
612 1813 729 1852 Appia,
753 1812 838 1844 unde
859 1824 915 1853 per
929 1824 984 1853 pa-

207 1856 305 1887 ludes
329 1856 486 1887 Pontinas
500 1856 540 1887 ad
559 1857 702 1887 Feroniae
716 1857 830 1887 sanum
846 1859 890 1898 (v.
909 1855 962 1889 24.
969 1858 983 1898 )

211 1900 428 1942 navigabatur.
475 1902 561 1932 Fora
577 1907 608 1931 et
628 1901 832 1932 conciliabula
854 1900 986 1932 fuerunt

211 1954 307 1983 parva
321 1944 447 1983 oppida,
463 1944 518 1974 ubi
535 1945 591 1985 jus
604 1944 768 1975 dicebatur
787 1951 820 1975 et
833 1944 986 1975 nundinae

211 1988 417 2018 habebantur.
444 1990 494 2019 Sic
493 1988 612 2029 forum
627 1989 801 2019 Aurelium
816 1988 904 2027 apud
917 1989 984 2020 Cic.

206 2031 246 2061 -in
264 2031 359 2062 Catil.
380 2030 409 2061 Ι.
430 2030 471 2068 9;
494 2041 553 2061 nos
566 2031 649 2062 fere:
676 2034 728 2063 ein
750 2033 980 2074 nzarkfflecken.

211 2074 351 2116 deforis
377 2082 409 2105 et
431 2076 640 2106 conciliabulis
668 2075 794 2115 copiose
815 2075 986 2115 disputavit

213 2121 262 2150 M.
287 2121 436 2150 Donatus
451 2119 490 2148 ad
515 2118 586 2149 Liv.
608 2119 687 2150 XL.
709 2118 759 2149 19.
778 2119 865 2151 conf.
883 2122 987 2161 Sigon.

212 2164 292 2193 Ant.
311 2164 386 2194 Jur.
405 2164 477 2193 Ital.
499 2162 549 2193 11.
572 2161 622 2193 15.

257 2216 286 2236 v.
314 2204 347 2236 4.
371 2208 490 2237 vaautis.
517 2224 560 2230 —
583 2213 691 2237 uautae
717 2207 790 2249 (nos
813 2200 983 2247 matroseh)

212 2249 357 2280 homines
369 2250 436 2280 sere
451 2255 526 2279 sunt
542 2249 645 2286 rudes,
667 2251 737 2287 feri,
753 2256 786 2280 et
799 2249 922 2281 inculti.
942 2268 985 2274 —

211 2295 368 2334 malignis,
379 2293 615 2323 accommodate
630 2294 671 2324 ad
686 2293 853 2335 ingenium
867 2303 985 2333 caupo-

213 2347 303 2374 num,
320 2336 375 2378 qui
389 2347 430 2367 ex
440 2336 520 2366 lucri
535 2337 640 2367 studio
650 2337 691 2367 ad
705 2347 739 2367 se
753 2337 985 2368 devertentibus

214 2382 351 2421 maligne
374 2380 420 2422 (h.
440 2390 466 2410 e.
486 2390 580 2419 parca
600 2387 632 2411 et
654 2391 746 2417 avara
772 2381 886 2421 manu)
910 2381 985 2411 dare

216 2424 318 2455 solent
333 2423 524 2462 necessaria3
547 2423 621 2454 hinc
635 2434 731 2464 supra
747 2424 811 2455 Sat.
833 2425 861 2455 I.
884 2422 911 2454 1.
926 2423 978 2455 29.

213 2479 312 2508 caupo
321 2469 474 2510 perfidus.

259 2522 285 2541 v.
302 2511 333 2542 5.
349 2513 421 2544 Hoc
434 2512 494 2542 iter
508 2518 579 2542 cett.
593 2511 655 2542 hoc
670 2511 736 2546 iter,
749 2511 836 2552 quod
851 2510 982 2561 gnevin..

214 2555 301 2586 ribus
317 2557 414 2586 unius
427 2554 491 2587 diei
505 2555 565 2585 iter
578 2561 635 2592 est,
659 2565 718 2585 nos
732 2554 814 2585 tardi
828 2561 860 2586 et
877 2554 983 2596 ignavi

213 2599 246 2628 in
269 2598 407 2630 duorum
427 2597 551 2629 dierum
566 2598 625 2628 iter
639 2597 804 2628 divisimus
814 2610 824 2636 ;
925 2600 979 2629 alt.

207 2645 371 2682 praecinct.
388 2642 444 2684 qui
457 2651 524 2672 rem
538 2641 677 2682 aliquam
692 2642 835 2683 gnaviter
853 2649 984 2672 tractare

215 2686 370 2724 volebant,
395 2692 523 2722 vestem,
550 2695 590 2715 ne
611 2685 667 2715 illa
688 2685 827 2724 corporis
850 2684 984 2726 agilitati

213 2729 445 2769 impedimento
459 2734 546 2765 esset,
570 2728 665 2759 altius
686 2738 780 2767 super
794 2729 913 2759 femora
930 2739 982 2759 us-

216 2783 279 2814 que
301 2773 433 2815 cingulo
455 2774 698 2810 subnectebant3
725 2772 800 2801 hinc
819 2774 916 2812 gnavi
936 2772 985 2802 di-

213 2823 331 2847 cuntur
346 2821 410 2849 alte
425 2818 520 2849 cincti
533 2816 617 2846 infra
634 2815 699 2846 Sat.
721 2815 770 2846 11.
789 2814 820 2845 8.
839 2814 890 2845 10
902 2827 986 2856 puer

211 2862 272 2890 alte
294 2863 427 2892 cinctus.
458 2860 584 2891 Phaedr.
606 2859 683 2890 Fab.
706 2858 756 2889 ll.
781 2857 982 2891 5.10.acci-

215 2905 310 2935 cincti
326 2907 482 2942 atrienses,
496 2911 530 2935 at
543 2904 692 2939 discincti,
708 2903 823 2944 ignavi.

260 2957 288 2977 v.
307 2947 338 2978 6.
358 2958 415 2988 pro
430 2950 537 2980 minus
551 2953 595 2979 ese
609 2947 682 2978 dedi
701 2945 866 2978 lectionem
883 2957 902 2977 a
916 2948 982 2979 Fea

1029 1432 1068 1453 ex
1083 1422 1212 1462 plurim.
1239 1421 1341 1454 Codd.
1359 1421 1544 1452 auctoritate
1564 1420 1598 1451 in
1613 1426 1734 1451 textum
1751 1431 1799 1451 re-

1029 1475 1151 1506 ceptam
1164 1479 1171 1497 :
1192 1468 1284 1498 nimis
1294 1472 1338 1497 est
1347 1481 1359 1502 ,·
1376 1464 1465 1496 addit
1475 1464 1559 1495 enim
1579 1464 1735 1495 Horatius
1749 1475 1800 1495 ra-

1029 1510 1160 1548 tionem,
1183 1521 1222 1541 ex
1245 1520 1309 1551 qua
1322 1509 1418 1540 unius
1439 1507 1502 1539 diei
1523 1508 1582 1538 iter
1606 1507 1639 1537 in
1661 1508 1798 1538 duorum

1027 1553 1153 1584 dierum
1176 1554 1237 1584 iter
1261 1553 1434 1591 diviserint,
1462 1552 1613 1582 nimirum
1641 1552 1717 1592 quia
1745 1552 1795 1582 via

1030 1598 1137 1637 Appia
1151 1599 1246 1629 nimis
1269 1598 1371 1638 gravis
1395 1595 1556 1638 (molesta)
1581 1595 1621 1625 sit
1634 1597 1732 1626 tardis
1747 1594 1797 1625 vel

1027 1643 1166 1682 agnavis,-
1191 1651 1240 1672 res
1254 1639 1353 1682 igitur
1366 1640 1435 1680 ipsa
1447 1652 1484 1670 φο
1497 1640 1606 1670 minus
1620 1638 1778 1688 repudiat.

1071 1696 1100 1715 v.
1131 1683 1161 1716 7.
1188 1687 1356 1721 teterrima,
1386 1682 1537 1714 teterrimi
1565 1683 1695 1722 saporis,
1723 1682 1800 1723 quia

1026 1728 1090 1759 fuit
1113 1728 1231 1764 foetida,
1256 1734 1294 1759 ut
1315 1727 1408 1758 docet
1430 1727 1612 1767 Cruquiuu
1638 1725 1684 1757 sic
1708 1736 1800 1766 sapor

1028 1778 1113 1808 teter,
1132 1773 1187 1813 qui
1202 1781 1356 1802 nauseam
1370 1777 1474 1808 creat3
1489 1767 1575 1809 apud
1590 1768 1719 1800 Lucnet.
1736 1769 1799 1800 Vl.

1027 1814 1081 1846 21.
1127 1814 1363 1857 significantior
1387 1819 1470 1845 certe
1494 1819 1542 1843 est
1563 1818 1670 1843 nostra
1691 1811 1798 1851 lectio,

1027 1870 1125 1900 quam
1161 1861 1339 1896 deterrima,
1380 1857 1435 1889 cui
1468 1856 1556 1888 favet
1588 1855 1799 1897 plurimorum

1031 1903 1133 1936 Codd.
1151 1901 1321 1934 auctoritas
1333 1900 1419 1941 apud
1434 1901 1547 1932 Feam.

1072 1957 1101 1978 v.
1119 1946 1151 1977 8.
1169 1948 1272 1979 ventri
1292 1946 1407 1977 bellum
1426 1945 1541 1981 indico,
1563 1941 1619 1985 qui
1641 1942 1740 1975 ventri
1754 1942 1800 1975 d-

1028 1992 1106 2021 bum
1144 1999 1318 2031 potumque
1347 1988 1495 2030 denegat,
1524 1987 1680 2018 hostiliter
1708 1987 1799 2028 quasi

1028 2041 1138 2066 contra
1153 2041 1294 2065 ventrem
1315 2034 1477 2082 exsurgiu·
1489 2040 1628 2072 eumque
1647 2029 1798 2062 infestum

1029 2078 1090 2109 sibi
1103 2077 1226 2116 reddit;
1249 2077 1325 2108 hinc
1339 2083 1447 2107 venter
1461 2075 1594 2116 jejunus
1614 2079 1710 2115 atque
1726 2084 1799 2105 esu-

1027 2122 1112 2152 riens
1137 2122 1275 2153 suaviter
1295 2120 1412 2152 dicitur
1434 2119 1519 2150 infra
1541 2117 1607 2148 Sat.
1632 2117 1684 2148 11.
1702 2115 1735 2148 8.
1759 2116 1794 2148 5.

1027 2167 1140 2198 iratus.
1226 2166 1312 2199 haud
1326 2165 1431 2196 artimo
1443 2165 1545 2204 aequ03
1559 2161 1716 2202 inpatiens
1731 2171 1798 2192 mo-

1028 2219 1072 2239 rae
1087 2220 1107 2240 a
1121 2208 1318 2240 coenantibus
1331 2206 1501 2239 comitibus
1514 2205 1716 2245 interpositae.

1072 2263 1101 2283 v.
1120 2252 1151 2283 9.
1170 2255 1247 2285 Jam
1268 2263 1329 2284 noa:
1349 2256 1422 2282 cett.
1441 2259 1549 2280 versus
1562 2246 1798 2291 elegantissimi,

1028 2303 1067 2326 ut
1081 2297 1166 2328 infra
1178 2306 1208 2329 v.
1225 2295 1276 2333 73,
1294 2293 1347 2326 74.
1364 2293 1449 2326 conf.
1466 2302 1562 2333 supra
1574 2292 1617 2324 ad
1633 2292 1697 2324 Sat.
1716 2293 1749 2325 L
1765 2303 1794 2324 v

1031 2338 1095 2371 113
1108 2351 1163 2382 seq

1071 2394 1100 2414 v.
1122 2383 1173 2415 10.
1201 2382 1379 2424 diffundere
1399 2383 1500 2422 signa,
1525 2380 1572 2411 sic
1592 2381 1666 2412 Noa·
1685 2381 1798 2416 eldam

1026 2429 1118 2459 astris
1132 2438 1276 2468 spargere
1290 2426 1406 2458 dicitur
1419 2424 1507 2466 apud
1519 2423 1617 2457 Ovio.
1631 2422 1714 2454 Met.
1731 2423 1799 2461 XI.

1068 2525 1098 2544 v.
1120 2512 1171 2545 ll.
1195 2515 1281 2546 Tum
1297 2523 1392 2554 paen
1413 2517 1486 2543 cett.
1503 2520 1613 2542 sensus
1626 2515 1659 2541 et
1672 2518 1792 2557 nexus·

1029 2557 1115 2588 Tum
1127 2556 1208 2588 servi
1218 2557 1317 2588 nostri
1331 2562 1364 2587 et
1378 2562 1484 2586 nautae
1498 2552 1648 2585 conviciis
1661 2542 1796 2585 invicem

1026 2611 1060 2631 se
1074 2607 1180 2640 petere
1194 2600 1369 2639 incipiunt3
1394 2608 1479 2630 unus
1491 2606 1653 2628 servorum
1668 2597 1796 2630 clamat·

1026 2645 1091 2675 huc
1104 2653 1217 2674 navem
1231 2642 1374 2683 appelle·
1399 2650 1431 2672 et
1451 2650 1536 2678 cum,
1559 2650 1640 2671 nave
1653 2641 1796 2680 appuisa,

1026 2687 1188 2729 ingentem
1210 2685 1376 2716 hominum
1398 2693 1568 2715 numeium
1589 2685 1625 2713 in
1647 2694 1716 2715 eam
1739 2686 1795 2717 de·

1026 2731 1174 2761 scendere
1189 2729 1283 2767 videt,
1296 2730 1411 2760 iterum
1426 2728 1558 2759 clamat.
1581 2726 1672 2760 ohe!
1688 2727 1797 2766 deame

1028 2774 1157 2814 plures'
1149 2783 1302 2811 mserere3
1321 2772 1389 2813 jam
1410 2772 1486 2802 satis
1505 2771 1570 2803 est¹
1595 2775 1736 2809 trecenti,
1758 2780 1796 2805 ut

1028 2819 1171 2854 sexcenti,
1181 2826 1333 2848 numerus
1343 2815 1498 2846 rotundus
1508 2814 1549 2846 de
1563 2825 1680 2857 magna
1691 2817 1792 2856 copia.

1068 2871 1098 2891 v.
1120 2860 1170 2892 13.
1187 2872 1238 2897 oes,
1255 2858 1396 2899 intellige
1411 2858 1553 2890 naulum.
1617 2862 1695 2892 dum
1705 2863 1794 2893 muta

1025 2906 1151 2945 ligatur,
1167 2903 1245 2934 dum
1259 2903 1348 2935 mula
1369 2912 1402 2933 in
1417 2903 1485 2942 ripa
1505 2902 1576 2933 navi
1597 2903 1639 2936 ad
1652 2914 1723 2935 eam
1737 2914 1793 2944 per

1027 2948 1119 2980 ilium
1133 2947 1276 2979 canalem
1291 2945 1474 2978 trahendam
1488 2946 1645 2988 alligatur.
