1904 3250
227 185 314 223 404

861 177 1174 221 HORATII

1624 183 1736 233 [Lm.
1759 193 1813 222 ιι.

348 306 512 362 Utpote
534 321 601 348 res
622 313 784 353 tenueS‚
806 304 923 344 tenui
944 318 1140 349 sermone
1156 313 1359 360 peractas.

262 383 314 421 10
346 378 439 421 Ede
460 377 642 420 hominis
664 391 833 426 nomen,
855 375 979 417 simul
1000 383 1057 426 et,
1081 375 1299 419 Romanus
1319 393 1373 419 an
1393 377 1559 435 hospes.

349 452 449 507 Ipsa
469 465 631 492 memor
650 457 867 506 praecepta
885 463 1065 500 canarn3
1092 448 1297 491 celabitur
1317 458 1476 493 auctor.

349 522 502 577 Longa
522 519 675 575 quibus
695 517 823 561 facies
845 520 934 561 ovis
955 519 1048 571 erit,
1070 519 1146 560 illa
1163 528 1391 571 memento,

350 594 413 635 Ut
433 592 547 633 succi
567 591 755 633 melioris
775 599 820 633 et
838 600 888 633 ut
906 593 1042 650 magis
1062 592 1174 635 alma
1193 592 1402 643 rotundis,

350 665 541 713 Ponere3
571 678 756 720 namque
776 679 937 706 marem
958 664 1159 706 cohibent
1179 664 1337 707 callosa
1356 662 1556 707 vitellum.

266 739 319 778 15
352 735 486 777 Caule
507 735 766 787 suburbano,
790 736 863 793 qui
880 737 1004 778 siccis
1025 738 1157 779 crevit
1175 738 1221 779 in
1241 737 1367 795 angS‚

349 808 559 858 Dulcior;
590 809 756 866 irriguo
777 809 885 850 nihil
907 817 971 864 est
991 809 1145 852 elutius
1165 807 1305 851 horto.

351 877 398 919 Si
418 878 682 933 vespertinus
704 879 845 920 subito
866 887 909 920 te
929 880 1190 935 oppresserit
1208 879 1377 935 hospes,

351 946 420 988 Ne
440 946 600 1004 gallina
619 947 779 988 malum
799 955 1022 1004 responset
1041 948 1150 990 dura
1169 947 1326 1004 palato,

350 1016 518 1058 Doctus
540 1017 622 1058 eris
643 1017 783 1059 vivam
803 1026 944 1059 musto
964 1032 1152 1060 mersare
1174 1017 1386 1067 Falern03

265 1092 322 1130 20
357 1087 455 1129 Hoc
475 1094 666 1129 teneram
685 1087 822 1130 faciet.
886 1088 1163 1130 Pratensibus
1183 1088 1352 1144 optima'
1363 1087 1504 1146 fungis

354 1156 522 1199 Natura
541 1165 628 1199 est:
661 1158 753 1200 aliis
772 1158 884 1200 male
904 1158 1105 1200 creditur.

1167 1157 1247 1200 Ille
1268 1157 1458 1200 salubres

351 1227 540 1270 AEstates
560 1237 753 1286 peraget,
773 1229 847 1286 qui
866 1229 998 1287 nigris
1019 1229 1203 1286 prandia
1221 1229 1352 1271 moris

234 1359 360 1391 videtur
379 1364 472 1399 poeta
493 1359 533 1389 de
554 1365 620 1389 arte
641 1359 815 1397 memoriae,
837 1359 930 1401 cujus
959 1360 1010 1391 in-

237 1410 349 1435 ventor
373 1402 550 1433 Simonides
570 1402 670 1433 fuisse
691 1403 835 1434 traditur.
864 1403 951 1445 (Cic.
970 1404 1010 1434 de

238 1447 367 1478 Invent.
382 1446 432 1477 11.
451 1445 524 1487 86.)

286 1501 316 1520 v.
335 1490 367 1527 8,
384 1489 415 1520 9.
445 1491 532 1525 Quin
560 1490 593 1520 id
620 1495 689 1520 erat
718 1501 813 1527 σαν-ιε,
844 1501 905 1532 quo
933 1496 1006 1521 cett.

242 1533 335 1572 Quin
355 1535 414 1564 hoc
435 1533 540 1574 ipsum
565 1533 634 1574 jam
671 1535 814 1574 agebam,
844 1541 882 1564 ut
905 1534 1013 1565 omnia

239 1577 319 1609 mihi
333 1576 448 1608 tradita
461 1584 619 1616 praecepta
635 1577 770 1608 memori
792 1577 900 1608 animo
921 1587 1012 1616 repo-

237 1630 346 1652 nerem
358 1632 369 1659 ;
456 1632 505 1652 res
535 1626 654 1656 tenues,
684 1620 824 1658 subtiles,
853 1620 1010 1652 subtiliter

238 1664 452 1706 excogitatas-‚3
476 1664 521 1694 sic
545 1674 574 1694 v.
601 1663 656 1694 36.
683 1666 787 1696 tenuis
815 1666 894 1696 ratio
922 1676 1010 1705 sapo-

238 1720 334 1745 rum5
373 1707 518 1747 exempla
558 1707 774 1744 Ciceroniana,
812 1709 869 1739 ubi
905 1710 1011 1740 tenuis

238 1761 296 1792 pro
309 1764 318 1783 ι
343 1750 466 1782 subtilis
480 1750 620 1790 ponitur,
634 1750 706 1782 vide
719 1751 754 1781 in
769 1752 900 1783 Ernest.
919 1752 1008 1783 Clnv.

242 1796 311 1827 Cic.
329 1805 355 1826 s.
371 1804 400 1825 v.
419 1796 534 1830 tenuis,
617 1802 772 1836 peractas,
794 1794 934 1834 traditaS,
957 1805 1013 1826 ex-

298 1839 367 1870 itas.

239 1849 314 1913 poi.
335 1880 386 1912 10.
406 1883 548 1918 hominis,
579 1891 623 1912 sc.
646 1881 734 1922 apud
761 1891 860 1923 quem
880 1891 930 1913 res
950 1881 1015 1912 illae

241 1926 373 1958 subtiles
387 1931 526 1956 tracmtae
540 1933 627 1956 sunt.

284 1980 316 2000 v.
338 1967 388 1999 ll.
413 1970 564 2001 celabitur
593 1975 714 2006 auctor,
740 1969 813 2009 quis
832 1968 930 2000 fuerit
951 1968 1016 2006 ille,

241 2013 335 2054 cujus
356 2022 474 2043 nomen
488 2019 582 2052 poeta
595 2013 714 2048 reticet,
729 2013 782 2043 vix
797 2023 862 2050 eos,
876 2012 933 2053 qui
946 2018 1017 2043 tum

244 2057 402 2093 vivebant,
425 2055 522 2086 latere
551 2056 666 2096 potuit.
716 2056 794 2087 Fuit
817 2056 948 2087 fortasse
971 2056 1018 2086 vir

192 2100 195 2101 ⁷
243 2099 375 2141 quidam
396 2099 541 2137 nobilior,
563 2101 658 2142 cujus
678 2101 757 2130 iram
778 2106 888 2131 contra
901 2110 935 2131 se
947 2100 1018 2130 ini·

243 2151 311 2174 tare
326 2143 440 2174 noluit.
490 2144 638 2174 Ceterum
661 2144 714 2174 hic
736 2144 803 2183 ipse
824 2143 948 2174 subtilis
969 2153 1018 2174 sa-

244 2197 359 2227 porum
377 2186 480 2227 judex
503 2193 535 2217 et
556 2186 847 2226 experientissimus
866 2194 1018 2226 praestan-

245 2232 366 2262 tiorum
381 2229 547 2268 epularum
562 2230 733 2261 aestimator
751 2240 850 2271 atque
870 2230 1019 2272 magister

243 2274 320 2305 huic
347 2272 520 2305 scribendae
548 2274 651 2305 satirae
686 2283 816 2305 omnem
852 2274 1016 2305 materiem

244 2316 460 2357 suppeditasse
473 2316 607 2348 videtur.

291 2371 320 2391 v.
351 2359 402 2396 12,
428 2358 480 2391 13.
503 2362 618 2401 Longa
647 2362 759 2402 quibus
769 2362 843 2404 fac.
869 2373 917 2392 ov.
940 2367 1014 2392 cett.

250 2404 334 2436 Satis
347 2410 481 2441 constat,
503 2403 537 2434 in
559 2404 657 2434 coenis
669 2404 755 2444 apud
774 2406 938 2436 Romanos
953 2405 1017 2444 pri-

247 2458 338 2478 mum
352 2459 409 2480 ova
423 2454 456 2478 et
469 2454 664 2487 postremum
678 2450 764 2479 mala
778 2448 919 2488 apposita
939 2459 1016 2486 esse,

247 2491 335 2522 unde
349 2499 460 2523 natum
475 2497 523 2522 est
543 2491 624 2521 illud
647 2492 867 2531 proverbium:
894 2493 933 2522 ab
955 2494 1017 2523 ovis

248 2547 348 2576 usque
361 2537 403 2566 ad
416 2536 511 2567 mula.
529 2536 639 2574 (supra
656 2535 719 2566 Sat.
740 2535 769 2565 Ι.
787 2534 859 2575 37.)
895 2535 1018 2575 Itaque,

247 2580 305 2620 qui
330 2588 418 2610 nunc
445 2577 487 2609 de
514 2579 618 2617 epulis
645 2578 800 2608 subtiliter
830 2578 1020 2610 aestimandis

249 2630 345 2663 atque
368 2620 578 2663 dijudicandis
598 2623 692 2652 verba
706 2622 792 2659 facit,
808 2628 939 2657 servato,
955 2632 1020 2662 quo

248 2666 313 2696 illae
335 2666 368 2695 in
390 2675 480 2696 coena
499 2675 532 2696 se
553 2664 697 2704 excipere
717 2665 869 2701 solebant,
891 2665 1013 2703 ordine,

248 2710 389 2749 primum
411 2708 597 2740 seutentiam
622 2718 712 2739 suam
734 2708 795 2739 fert
817 2708 856 2738 de
882 2711 953 2740 ovis.
969 2724 1015 2734 —·

254 2755 318 2785 Ova
333 2754 434 2793 longae
442 2753 545 2795 faciei
565 2754 757 2792 putabantur
778 2757 810 2782 et
832 2751 935 2782 adbuc
957 2762 1018 2791 pu-

249 2803 358 2828 tantur
384 2778 539 2828 oviteuum
569 2806 689 2827 marem
724 2795 895 2831 continere,
941 2795 1019 2836 (vid.

251 2840 339 2871 Ptin.
361 2840 408 2871 H.
437 2839 480 2870 N.
508 2839 553 2870 X.
577 2837 632 2869 74.
656 2845 688 2869 et
713 2838 883 2869 Columell.
909 2838 1015 2869 VIII.

251 2883 282 2914 5.
315 2882 367 2914 ll.
394 2884 502 2924 ibique
534 2881 679 2922 Gemer.)
710 2887 743 2912 et
773 2881 848 2922 quia
876 2882 1019 2912 vitellum

251 2937 372 2958 marem
394 2925 586 2959 circumfluit
611 2926 713 2956 resina
734 2925 884 2962 callosior,
909 2925 959 2955 vel
981 2926 1019 2956 li-

251 2981 332 3010 quor
346 2970 470 3011 spissior
486 2976 518 3002 et
532 2968 660 3002 crassior
675 2971 768 3011 (nosz
795 2970 845 3002 ein
865 2971 1017 3011 galligtem

1053 1361 1190 1403 steiferer
1213 1359 1367 1400 schleim),
1389 1370 1466 1391 ova
1462 1359 1586 1402 ¹10qu
1614 1365 1652 1391 ut
1686 1358 1825 1391 melioris

1053 1404 1172 1444 saporis
1186 1411 1218 1435 et
1232 1411 1269 1435 ut
1282 1404 1355 1444 plus
1376 1403 1518 1435 alimenti
1531 1402 1702 1446 praebentia
1714 1409 1825 1434 rotun-

1052 1447 1103 1478 dis
1131 1448 1386 1488 praeferebnntur.
1497 1448 1594 1487 magis
1621 1448 1717 1484 alma,
1743 1456 1819 1476 nos:

1052 1494 1140 1523 mehr
1167 1493 1322 1528 niiltrend,
1345 1491 1516 1534 nahrhafi;
1555 1496 1692 1521 veterem
1714 1489 1824 1521 lectio-

1055 1545 1131 1565 nem
1145 1537 1243 1575 magis
1257 1536 1327 1566 alba
1341 1534 1483 1565 defendit
1497 1535 1576 1572 Fen,
1596 1533 1704 1565 addita
1723 1532 1828 1574 expli-

1055 1579 1199 1610 catione:
1242 1578 1376 1619 “magis
1403 1577 1598 1609 abundantia
1626 1577 1789 1608 albumine
1802 1575 1823 1589 ”

1052 1621 1107 1653 sed
1121 1623 1203 1653 hanc
1217 1621 1456 1662 explicationem
1470 1620 1523 1652 vix
1536 1620 1598 1652 fert
1611 1619 1781 1652 Latinitas-

1096 1664 1212 1697 v.14.
1252 1668 1384 1702 Ponere,
1409 1674 1576 1705 apponere.
1677 1665 1827 1701 cohibent,

1053 1709 1132 1740 dum
1162 1711 1274 1741 cauom
1303 1708 1450 1740 vitellum
1469 1707 1559 1750 quasi
1586 1707 1623 1738 in
1649 1707 1829 1750 aeqmlibrio

1054 1752 1228 1788 continent,
1251 1753 1414 1793 eleganter
1427 1751 1579 1783 dicuntur
1591 1761 1668 1783 eum
1681 1753 1837 1795 cohibere„

1054 1806 1098 1827 sc.
1117 1807 1136 1827 a
1150 1807 1230 1837 vaga
1243 1795 1428 1827 mobilitate.

1101 1850 1131 1871 v.
1152 1838 1204 1878 15,
1224 1838 1276 1871 16.
1300 1839 1375 1871 Jam
1396 1837 1829 1871 msitadolemsivecm-

1057 1894 1107 1914 ses
1123 1885 1215 1923 (nosz
1240 1885 1310 1914 kohl
1320 1885 1396 1915 ader
1407 1884 1544 1924 gemti-te,
1559 1892 1622 1914 was
1634 1883 1726 1914 einen
1739 1885 1828 1915 stiin-

1057 1929 1108 1967 gel
1121 1927 1214 1968 hat)·
1204 1951 1215 1965 ,
1232 1927 1358 1968 junge:
1385 1927 1502 1964 oculis,
1526 1927 1582 1967 qui
1594 1928 1629 1958 in
1643 1927 1731 1958 siccis
1744 1929 1829 1968 agris

1062 1972 1165 2007 crevit,
1187 1975 1231 2002 est
1252 1972 1373 2002 dulcior
1394 1971 1485 2002 caule
1498 1971 1686 2007 suburbano,
1698 1970 1730 2000 h.
1745 1980 1774 2000 e.
1791 1970 1827 2001 in

1059 2015 1151 2045 horto
1164 2016 1346 2046 suburbano
1366 2019 1462 2052 nnto;
1483 2012 1560 2044 hinc
1579 2012 1686 2044 addit:
1711 2014 1830 2054 irriguo

1059 2059 1140 2089 nihil
1167 2065 1212 2090 est
1239 2059 1355 2090 elutius
1374 2059 1474 2095 borlo,
1495 2057 1527 2088 h.
1552 2067 1581 2088 e·
1605 2062 1688 2088 terta
1713 2057 1829 2087 nullibi

1061 2101 1165 2143 magis
1186 2111 1242 2142 per
1263 2111 1377 2142 aquam
1399 2106 1448 2131 αι
1467 2099 1555 2132 clun
1575 2099 1707 2142 (mmihi
1725 2100 1830 2141 ansgis

1061 2152 1109 2176 est
1130 2145 1290 2186 humida),
1318 2154 1415 2186 quam
1442 2143 1478 2174 in
1507 2145 1605 2175 hortis
1632 2143 1830 2181 mundanis,

1060 2189 1127 2220 sive
1147 2191 1234 2229 quod
1261 2188 1312 2219 siti
1333 2187 1381 2219 illi
1403 2193 1492 2218 erant
1519 2187 1555 2217 in
1574 2186 1652 2218 locis
1678 2186 1828 2224 humidis,

1061 2232 1127 2263 sive
1147 2233 1233 2273 quod
1254 2231 1347 2263 rivuli
1367 2231 1403 2261 in
1423 2241 1478 2262 eos
1498 2229 1755 2267 deducebantur-3
1781 2230 1830 2261 O-

1060 2277 1122 2306 vid.
1142 2276 1227 2307 Fast.
1248 2276 1298 2306 11.
1317 2274 1392 2306 703.
1419 2276 1541 2306 Hortus
1553 2275 1685 2305 odoratu
1705 2275 1829 2305 suberat

1060 2321 1254 2351 cultissimus
1267 2320 1376 2355 herbis,
1393 2320 1498 2350 Senius
1517 2319 1653 2348 humum
1673 2327 1738 2347 nvo
1759 2319 1830 2349 lene

1049 2365 1188 2406 fluentis
1201 2374 1315 2403 aqua»,-
1337 2361 1424 2392 olera
1448 2367 1555 2391 autem
1577 2360 1611 2390 in
1631 2359 1708 2391 loch
1721 2360 1829 2391 humi-

1061 2406 1110 2437 dis
1123 2412 1198 2436 nata
1211 2406 1291 2436 fatui
1306 2405 1424 2444 saporis
1436 2414 1503 2434 esse
1516 2402 1731 2434 credebantur.

1103 2448 1352 2484 v.18‚19.Ne
1369 2449 1445 2488 gall.
1467 2448 1590 2478 malum
1610 2453 1684 2478 cett.
1705 2449 1828 2487 gallina

1060 2496 1155 2531 dura,
1169 2492 1298 2534 gallina,
1311 2502 1394 2532 quae,
1409 2497 1575 2531 postquam
1588 2489 1672 2520 sub
1660 2491 1831 2530 unproviso

1062 2537 1192 2576 hospitis
1205 2535 1342 2566 adventu
1363 2544 1445 2565 caesa
1464 2540 1520 2570 est,
1544 2534 1650 2564 statim
1671 2534 1830 2575 coquitur,

1062 2585 1171 2611 manet
1201 2581 1294 2616 dura,
1308 2604 1310 2606 ,
1339 2577 1474 2618 ideoque
1501 2587 1613 2617 parum
1641 2577 1831 2617 respondere

1063 2629 1166 2663 potest
1188 2620 1411 2662 exspectationi
1439 2621 1580 2661 hospitis,
1609 2630 1675 2651 non
1703 2620 1828 2659 dur-nm,

1057 2666 1112 2697 sed
1127 2673 1266 2696 teneram
1281 2674 1407 2698 carnem
1421 2664 1513 2695 edere
1526 2663 1692 2704 cupientis.
1757 2676 1829 2696 ma-
1895 2663 1898 2666 ’

1057 2711 1125 2741 lum
1138 2708 1287 2749 explicari
1300 2708 1432 2739 omnino
1445 2707 1540 2739 debet
1561 2718 1637 2748 pro:
1663 2707 1757 2746 male,
1772 2708 1828 2739 sed
1890 2706 1893 2709 ’

1062 2753 1255 2793 exemplum,
1271 2752 1326 2783 ubi
1341 2754 1462 2783 malum
1476 2761 1554 2791 pro.
1579 2751 1673 2789 male,
1688 2753 1827 2791 positum

1061 2796 1110 2830 sit,
1133 2796 1249 2826 frustra
1262 2802 1467 2836 investigavi
1487 2804 1628 2834 suspicor
1640 2794 1739 2836 igitur
1755 2795 1828 2825 Ho-

1062 2839 1178 2870 ratium
1203 2849 1279 2879 pro:
1316 2841 1436 2870 malum
1458 2838 1615 2878 scripsisse
1638 2849 1766 2879 paum-
1783 2854 1829 2864 --

1057 2885 1174 2923 palato,
1190 2883 1351 2924 eleganter
1375 2891 1407 2913 et
1434 2882 1648 2924 significanter
1675 2891 1752 2922 pro.
1777 2893 1830 2913 ez«-

1062 2928 1250 2967 spectationi,
1265 2933 1298 2957 et
1319 2926 1393 2956 hinc
1402 2937 1521 2966 parum
1535 2932 1702 2967 responsa,
1716 2934 1830 2965 parum

1063 2976 1160 3010 grata,
1176 2969 1310 3013 ingram,
1333 2969 1467 3010 insipida
1488 2969 1536 3000 sit.

1622 2970 1745 3002 Doctus
1766 2970 1829 3000 eris
