1904 3250
180 118 269 157 478

809 114 1122 158 HORATII

1599 121 1710 170 [Lm.
1731 131 1762 159 1.

300 241 371 283 Ab
391 242 499 283 Jove
520 241 669 283 donari
690 240 823 296 possit
842 240 945 290 tibi3
977 240 1078 282 tolle
1098 241 1315 298 querelas;

303 309 475 365 Pauper
495 310 608 350 enim
628 323 715 350 non
736 316 812 359 est,
836 308 904 350 cui
924 323 1069 350 rerum
1089 311 1274 366 suppetit
1294 327 1408 354 usus.

241 384 267 422 5
301 382 347 424 Si
368 382 504 423 ventri
523 381 645 432 bene,
669 381 704 422 si
723 380 846 422 lateri
867 389 930 422 est
949 381 1214 438 pedibusque
1233 383 1329 434 tuis,
1350 383 1411 425 nil

300 451 476 492 Divitiae
496 458 699 506 poterunt
717 450 880 508 regales
902 451 1060 493 addere
1080 452 1228 508 majus.

302 524 347 565 Si
368 523 476 564 forte
497 523 541 563 in
562 523 703 565 medio
723 524 960 580 positorum
980 525 1207 567 abstemius
1228 525 1371 567 herbis

299 592 418 633 Vivis
440 599 482 633 et
502 593 650 644 urtica,
674 594 733 635 sic
753 594 867 636 vives
887 603 1105 651 protenus,
1127 603 1176 636 ut
1194 603 1237 637 te

301 662 536 705 Confestim
555 663 741 720 liquidus
762 664 945 706 fortunae
966 665 1081 707 rivus
1102 665 1292 707 inauret:

216 738 266 775 10

299 734 381 776 Vel
402 736 502 792 quia
522 744 717 778 naturam
737 745 901 779 mutare
921 739 1102 794 pecunia
1122 739 1256 780 nescit
1267 754 1278 788 ;

298 804 380 846 Vel
399 806 500 862 quia
520 813 673 848 cuncta
693 814 816 862 putas
839 808 924 848 una
942 808 1097 849 virtute
1117 805 1295 849 minora.

298 877 525 929 Miramur,
549 879 585 920 si
605 878 844 921 Democriti
863 895 993 936 pecus
1015 880 1103 922 edit
1123 880 1282 938 agellos

300 949 524 1007 Cultaque,
547 951 650 992 dum
671 966 850 1009 peregre
871 961 935 994 est
955 953 1119 994 animus
1141 954 1231 995 sine
1252 968 1431 1010 corpore
1451 953 1576 996 velox
1587 970 1599 1004 ;

299 1020 411 1063 Cum
430 1029 477 1066 tu
498 1021 608 1063 inter
629 1022 813 1065 scabiem
834 1030 994 1064 tantam
1016 1031 1058 1064 et
1078 1023 1274 1082 contagia
1293 1023 1401 1066 lucri

177 1167 302 1198 frustra.
352 1168 497 1218 Agrippa
517 1167 604 1198 enim
627 1168 751 1199 Iccium
766 1168 951 1200 latifundiu-

178 1220 251 1241 rum
266 1220 398 1241 suorum
413 1212 446 1242 in
470 1211 577 1242 Sicilia
590 1211 855 1243 administrationi
870 1223 950 1252 prae-

178 1254 314 1291 fecerat3
339 1254 412 1286 hinc
427 1258 576 1297 Agrzppae
578 1257 715 1298 fructus
735 1258 853 1288 Siculos
867 1258 952 1288 colli-

176 1309 249 1338 gere
263 1297 388 1329 dicitur.

222 1352 250 1373 v.
275 1341 307 1379 2,
324 1341 357 1372 3.
381 1354 446 1374 non
467 1349 521 1380 est,
543 1348 579 1374 ut
596 1345 693 1383 possit
718 1343 865 1384 (Graece:
897 1344 950 1375 οὒκ

178 1386 255 1417 ἵστη
278 1387 314 1419 ὣς
338 1386 388 1416 vel
411 1386 516 1425 οπως),
532 1395 610 1424 pro:
637 1396 702 1417 non
718 1394 840 1426 potest;
864 1387 960 1418 conf-⁶

180 1439 275 1468 supra
292 1429 356 1461 Od.
377 1430 450 1460 111.
472 1428 501 1460 1.
519 1429 550 1460 9.
622 1432 691 1461 tolle
706 1433 856 1471 querelas,
872 1441 950 1471 ergo

173 1473 242 1514 jam
257 1483 341 1513 saepe
357 1473 472 1508 Iccius,
497 1480 534 1504 ut
555 1471 658 1504 solent
679 1472 772 1509 avari,
789 1473 829 1504 de
844 1484 950 1505 rerum

178 1526 308 1547 suarum
323 1516 504 1547 conditione
518 1516 661 1557 querelas
674 1516 809 1547 fuderat.

222 1570 251 1590 v.
267 1558 301 1591 4.
322 1562 374 1591 cui
387 1571 495 1591 rerum
511 1562 641 1600 suppetit
656 1571 744 1596 usus,
767 1560 819 1591 cui
835 1571 950 1600 suppe-

179 1610 254 1634 tunt
267 1614 316 1634 res
330 1603 513 1634 necessariae
527 1604 560 1633 in
576 1613 681 1641 usum,
693 1603 743 1634 vel
754 1603 810 1644 qui
823 1609 951 1635 tantum

178 1648 282 1684 habet,
317 1653 472 1689 quantum
510 1646 551 1677 ad
579 1647 677 1677 vitam
713 1647 950 1678 sustentandam

177 1701 261 1730 opus
274 1697 343 1729 ost3
366 1702 476 1722 rerum
501 1701 588 1725 usus,
611 1701 670 1726 res,
694 1691 810 1731 quibus
831 1691 864 1721 in
888 1691 952 1722 vita

178 1734 320 1771 utimur;
345 1734 388 1765 sic
402 1733 490 1773 apud
506 1733 637 1764 Livium
654 1734 784 1764 XXII.
798 1733 830 1764 2.
847 1746 951 1766 neces·

123 1786 125 1788 “
178 1779 262 1809 saria
286 1779 328 1809 ad
341 1789 431 1815 usus,
453 1783 530 1807 sunt
549 1787 608 1811 res,
633 1778 748 1827 quibus
770 1777 834 1808 vita
847 1788 960 1809 carere>

178 1831 245 1852 non
268 1827 380 1861 potest,
405 1821 476 1851 vitae
498 1822 671 1852 necessaria
695 1823 750 1863 (τὰ
765 1820 890 1861 δέω-τα),
906 1821 947 1852 cf.

177 1864 408 1904 supraadod.
428 1864 478 1894 ΙΙ.
500 1862 551 1894 ll.
570 1863 601 1894 5.

222 1919 252 1938 v.
267 1907 299 1938 5.
319 1910 352 1940 Si
368 1914 450 1939 vent.
468 1909 496 1938 b.
515 1909 575 1939 sil.
588 1914 632 1939 est
642 1910 715 1948 ped.
734 1918 791 1947 pro
805 1907 945 1949 vulgari,

179 1951 205 1983 si
220 1952 314 1988 vales,
331 1952 357 1982 si
371 1953 455 1983 bona.
468 1950 650 1982 valetudine
663 1951 770 1982 uteris.
849 1953 950 1990 lateri,

178 1995 333 2036 pulmoni.
383 1995 558 2034 Expressit,
586 2002 624 2025 ut
648 1996 791 2026 observat
819 1997 951 2027 Lambi-

179 2050 254 2077 nus,
273 2039 430 2070 Horatius
443 2039 511 2069 haec
533 2049 572 2069 ex
597 2039 744 2080 Theogn.
767 2040 853 2070 Sent.
873 2037 948 2070 724.

178 2083 279 2115 ‘leam-a
304 2083 487 2119 πλουτοῦσιν,
511 2082 582 2116 ὅσοις
609 2083 701 2116 roim
728 2083 860 2139 ἄργυρος
877 2083 951 2123 ἔστι,

180 2128 232 2157 καὶ
254 2140 373 2168 χρυσᾶς,
399 2140 450 2157 nat
474 2127 529 2165 ’γ’ἦς
554 2138 610 2156 που
597 2126 710 2169 οοφοξου
733 2125 952 2163 ae231'us,“1m-01

179 2172 212 2201 s
232 2170 340 2210 ἣμΙΙθΙθΙΙ
354 2182 396 2206 τε,
415 2169 475 2200 Kal
490 2184 511 2210 ῳ
528 2183 569 2200 ‘7oe
584 2157 683 2200 δέοντα
699 2170 826 2213 edessan,
845 2171 956 2213 ruffe!

181 2226 215 2245 τε
231 2216 285 2245 καὶ
301 2216 441 2256 πλευραῖς
458 2226 510 2243 και
526 2214 593 2243 τοῦ)
584 2227 607 2243 n
622 2214 700 2256 ἁβρὰ
719 2216 828 2244 aeaeu‘u

223 2267 252 2287 v.
275 2256 308 2294 7,
331 2256 362 2287 8.
391 2257 527 2287 Sensus.
559 2255 585 2286 si
610 2262 646 2286 tu
669 2257 758 2292 forte,
781 2256 954 2296 repudiatis

179 2300 373 2334 melioribus,
390 2310 462 2341 quae
479 2299 512 2329 in
526 2299 632 2330 medio
654 2300 755 2339 posita
769 2306 854 2338 sunt,
869 2301 902 2331 h.
920 2311 949 2331 e.

179 2354 317 2384 quorum
332 2344 406 2374 data
424 2343 482 2373 tibi
496 2349 544 2373 est
557 2344 658 2382 copia,
682 2342 840 2374 vilissimis
861 2343 948 2380 cibis,

180 2388 286 2419 herbis
300 2394 331 2418 et
351 2386 462 2423 urtica,
485 2387 627 2423 vesceriS,
651 2387 792 2426 profecto
813 2384 951 2418 hoc‘vili

180 2431 277 2468 victu,
305 2431 382 2461 dum
410 2429 516 2460 nullos
538 2430 632 2468 plane
655 2437 780 2461 sumtus
800 2430 888 2467 facis,
907 2433 951 2462 sic

180 2477 270 2511 vives,
285 2475 317 2505 h.
336 2485 364 2504 e.
388 2473 421 2504 id
443 2474 624 2513 assequeris,
648 2481 685 2504 ut
706 2484 793 2511 mox,
815 2481 954 2515 quantus

180 2525 320 2558 quantus
335 2528 379 2554 es,
394 2526 509 2547 aurum
523 2516 590 2554 fias,
603 2517 633 2546 h.
649 2528 677 2547 e.
691 2523 729 2547 ut
745 2527 823 2547 auro
838 2519 953 2548 obrua-

180 2562 233 2592 ris.
277 2561 466 2602 Siforte—
484 2562 575 2597 Vivis,
601 2560 669 2590 sine
695 2559 793 2591 dubio
819 2572 887 2592 vere
909 2561 952 2592 ita

181 2605 261 2636 vixit
281 2605 396 2642 Iccius,
411 2603 469 2636 sed
484 2603 642 2644 opprobrii
663 2603 828 2634 molliendi
849 2604 950 2646 gratia

181 2648 263 2679 dixit
278 2649 530 2691 forta—pro:
568 2648 713 2687 protinus
742 2647 857 2678 rectius
881 2648 950 2688 jam

181 2694 344 2724 Bentleius
369 2691 456 2723 dedit
473 2697 636 2732 protenus,
659 2691 720 2720 hoc
741 2691 827 2720 enim
852 2692 944 2732 (pro:

176 2736 390 2776 porrotenus)
413 2736 455 2766 de
475 2735 578 2772 rebus,
601 2744 673 2775 quae
694 2733 851 2773 deinceps,
868 2735 898 2764 h.
917 2744 944 2764 e.

182 2780 335 2810 continuo
355 2789 443 2810 more
465 2779 515 2809 vel
535 2777 646 2809 ordine
666 2776 769 2815 fiunt3
793 2777 834 2808 cf.
853 2787 948 2818 supra

180 2822 223 2853 ad
240 2822 305 2854 Od.
327 2823 398 2854 111.
412 2822 443 2854 3.
457 2821 511 2854 30.

226 2877 254 2897 ν.
280 2865 313 2897 9.
346 2868 482 2905 inauret,
508 2863 692 2906 proverbiali
713 2863 874 2896 locutione
899 2866 949 2896 in-

179 2912 292 2942 auran·
307 2909 468 2949 dicuntur,
490 2909 608 2953 quibus
628 2915 715 2941 tanta
735 2915 782 2940 est
803 2908 872 2941 auri
894 2908 948 2946 vis,

995 1175 1032 1200 ut
1047 1178 1085 1199 eo
1098 1168 1190 1200 obrui
1212 1168 1388 1201 videantur.
1477 1170 1585 1211 liquid.
1591 1170 1674 1212 fort.
1691 1171 1763 1207 riv„

994 1212 1036 1243 de
1068 1212 1198 1244 Pactolo
1227 1220 1260 1244 et
1290 1213 1385 1245 Mida
1409 1213 1562 1255 cogitasse
1589 1213 1761 1244 Horatium

995 1256 1172 1296 suspicatur
1188 1259 1354 1288 Eua-cerus.

1038 1310 1067 1330 v.
1090 1298 1140 1337 10,
1159 1299 1209 1330 11.
1244 1302 1298 1332 Vel
1311 1302 1384 1342 quia
1399 1305 1486 1336 cett„
1509 1299 1590 1330 duas
1607 1299 1765 1331 Horatius

995 1343 1086 1374 affert
1100 1345 1247 1382 rationes,
1271 1354 1310 1375 ex
1325 1344 1440 1385 quibus
1455 1344 1606 1374 cumulus
1621 1343 1764 1383 pecuniae

993 1387 1081 1426 apud
1105 1387 1228 1417 Iccium
1250 1397 1387 1418 crescere
1408 1386 1530 1424 debeat,
1555 1387 1605 1417 vel
1619 1386 1694 1427 quia
1709 1397 1766 1426 pe-

994 1431 1090 1460 cunia
1114 1438 1261 1461 naturam
1283 1441 1373 1461 suam
1396 1440 1467 1460 nonf
1483 1436 1589 1465 exuat,
1615 1430 1765 1471 (pecunia

994 1473 1121 1510 scilicet,
1137 1480 1174 1504 ut
1188 1484 1283 1514 supra
1299 1473 1401 1513 Epist.
1419 1472 1471 1503 10.
1487 1471 1540 1508 47,
1553 1472 1606 1504 48.
1657 1473 1764 1504 Hora-

993 1516 1057 1547 tius
1079 1516 1229 1557 loquitur,
1254 1519 1391 1558 imperat.
1416 1523 1448 1547 et
1472 1517 1630 1557 subjectos
1651 1517 1710 1547 sibi
1732 1523 1764 1548 et

993 1560 1083 1600 quasi
1104 1560 1182 1591 fune
1204 1571 1224 1591 a
1245 1571 1279 1591 se
1300 1560 1412 1592 ductos
1433 1559 1546 1601 quovis
1569 1559 1665 1591 modo
1689 1570 1765 1599 opes

993 1613 1110 1644 augere
1130 1604 1238 1645 jubet)
1261 1604 1311 1635 vel
1332 1605 1408 1644 quia
1432 1603 1547 1639 Iccius.
1570 1610 1607 1634 ut
1621 1603 1761 1643 philoso-

993 1648 1086 1686 phus,
1115 1657 1181 1686 prae
1209 1647 1325 1678 virtute
1347 1647 1455 1678 omnia
1479 1646 1551 1684 alia,
1578 1653 1611 1677 et
1632 1646 1765 1687 proinde

994 1691 1163 1729 pecuniam
1187 1700 1315 1731 quoque
1337 1696 1530 1728 contemnat,
1553 1696 1585 1720 et
1605 1691 1666 1722 boc
1687 1700 1764 1722 con-

993 1740 1107 1771 temtu,
1132 1733 1210 1764 dum
1237 1744 1366 1764 omnem
1388 1733 1532 1773 pecunioe
1552 1743 1648 1764 usum
1668 1743 1766 1774 repu-

996 1776 1071 1810 diet.
1098 1776 1192 1807 ditior
1215 1787 1317 1818 usque
1341 1777 1473 1814 evadam
1504 1776 1590 1816 prior
1613 1776 1693 1808 ratio
1717 1783 1765 1809 est

996 1830 1078 1857 vera,
1094 1820 1245 1859 posterior
1262 1819 1339 1851 Iccii
1354 1820 1486 1851 ludendi
1499 1830 1594 1851 causa
1607 1820 1691 1852 ficta.

1039 1875 1069 1894 V.
1097 1863 1234 1897 12—15.
1259 1866 1432 1902 Miramur,
1453 1866 1482 1896 si
1501 1870 1575 1895 cett.
1624 1864 1760 1896 Sensus:

997 1907 1122 1943 Quodsi
1136 1908 1301 1946 miramur,
1326 1907 1548 1938 Democritum
1569 1913 1637 1938 toto
1656 1909 1765 1939 animo

994 1952 1039 1981 ita
1062 1951 1267 1991 philosophiae
1292 1951 1399 1982 studio
1421 1951 1563 1982 defixum
1587 1951 1698 1986 fuisse,
1725 1958 1764 1986 ut

993 1994 1059 2031 ille,
1077 1995 1167 2026 nulla
1180 2005 1286 2026 rerum
1301 1994 1543 2026 domesticarum
1557 2004 1634 2026 cura
1647 1994 1764 2032 habita,

995 2038 1170 2069 vicinorum
1189 2049 1302 2078 pecora
1315 2048 1408 2079 agros
1418 2048 1492 2070 suos
1501 2038 1626 2078 depasci
1639 2040 1763 2076 sineret,

995 2081 1099 2112 multo
1128 2082 1230 2123 magis
1266 2082 1372 2112 mirari
1407 2081 1569 2119 debemus,
1605 2087 1648 2118 te,
1686 2081 1764 2118 Ioci,

998 2127 1095 2166 (inter
1124 2131 1245 2157 tantam
1281 2127 1412 2157 scabiem
1434 2131 1466 2157 et
1487 2126 1637 2165 contagia
1665 2124 1762 2165 lucri)

997 2169 1080 2199 :inter
1094 2175 1159 2199 tam
1173 2168 1290 2200 foedam
1306 2176 1338 2200 et
1354 2168 1568 2210 contagiosum
1590 2167 1763 2199 ditescendi

997 2212 1203 2252 cupiditatem
1224 2212 1309 2244 ultra
1330 2223 1378 2250 ea,
1399 2222 1472 2252 quae
1493 2221 1586 2251 parva
1607 2217 1692 2248 sunt,
1713 2221 1763 2242 sa-

996 2266 1080 2295 pere,
1103 2262 1136 2287 et
1156 2257 1191 2286 in
1212 2266 1317 2287 rerum
1340 2255 1535 2292 sublimium,
1557 2255 1590 2284 h.
1607 2265 1635 2286 a
1653 2254 1761 2286 coelae.

996 2300 1078 2330 tium
1092 2305 1125 2330 et
1146 2299 1344 2340 physicarum
1366 2309 1477 2330 causas
1497 2305 1591 2338 atque
1611 2298 1760 2339 origines,

993 2350 1032 2374 ut
1042 2343 1128 2378 olim,
1141 2342 1311 2384 inquirere.
1336 2343 1511 2374 Democriti
1527 2340 1630 2372 schol.
1649 2343 1762 2383 Cruq.,

993 2389 1043 2418 hic
1058 2389 1137 2418 dum
1153 2387 1348 2427 philosophie
1369 2387 1508 2418 intentus
1529 2391 1608 2421 erae,
1630 2387 1763 2426 neglexit

992 2441 1084 2471 agros
1107 2441 1179 2462 suos
1203 2432 1288 2466 adeo,
1314 2435 1352 2461 ut
1380 2430 1554 2461 vicinorum
1575 2439 1689 2469 pecora
1719 2431 1762 2461 ibi

994 2476 1086 2505 libere
1096 2479 1309 2513 poscerentur.
1358 2472 1412 2503 De
1434 2472 1610 2503 Democriti
1632 2471 1762 2513 ingenio

995 2524 1027 2548 et
1042 2526 1146 2547 rerum
1161 2526 1289 2547 suarum
1308 2515 1503 2557 negligentia
1521 2517 1678 2547 Gesner-us
1691 2516 1763 2548 lau-

995 2560 1049 2591 dat
1064 2561 1192 2600 Menag.
1211 2559 1251 2590 ad
1268 2559 1365 2600 Diog.
1386 2559 1491 2590 Laert.
1511 2558 1580 2590 IX.
1598 2558 1653 2591 39.

1037 2614 1065 2634 v.
1097 2601 1146 2634 13.
1178 2604 1306 2635 animus
1329 2605 1396 2634 sine
1419 2613 1543 2643 corpore
1564 2605 1655 2640 velox,
1680 2613 1761 2643 prae-

995 2647 1078 2678 clare
1103 2646 1143 2677 de
1168 2647 1286 2683 animo,
1309 2645 1376 2687 qui,
1399 2647 1560 2687 sejunctus
1580 2657 1600 2677 a
1620 2657 1758 2687 corpore.

994 2701 1050 2731 per
1064 2700 1097 2721 se
1111 2691 1206 2732 viget,
1226 2689 1354 2731 cogitat,
1370 2689 1582 2721 ratiocinatur.

1039 2745 1067 2765 v.
1085 2732 1135 2764 15.
1161 2735 1272 2770 adhuc,
1295 2743 1382 2764 nunc
1402 2743 1551 2774 quoque;
1573 2744 1654 2766 nos:
1681 2736 1760 2766 noch

991 2789 1111 2809 :mmer-

1056 2819 1227 2851 ..16-19
1251 2822 1328 2855 Quae
1342 2831 1431 2852 mare
1451 2826 1522 2851 cett.
1539 2820 1591 2851 hic
1613 2820 1737 2858 locus,'
1726 2830 1761 2851 nn

992 2831 1065 2906 quo·
1071 2863 1340 2914 'philosophorum
1365 2863 1406 2894 de
1430 2874 1537 2895 rerum
1562 2865 1760 2905 physicarum

994 2907 1096 2940 causis
1115 2907 1303 2950 quaestiones
1324 2914 1510 2949 tanguntur,
1531 2907 1761 2967 comparandus
