<?xml version="1.0" encoding="UTF-8"?>
<!DOCTYPE html PUBLIC "-//W3C//DTD XHTML 1.0 Transitional//EN"
    "http://www.w3.org/TR/xhtml1/DTD/xhtml1-transitional.dtd">
<html xmlns="http://www.w3.org/1999/xhtml" xml:lang="en" lang="en">
 <head>
  <title>
</title>
<meta http-equiv="Content-Type" content="text/html;charset=utf-8" />
  <meta name='ocr-system' content='tesseract 3.04.00' />
  <meta name='ocr-capabilities' content='ocr_page ocr_carea ocr_par ocr_line ocrx_word'/>
</head>
<body>
  <div class='ocr_page' id='page_1' title='image "./operaomniacumind00horauoft_0588.png"; bbox 0 0 1904 3250; ppageno 0'>
   <div class='ocr_carea' id='block_1_1' title="bbox 225 141 313 184">
    <p class='ocr_par' dir='ltr' id='par_1_1' title="bbox 225 141 313 184">
     <span class='ocr_line' id='line_1_1' title="bbox 225 141 313 184; baseline 0.011 -1"><span class='ocrx_word' id='word_1_1' title='bbox 225 141 313 184; x_wconf 78' lang='lat'>548&#39;</span> 
     </span>
    </p>
   </div>
   <div class='ocr_carea' id='block_1_2' title="bbox 860 143 1169 187">
    <p class='ocr_par' dir='ltr' id='par_1_2' title="bbox 860 143 1169 187">
     <span class='ocr_line' id='line_1_2' title="bbox 860 143 1169 187; baseline 0.003 -1"><span class='ocrx_word' id='word_1_2' title='bbox 860 143 1169 187; x_wconf 88' lang='lat' dir='ltr'><strong>HORATII</strong></span> 
     </span>
    </p>
   </div>
   <div class='ocr_carea' id='block_1_3' title="bbox 341 269 1359 396">
    <p class='ocr_par' dir='ltr' id='par_1_3' title="bbox 341 269 1359 396">
     <span class='ocr_line' id='line_1_3' title="bbox 343 269 1359 328; baseline 0.004 -17"><span class='ocrx_word' id='word_1_3' title='bbox 343 269 567 326; x_wconf 89' lang='lat' dir='ltr'>Exprimet</span> <span class='ocrx_word' id='word_1_4' title='bbox 587 278 630 312; x_wconf 91' lang='lat' dir='ltr'>et</span> <span class='ocrx_word' id='word_1_5' title='bbox 650 269 796 310; x_wconf 90' lang='lat' dir='ltr'>molles</span> <span class='ocrx_word' id='word_1_6' title='bbox 816 269 1047 311; x_wconf 83' lang='lat' dir='ltr'>imitabitur</span> <span class='ocrx_word' id='word_1_7' title='bbox 1067 284 1152 312; x_wconf 86' lang='lat' dir='ltr'>aere</span> <span class='ocrx_word' id='word_1_8' title='bbox 1173 272 1359 328; x_wconf 81' lang='lat' dir='ltr'>capillos,</span> 
     </span>
     <span class='ocr_line' id='line_1_4' title="bbox 341 338 1306 396; baseline 0.005 -16"><span class='ocrx_word' id='word_1_9' title='bbox 341 338 496 381; x_wconf 86' lang='lat' dir='ltr'>Infelix</span> <span class='ocrx_word' id='word_1_10' title='bbox 516 339 655 396; x_wconf 88' lang='lat' dir='ltr'>operis</span> <span class='ocrx_word' id='word_1_11' title='bbox 676 352 852 389; x_wconf 89' lang='lat' dir='ltr'>summa,</span> <span class='ocrx_word' id='word_1_12' title='bbox 875 339 974 396; x_wconf 87' lang='lat' dir='ltr'>quia</span> <span class='ocrx_word' id='word_1_13' title='bbox 992 354 1151 396; x_wconf 91' lang='lat' dir='ltr'>ponere</span> <span class='ocrx_word' id='word_1_14' title='bbox 1170 349 1306 385; x_wconf 91' lang='lat' dir='ltr'>totum</span> 
     </span>
    </p>
   </div>
   <div class='ocr_carea' id='block_1_4' title="bbox 250 411 522 454">
    <p class='ocr_par' dir='ltr' id='par_1_4' title="bbox 250 411 522 454">
     <span class='ocr_line' id='line_1_5' title="bbox 250 411 522 454; baseline 0 -2"><span class='ocrx_word' id='word_1_15' title='bbox 250 414 306 452; x_wconf 89' lang='lat'>35</span> <span class='ocrx_word' id='word_1_16' title='bbox 340 411 522 454; x_wconf 86' lang='lat' dir='ltr'>Nesciet.</span> 
     </span>
    </p>
   </div>
   <div class='ocr_carea' id='block_1_5' title="bbox 586 411 1556 471">
    <p class='ocr_par' dir='ltr' id='par_1_5' title="bbox 586 411 1556 471">
     <span class='ocr_line' id='line_1_6' title="bbox 586 411 1556 471; baseline 0.009 -19"><span class='ocrx_word' id='word_1_17' title='bbox 586 411 716 452; x_wconf 93' lang='lat' dir='ltr'>Hunc</span> <span class='ocrx_word' id='word_1_18' title='bbox 736 426 817 468; x_wconf 88' lang='lat' dir='ltr'>ego</span> <span class='ocrx_word' id='word_1_19' title='bbox 837 426 918 462; x_wconf 91' lang='lat' dir='ltr'>me,</span> <span class='ocrx_word' id='word_1_20' title='bbox 941 413 976 453; x_wconf 91' lang='lat' dir='ltr'>si</span> <span class='ocrx_word' id='word_1_21' title='bbox 996 412 1099 470; x_wconf 91' lang='lat' dir='ltr'>quid</span> <span class='ocrx_word' id='word_1_22' title='bbox 1120 411 1373 471; x_wconf 83' lang='lat' dir='ltr'>componere</span> <span class='ocrx_word' id='word_1_23' title='bbox 1393 433 1556 469; x_wconf 89' lang='lat' dir='ltr'>curem,</span> 
     </span>
    </p>
   </div>
   <div class='ocr_carea' id='block_1_6' title="bbox 342 484 1477 752">
    <p class='ocr_par' dir='ltr' id='par_1_6' title="bbox 342 484 1465 545">
     <span class='ocr_line' id='line_1_7' title="bbox 342 484 1465 545; baseline 0.005 -20"><span class='ocrx_word' id='word_1_24' title='bbox 342 484 441 526; x_wconf 94' lang='lat' dir='ltr'>Non</span> <span class='ocrx_word' id='word_1_25' title='bbox 461 485 596 542; x_wconf 86' lang='lat' dir='ltr'>magis</span> <span class='ocrx_word' id='word_1_26' title='bbox 617 500 708 526; x_wconf 90' lang='lat' dir='ltr'>esse</span> <span class='ocrx_word' id='word_1_27' title='bbox 728 485 866 537; x_wconf 89' lang='lat' dir='ltr'>velim,</span> <span class='ocrx_word' id='word_1_28' title='bbox 889 501 1016 542; x_wconf 88' lang='lat' dir='ltr'>quam</span> <span class='ocrx_word' id='word_1_29' title='bbox 1035 502 1140 529; x_wconf 84' lang='lat' dir='ltr'>naso</span> <span class='ocrx_word' id='word_1_30' title='bbox 1159 489 1299 530; x_wconf 88' lang='lat' dir='ltr'>vivere</span> <span class='ocrx_word' id='word_1_31' title='bbox 1318 504 1465 545; x_wconf 86' lang='lat' dir='ltr'>pravo,</span> 
     </span>
    </p>

    <p class='ocr_par' dir='ltr' id='par_1_7' title="bbox 342 553 1477 684">
     <span class='ocr_line' id='line_1_8' title="bbox 342 553 1348 614; baseline 0.004 -18"><span class='ocrx_word' id='word_1_32' title='bbox 342 553 630 609; x_wconf 86' lang='lat' dir='ltr'>Spectandum</span> <span class='ocrx_word' id='word_1_33' title='bbox 649 555 781 613; x_wconf 86' lang='lat' dir='ltr'>nigris</span> <span class='ocrx_word' id='word_1_34' title='bbox 802 555 934 597; x_wconf 89' lang='lat' dir='ltr'>oculis</span> <span class='ocrx_word' id='word_1_35' title='bbox 955 557 1162 614; x_wconf 85' lang='lat' dir='ltr'>nigroque</span> <span class='ocrx_word' id='word_1_36' title='bbox 1183 558 1348 614; x_wconf 78' lang='lat' dir='ltr'>capillo,</span> 
     </span>
     <span class='ocr_line' id='line_1_9' title="bbox 399 623 1477 684; baseline 0.006 -20"><span class='ocrx_word' id='word_1_37' title='bbox 399 623 561 665; x_wconf 86' lang='lat' dir='ltr'>Sumite</span> <span class='ocrx_word' id='word_1_38' title='bbox 581 625 799 665; x_wconf 86' lang='lat' dir='ltr'>materiam</span> <span class='ocrx_word' id='word_1_39' title='bbox 819 626 981 676; x_wconf 87' lang='lat' dir='ltr'>vestris,</span> <span class='ocrx_word' id='word_1_40' title='bbox 1004 626 1077 683; x_wconf 92' lang='lat' dir='ltr'>qui</span> <span class='ocrx_word' id='word_1_41' title='bbox 1098 627 1290 678; x_wconf 85' lang='lat' dir='ltr'>scribitis,</span> <span class='ocrx_word' id='word_1_42' title='bbox 1312 643 1477 684; x_wconf 84' lang='lat' dir='ltr'>aequam</span> 
     </span>
    </p>

    <p class='ocr_par' dir='ltr' id='par_1_8' title="bbox 343 692 1369 752">
     <span class='ocr_line' id='line_1_10' title="bbox 343 692 1369 752; baseline 0.007 -19"><span class='ocrx_word' id='word_1_43' title='bbox 343 692 531 744; x_wconf 87' lang='lat' dir='ltr'>Viribus,</span> <span class='ocrx_word' id='word_1_44' title='bbox 554 702 596 735; x_wconf 91' lang='lat' dir='ltr'>et</span> <span class='ocrx_word' id='word_1_45' title='bbox 615 702 778 736; x_wconf 86' lang='lat' dir='ltr'>versate</span> <span class='ocrx_word' id='word_1_46' title='bbox 798 694 885 747; x_wconf 90' lang='lat' dir='ltr'>diu,</span> <span class='ocrx_word' id='word_1_47' title='bbox 908 696 1011 752; x_wconf 92' lang='lat' dir='ltr'>quid</span> <span class='ocrx_word' id='word_1_48' title='bbox 1030 695 1140 739; x_wconf 87' lang='lat' dir='ltr'>ferre</span> <span class='ocrx_word' id='word_1_49' title='bbox 1161 707 1369 749; x_wconf 86' lang='lat' dir='ltr'>recusent,</span> 
     </span>
    </p>
   </div>
   <div class='ocr_carea' id='block_1_7' title="bbox 250 761 843 811">
    <p class='ocr_par' dir='ltr' id='par_1_9' title="bbox 250 761 843 811">
     <span class='ocr_line' id='line_1_11' title="bbox 250 761 843 811; baseline 0.007 -9"><span class='ocrx_word' id='word_1_50' title='bbox 250 765 307 802; x_wconf 80' lang='lat'>40</span> <span class='ocrx_word' id='word_1_51' title='bbox 340 761 459 811; x_wconf 84' lang='lat' dir='ltr'>Quid</span> <span class='ocrx_word' id='word_1_52' title='bbox 479 762 646 805; x_wconf 85' lang='lat' dir='ltr'>valeant</span> <span class='ocrx_word' id='word_1_53' title='bbox 664 763 843 806; x_wconf 89' lang='lat' dir='ltr'>humeri.</span> 
     </span>
    </p>
   </div>
   <div class='ocr_carea' id='block_1_8' title="bbox 909 765 1534 822">
    <p class='ocr_par' dir='ltr' id='par_1_10' title="bbox 909 765 1534 822">
     <span class='ocr_line' id='line_1_12' title="bbox 909 765 1534 822; baseline 0.006 -16"><span class='ocrx_word' id='word_1_54' title='bbox 909 765 991 806; x_wconf 92' lang='lat' dir='ltr'>Cui</span> <span class='ocrx_word' id='word_1_55' title='bbox 1010 765 1120 808; x_wconf 89' lang='lat' dir='ltr'>lecta</span> <span class='ocrx_word' id='word_1_56' title='bbox 1138 774 1333 822; x_wconf 86' lang='lat' dir='ltr'>potenter</span> <span class='ocrx_word' id='word_1_57' title='bbox 1353 768 1433 810; x_wconf 88' lang='lat' dir='ltr'>erit</span> <span class='ocrx_word' id='word_1_58' title='bbox 1451 783 1534 820; x_wconf 90' lang='lat' dir='ltr'>res,</span> 
     </span>
    </p>
   </div>
   <div class='ocr_carea' id='block_1_9' title="bbox 338 831 1474 1107">
    <p class='ocr_par' dir='ltr' id='par_1_11' title="bbox 338 831 1474 1107">
     <span class='ocr_line' id='line_1_13' title="bbox 341 831 1409 886; baseline 0.007 -13"><span class='ocrx_word' id='word_1_59' title='bbox 341 831 434 874; x_wconf 93' lang='lat' dir='ltr'>Nec</span> <span class='ocrx_word' id='word_1_60' title='bbox 454 831 652 874; x_wconf 84' lang='lat' dir='ltr'>facundia</span> <span class='ocrx_word' id='word_1_61' title='bbox 671 833 838 876; x_wconf 85' lang='lat' dir='ltr'>deseret</span> <span class='ocrx_word' id='word_1_62' title='bbox 856 834 983 886; x_wconf 79' lang='lat' dir='ltr'>hu&#39;nc,</span> <span class='ocrx_word' id='word_1_63' title='bbox 1005 851 1084 878; x_wconf 91' lang='lat' dir='ltr'>nec</span> <span class='ocrx_word' id='word_1_64' title='bbox 1104 836 1269 879; x_wconf 89' lang='lat' dir='ltr'>lucidus</span> <span class='ocrx_word' id='word_1_65' title='bbox 1290 838 1409 879; x_wconf 89' lang='lat' dir='ltr'>ordo.</span> 
     </span>
     <span class='ocr_line' id='line_1_14' title="bbox 338 901 1474 966; baseline 0.006 -23"><span class='ocrx_word' id='word_1_66' title='bbox 338 901 513 944; x_wconf 89' lang='lat' dir='ltr'>Ordinis</span> <span class='ocrx_word' id='word_1_67' title='bbox 534 902 628 945; x_wconf 85' lang='lat' dir='ltr'>haec</span> <span class='ocrx_word' id='word_1_68' title='bbox 648 904 780 946; x_wconf 88' lang='lat' dir='ltr'>virtus</span> <span class='ocrx_word' id='word_1_69' title='bbox 801 905 882 947; x_wconf 90' lang='lat' dir='ltr'>erit</span> <span class='ocrx_word' id='word_1_70' title='bbox 901 914 943 947; x_wconf 91' lang='lat' dir='ltr'>et</span> <span class='ocrx_word' id='word_1_71' title='bbox 964 906 1123 958; x_wconf 89' lang='lat' dir='ltr'>Venus,</span> <span class='ocrx_word' id='word_1_72' title='bbox 1146 915 1219 949; x_wconf 85' lang='lat' dir='ltr'>aut</span> <span class='ocrx_word' id='word_1_73' title='bbox 1238 923 1319 966; x_wconf 88' lang='lat' dir='ltr'>ego</span> <span class='ocrx_word' id='word_1_74' title='bbox 1338 908 1474 960; x_wconf 86' lang='lat' dir='ltr'>fallor,</span> 
     </span>
     <span class='ocr_line' id='line_1_15' title="bbox 338 974 1359 1034; baseline 0.006 -17"><span class='ocrx_word' id='word_1_75' title='bbox 338 974 401 1017; x_wconf 93' lang='lat' dir='ltr'>Ut</span> <span class='ocrx_word' id='word_1_76' title='bbox 415 976 506 1032; x_wconf 89' lang='lat' dir='ltr'>jam</span> <span class='ocrx_word' id='word_1_77' title='bbox 525 992 640 1019; x_wconf 90' lang='lat' dir='ltr'>nunc</span> <span class='ocrx_word' id='word_1_78' title='bbox 659 977 784 1028; x_wconf 90' lang='lat' dir='ltr'>dicat,</span> <span class='ocrx_word' id='word_1_79' title='bbox 800 979 890 1034; x_wconf 86' lang='lat' dir='ltr'>jam</span> <span class='ocrx_word' id='word_1_80' title='bbox 910 994 1023 1021; x_wconf 91' lang='lat' dir='ltr'>nunc</span> <span class='ocrx_word' id='word_1_81' title='bbox 1044 979 1242 1022; x_wconf 89' lang='lat' dir='ltr'>debentia</span> <span class='ocrx_word' id='word_1_82' title='bbox 1261 981 1359 1033; x_wconf 87' lang='lat' dir='ltr'>dici,</span> 
     </span>
     <span class='ocr_line' id='line_1_16' title="bbox 338 1044 1452 1107; baseline 0.006 -21"><span class='ocrx_word' id='word_1_83' title='bbox 338 1044 547 1102; x_wconf 87' lang='lat' dir='ltr'>Pleraque</span> <span class='ocrx_word' id='word_1_84' title='bbox 568 1046 735 1088; x_wconf 87' lang='lat' dir='ltr'>differat</span> <span class='ocrx_word' id='word_1_85' title='bbox 754 1056 796 1089; x_wconf 90' lang='lat' dir='ltr'>et</span> <span class='ocrx_word' id='word_1_86' title='bbox 815 1063 1003 1104; x_wconf 78' lang='lat' dir='ltr'>praesens</span> <span class='ocrx_word' id='word_1_87' title='bbox 1024 1050 1068 1091; x_wconf 92' lang='lat' dir='ltr'>in</span> <span class='ocrx_word' id='word_1_88' title='bbox 1089 1058 1254 1107; x_wconf 91' lang='lat' dir='ltr'>tempus</span> <span class='ocrx_word' id='word_1_89' title='bbox 1276 1052 1452 1093; x_wconf 88' lang='lat' dir='ltr'>omittat.</span> 
     </span>
    </p>
   </div>
   <div class='ocr_carea' id='block_1_10' title="bbox 246 1120 303 1158">
    <p class='ocr_par' dir='ltr' id='par_1_12' title="bbox 246 1120 303 1158">
     <span class='ocr_line' id='line_1_17' title="bbox 246 1120 303 1158; baseline 0.018 -1"><span class='ocrx_word' id='word_1_90' title='bbox 246 1120 303 1158; x_wconf 79' lang='lat'>45</span> 
     </span>
    </p>
   </div>
   <div class='ocr_carea' id='block_1_11' title="bbox 394 1118 1391 1180">
    <p class='ocr_par' dir='ltr' id='par_1_13' title="bbox 394 1118 1391 1180">
     <span class='ocr_line' id='line_1_18' title="bbox 394 1118 1391 1180; baseline 0.006 -20"><span class='ocrx_word' id='word_1_91' title='bbox 394 1118 448 1160; x_wconf 93' lang='lat' dir='ltr'>In</span> <span class='ocrx_word' id='word_1_92' title='bbox 467 1119 607 1161; x_wconf 90' lang='lat' dir='ltr'>verbis</span> <span class='ocrx_word' id='word_1_93' title='bbox 628 1121 754 1162; x_wconf 89' lang='lat' dir='ltr'>etiam</span> <span class='ocrx_word' id='word_1_94' title='bbox 773 1122 911 1163; x_wconf 89' lang='lat' dir='ltr'>tenuis</span> <span class='ocrx_word' id='word_1_95' title='bbox 933 1129 1165 1180; x_wconf 86' lang='lat' dir='ltr'>cautusque</span> <span class='ocrx_word' id='word_1_96' title='bbox 1187 1124 1391 1175; x_wconf 86' lang='lat' dir='ltr'>serendis,</span> 
     </span>
    </p>
   </div>
   <div class='ocr_carea' id='block_1_12' title="bbox 334 1189 1492 1321">
    <p class='ocr_par' dir='ltr' id='par_1_14' title="bbox 334 1189 1492 1321">
     <span class='ocr_line' id='line_1_19' title="bbox 336 1189 1492 1251; baseline 0.003 -19"><span class='ocrx_word' id='word_1_97' title='bbox 336 1189 435 1232; x_wconf 93' lang='lat' dir='ltr'>Hoc</span> <span class='ocrx_word' id='word_1_98' title='bbox 456 1199 581 1242; x_wconf 83' lang='lat' dir='ltr'>amet,</span> <span class='ocrx_word' id='word_1_99' title='bbox 603 1192 686 1235; x_wconf 93' lang='lat' dir='ltr'>hoc</span> <span class='ocrx_word' id='word_1_100' title='bbox 708 1202 879 1249; x_wconf 88' lang='lat' dir='ltr'>spernat</span> <span class='ocrx_word' id='word_1_101' title='bbox 897 1195 1095 1251; x_wconf 89' lang='lat' dir='ltr'>promissi</span> <span class='ocrx_word' id='word_1_102' title='bbox 1116 1196 1312 1237; x_wconf 90' lang='lat' dir='ltr'>carminis</span> <span class='ocrx_word' id='word_1_103' title='bbox 1333 1202 1492 1238; x_wconf 86' lang='lat' dir='ltr'>auctor.</span> 
     </span>
     <span class='ocr_line' id='line_1_20' title="bbox 334 1258 1314 1321; baseline 0.007 -20"><span class='ocrx_word' id='word_1_104' title='bbox 334 1258 510 1303; x_wconf 86' lang='lat' dir='ltr'>Dixeris</span> <span class='ocrx_word' id='word_1_105' title='bbox 532 1263 715 1321; x_wconf 85' lang='lat' dir='ltr'>egregie,</span> <span class='ocrx_word' id='word_1_106' title='bbox 738 1271 887 1306; x_wconf 93' lang='lat' dir='ltr'>notum</span> <span class='ocrx_word' id='word_1_107' title='bbox 909 1265 944 1305; x_wconf 83' lang='lat' dir='ltr'>si</span> <span class='ocrx_word' id='word_1_108' title='bbox 965 1265 1118 1307; x_wconf 88' lang='lat' dir='ltr'>callida</span> <span class='ocrx_word' id='word_1_109' title='bbox 1137 1266 1314 1308; x_wconf 87' lang='lat' dir='ltr'>verbum</span> 
     </span>
    </p>
   </div>
   <div class='ocr_carea' id='block_1_13' title="bbox 210 1376 985 1730">
    <p class='ocr_par' dir='ltr' id='par_1_15' title="bbox 213 1376 979 1464">
     <span class='ocr_line' id='line_1_21' title="bbox 214 1376 979 1421; baseline 0.008 -15"><span class='ocrx_word' id='word_1_110' title='bbox 214 1377 265 1407; x_wconf 71' lang='lat' dir='ltr'>vit.</span> <span class='ocrx_word' id='word_1_111' title='bbox 317 1376 408 1412; x_wconf 82' lang='lat' dir='ltr'>Qui·</span> <span class='ocrx_word' id='word_1_112' title='bbox 399 1388 440 1411; x_wconf 93' lang='grc' dir='ltr'>ιιι</span> <span class='ocrx_word' id='word_1_113' title='bbox 448 1388 482 1409; x_wconf 89' lang='lat' dir='ltr'>re</span> <span class='ocrx_word' id='word_1_114' title='bbox 496 1378 602 1421; x_wconf 84' lang='lat' dir='ltr'>aliqua</span> <span class='ocrx_word' id='word_1_115' title='bbox 616 1391 726 1411; x_wconf 67' lang='lat' dir='ltr'>omnoe</span> <span class='ocrx_word' id='word_1_116' title='bbox 747 1380 825 1411; x_wconf 84' lang='lat' dir='ltr'>alios</span> <span class='ocrx_word' id='word_1_117' title='bbox 846 1388 979 1421; x_wconf 85' lang='lat' dir='ltr'>superat,</span> 
     </span>
     <span class='ocr_line' id='line_1_22' title="bbox 213 1418 977 1464; baseline 0.008 -15"><span class='ocrx_word' id='word_1_118' title='bbox 213 1418 301 1450; x_wconf 83' lang='lat' dir='ltr'>inea</span> <span class='ocrx_word' id='word_1_119' title='bbox 322 1427 370 1451; x_wconf 83' lang='lat' dir='ltr'>est</span> <span class='ocrx_word' id='word_1_120' title='bbox 394 1433 501 1459; x_wconf 76' lang='lat' dir='ltr'>unus;</span> <span class='ocrx_word' id='word_1_121' title='bbox 525 1424 566 1454; x_wconf 87' lang='lat' dir='ltr'>cf.</span> <span class='ocrx_word' id='word_1_122' title='bbox 595 1426 700 1456; x_wconf 83' lang='lat' dir='ltr'>Bentl.</span> <span class='ocrx_word' id='word_1_123' title='bbox 731 1431 764 1455; x_wconf 82' lang='lat' dir='ltr'>et</span> <span class='ocrx_word' id='word_1_124' title='bbox 788 1427 878 1462; x_wconf 84' lang='lat' dir='ltr'>Fea,·</span> <span class='ocrx_word' id='word_1_125' title='bbox 901 1436 977 1464; x_wconf 93' lang='lat' dir='ltr'>pro.</span> 
     </span>
    </p>

    <p class='ocr_par' dir='ltr' id='par_1_16' title="bbox 210 1464 985 1726">
     <span class='ocr_line' id='line_1_23' title="bbox 214 1464 984 1503; baseline 0.008 -9"><span class='ocrx_word' id='word_1_126' title='bbox 214 1474 302 1494; x_wconf 76' lang='lat' dir='ltr'>unus</span> <span class='ocrx_word' id='word_1_127' title='bbox 327 1464 434 1503; x_wconf 86' lang='lat' dir='ltr'>plures</span> <span class='ocrx_word' id='word_1_128' title='bbox 454 1465 540 1497; x_wconf 85' lang='lat' dir='ltr'>librr.</span> <span class='ocrx_word' id='word_1_129' title='bbox 570 1474 644 1498; x_wconf 85' lang='lat' dir='ltr'>vett.</span> <span class='ocrx_word' id='word_1_130' title='bbox 669 1468 808 1499; x_wconf 84' lang='lat' dir='ltr'>offerunt</span> <span class='ocrx_word' id='word_1_131' title='bbox 831 1469 922 1503; x_wconf 80' lang='lat' dir='ltr'>imus,</span> <span class='ocrx_word' id='word_1_132' title='bbox 946 1474 984 1499; x_wconf 86' lang='lat' dir='ltr'>ut</span> 
     </span>
     <span class='ocr_line' id='line_1_24' title="bbox 213 1506 985 1549; baseline 0.008 -13"><span class='ocrx_word' id='word_1_133' title='bbox 213 1507 254 1536; x_wconf 84' lang='lat' dir='ltr'>sit</span> <span class='ocrx_word' id='word_1_134' title='bbox 268 1506 302 1536; x_wconf 91' lang='lat' dir='ltr'>in</span> <span class='ocrx_word' id='word_1_135' title='bbox 324 1508 389 1538; x_wconf 89' lang='lat' dir='ltr'>imo</span> <span class='ocrx_word' id='word_1_136' title='bbox 414 1509 485 1539; x_wconf 90' lang='lat' dir='ltr'>loco</span> <span class='ocrx_word' id='word_1_137' title='bbox 506 1511 672 1549; x_wconf 80' lang='lat' dir='ltr'>habitans3</span> <span class='ocrx_word' id='word_1_138' title='bbox 695 1511 751 1542; x_wconf 87' lang='lat' dir='ltr'>sed</span> <span class='ocrx_word' id='word_1_139' title='bbox 772 1511 799 1542; x_wconf 86' lang='lat' dir='ltr'>si</span> <span class='ocrx_word' id='word_1_140' title='bbox 827 1511 985 1542; x_wconf 80' lang='lat' dir='ltr'>Horatius</span> 
     </span>
     <span class='ocr_line' id='line_1_25' title="bbox 213 1552 978 1593; baseline 0.008 -13"><span class='ocrx_word' id='word_1_141' title='bbox 213 1556 334 1581; x_wconf 89' lang='lat' dir='ltr'>certum</span> <span class='ocrx_word' id='word_1_142' title='bbox 350 1552 508 1593; x_wconf 88' lang='lat' dir='ltr'>quendam</span> <span class='ocrx_word' id='word_1_143' title='bbox 524 1554 672 1585; x_wconf 84' lang='lat' dir='ltr'>fabrum&#39;</span> <span class='ocrx_word' id='word_1_144' title='bbox 663 1565 696 1585; x_wconf 88' lang='grc' dir='ltr'>ιιι</span> <span class='ocrx_word' id='word_1_145' title='bbox 719 1555 785 1585; x_wconf 89' lang='lat' dir='ltr'>imo</span> <span class='ocrx_word' id='word_1_146' title='bbox 806 1555 888 1586; x_wconf 85' lang='lat' dir='ltr'>circa</span> <span class='ocrx_word' id='word_1_147' title='bbox 913 1555 978 1586; x_wconf 67' lang='lat' dir='ltr'>luda</span> 
     </span>
     <span class='ocr_line' id='line_1_26' title="bbox 214 1593 978 1649; baseline 0.008 -26"><span class='ocrx_word' id='word_1_148' title='bbox 214 1593 304 1624; x_wconf 86' lang='lat' dir='ltr'>AEm.</span> <span class='ocrx_word' id='word_1_149' title='bbox 321 1594 392 1625; x_wconf 91' lang='lat' dir='ltr'>loco</span> <span class='ocrx_word' id='word_1_150' title='bbox 412 1596 606 1628; x_wconf 80' lang='lat' dir='ltr'>habitantem</span> <span class='ocrx_word' id='word_1_151' title='bbox 634 1597 798 1649; x_wconf 78' lang='lat' dir='ltr'>designare</span> <span class='ocrx_word' id='word_1_152' title='bbox 820 1598 978 1636; x_wconf 79' lang='lat' dir='ltr'>voluisset,</span> 
     </span>
     <span class='ocr_line' id='line_1_27' title="bbox 211 1636 981 1679; baseline 0.008 -13"><span class='ocrx_word' id='word_1_153' title='bbox 211 1636 313 1668; x_wconf 86' lang='lat' dir='ltr'>verbis</span> <span class='ocrx_word' id='word_1_154' title='bbox 326 1640 493 1679; x_wconf 63' lang='lat' dir='ltr'>exprimere</span> <span class='ocrx_word' id='word_1_155' title='bbox 512 1647 544 1671; x_wconf 88' lang='lat' dir='ltr'>et</span> <span class='ocrx_word' id='word_1_156' title='bbox 565 1642 683 1673; x_wconf 74' lang='lat' dir='ltr'>imitari</span> <span class='ocrx_word' id='word_1_157' title='bbox 705 1652 769 1672; x_wconf 91' lang='lat' dir='ltr'>non</span> <span class='ocrx_word' id='word_1_158' title='bbox 790 1641 902 1679; x_wconf 86' lang='lat' dir='ltr'>futuri,</span> <span class='ocrx_word' id='word_1_159' title='bbox 925 1643 981 1672; x_wconf 88' lang='lat' dir='ltr'>sed</span> 
     </span>
     <span class='ocr_line' id='line_1_28' title="bbox 210 1682 982 1730; baseline 0.008 -20"><span class='ocrx_word' id='word_1_160' title='bbox 210 1684 374 1730; x_wconf 82' lang='lat' dir='ltr'>praesentis</span> <span class='ocrx_word' id='word_1_161' title='bbox 386 1682 522 1714; x_wconf 78' lang='lat' dir='ltr'>formam</span> <span class='ocrx_word' id='word_1_162' title='bbox 536 1684 657 1715; x_wconf 81' lang='lat' dir='ltr'>induiss</span> <span class='ocrx_word' id='word_1_163' title='bbox 660 1692 710 1723; x_wconf 87' lang='lat' dir='ltr'>et;</span> <span class='ocrx_word' id='word_1_164' title='bbox 734 1695 794 1716; x_wconf 89' lang='lat' dir='ltr'>nec</span> <span class='ocrx_word' id='word_1_165' title='bbox 815 1685 848 1722; x_wconf 89' lang='lat' dir='ltr'>ii,</span> <span class='ocrx_word' id='word_1_166' title='bbox 871 1685 926 1726; x_wconf 86' lang='lat' dir='ltr'>qui</span> <span class='ocrx_word' id='word_1_167' title='bbox 947 1685 982 1715; x_wconf 89' lang='lat' dir='ltr'>in</span> 
     </span>
    </p>
   </div>
   <div class='ocr_carea' id='block_1_14' title="bbox 210 1724 983 1799">
    <p class='ocr_par' dir='ltr' id='par_1_17' title="bbox 210 1724 983 1799">
     <span class='ocr_line' id='line_1_29' title="bbox 210 1724 983 1797; baseline 0.006 -43"><span class='ocrx_word' id='word_1_168' title='bbox 210 1734 273 1797; x_wconf 55' lang='grc' dir='ltr'>ἔξω</span> <span class='ocrx_word' id='word_1_169' title='bbox 287 1724 394 1766; x_wconf 90' lang='lat' dir='ltr'>aliquo</span> <span class='ocrx_word' id='word_1_170' title='bbox 408 1726 479 1757; x_wconf 88' lang='lat' dir='ltr'>loco</span> <span class='ocrx_word' id='word_1_171' title='bbox 493 1728 645 1767; x_wconf 86' lang='lat' dir='ltr'>habitant,</span> <span class='ocrx_word' id='word_1_172' title='bbox 661 1731 745 1760; x_wconf 82' lang='lat' dir='ltr'>circa</span> <span class='ocrx_word' id='word_1_173' title='bbox 759 1739 834 1760; x_wconf 90' lang='lat' dir='ltr'>eum</span> <span class='ocrx_word' id='word_1_174' title='bbox 844 1728 983 1760; x_wconf 83' lang='lat' dir='ltr'>habitare</span> 
     </span>
     <span class='ocr_line' id='line_1_30' title="bbox 245 1775 371 1799; baseline 0.009 -1"><span class='ocrx_word' id='word_1_175' title='bbox 245 1775 371 1799; x_wconf 87' lang='lat' dir='ltr'>cuntur.</span> 
     </span>
    </p>
   </div>
   <div class='ocr_carea' id='block_1_15' title="bbox 211 1824 984 1902">
    <p class='ocr_par' dir='ltr' id='par_1_18' title="bbox 211 1824 984 1902">
     <span class='ocr_line' id='line_1_31' title="bbox 255 1824 984 1870; baseline 0.007 -15"><span class='ocrx_word' id='word_1_176' title='bbox 255 1835 285 1856; x_wconf 89' lang='lat' dir='ltr'>v.</span> <span class='ocrx_word' id='word_1_177' title='bbox 303 1824 356 1856; x_wconf 86' lang='grc'>34.</span> <span class='ocrx_word' id='word_1_178' title='bbox 377 1838 504 1867; x_wconf 72' lang='lat' dir='ltr'>1²·,oneve</span> <span class='ocrx_word' id='word_1_179' title='bbox 531 1828 571 1860; x_wconf 87' lang='lat' dir='ltr'>de</span> <span class='ocrx_word' id='word_1_180' title='bbox 596 1828 789 1867; x_wconf 80' lang='lat' dir='ltr'>artificibus3</span> <span class='ocrx_word' id='word_1_181' title='bbox 823 1829 864 1860; x_wconf 86' lang='lat' dir='ltr'>cf.</span> <span class='ocrx_word' id='word_1_182' title='bbox 889 1839 984 1870; x_wconf 82' lang='lat' dir='ltr'>supra</span> 
     </span>
     <span class='ocr_line' id='line_1_32' title="bbox 211 1867 493 1902; baseline 0.015 -4"><span class='ocrx_word' id='word_1_183' title='bbox 211 1867 253 1898; x_wconf 84' lang='lat' dir='ltr'>ad</span> <span class='ocrx_word' id='word_1_184' title='bbox 271 1869 334 1900; x_wconf 90' lang='lat' dir='ltr'>Od.</span> <span class='ocrx_word' id='word_1_185' title='bbox 356 1870 420 1901; x_wconf 94' lang='lat' dir='ltr'>IV.</span> <span class='ocrx_word' id='word_1_186' title='bbox 438 1870 493 1902; x_wconf 88' lang='grc'>88.</span> 
     </span>
    </p>
   </div>
   <div class='ocr_carea' id='block_1_16' title="bbox 209 1923 981 2129">
    <p class='ocr_par' dir='ltr' id='par_1_19' title="bbox 209 1923 981 2129">
     <span class='ocr_line' id='line_1_33' title="bbox 254 1923 980 1968; baseline 0.003 -14"><span class='ocrx_word' id='word_1_187' title='bbox 254 1933 283 1954; x_wconf 88' lang='lat' dir='ltr'>v.</span> <span class='ocrx_word' id='word_1_188' title='bbox 296 1923 437 1955; x_wconf 84' lang='grc'>38-44.</span> <span class='ocrx_word' id='word_1_189' title='bbox 457 1928 616 1962; x_wconf 81' lang='lat' dir='ltr'>Quartum</span> <span class='ocrx_word' id='word_1_190' title='bbox 628 1929 848 1968; x_wconf 78' lang='lat' dir='ltr'>Praeceptum:</span> <span class='ocrx_word' id='word_1_191' title='bbox 869 1930 892 1946; x_wconf 90' lang='lat'><strong>“</strong></span> <span class='ocrx_word' id='word_1_192' title='bbox 904 1926 980 1957; x_wconf 86' lang='lat' dir='ltr'>Car-</span> 
     </span>
     <span class='ocr_line' id='line_1_34' title="bbox 209 1965 981 2011; baseline 0.005 -15"><span class='ocrx_word' id='word_1_193' title='bbox 209 1965 306 2006; x_wconf 85' lang='lat' dir='ltr'>mina,</span> <span class='ocrx_word' id='word_1_194' title='bbox 333 1979 406 2009; x_wconf 87' lang='lat' dir='ltr'>quae</span> <span class='ocrx_word' id='word_1_195' title='bbox 428 1975 493 2000; x_wconf 87' lang='lat' dir='ltr'>tam</span> <span class='ocrx_word' id='word_1_196' title='bbox 515 1969 673 2006; x_wconf 79' lang='lat' dir='ltr'>facundia,</span> <span class='ocrx_word' id='word_1_197' title='bbox 697 1980 794 2011; x_wconf 85' lang='lat' dir='ltr'>quam</span> <span class='ocrx_word' id='word_1_198' title='bbox 809 1968 916 2000; x_wconf 90' lang='lat' dir='ltr'>lucido</span> <span class='ocrx_word' id='word_1_199' title='bbox 930 1980 981 2000; x_wconf 88' lang='lat' dir='ltr'>or-</span> 
     </span>
     <span class='ocr_line' id='line_1_35' title="bbox 210 2009 980 2053; baseline 0.004 -13"><span class='ocrx_word' id='word_1_200' title='bbox 210 2009 285 2041; x_wconf 92' lang='lat' dir='ltr'>dine</span> <span class='ocrx_word' id='word_1_201' title='bbox 314 2022 348 2043; x_wconf 88' lang='lat' dir='ltr'>se</span> <span class='ocrx_word' id='word_1_202' title='bbox 369 2013 602 2050; x_wconf 75' lang='lat' dir='ltr'>commendent,</span> <span class='ocrx_word' id='word_1_203' title='bbox 625 2013 808 2053; x_wconf 85' lang='lat' dir='ltr'>scripturus,</span> <span class='ocrx_word' id='word_1_204' title='bbox 830 2023 909 2050; x_wconf 85' lang='lat' dir='ltr'>rem,</span> <span class='ocrx_word' id='word_1_205' title='bbox 935 2013 980 2043; x_wconf 90' lang='lat' dir='ltr'>vi-</span> 
     </span>
     <span class='ocr_line' id='line_1_36' title="bbox 210 2053 981 2098; baseline 0.005 -15"><span class='ocrx_word' id='word_1_206' title='bbox 210 2053 295 2084; x_wconf 86' lang='lat' dir='ltr'>rium</span> <span class='ocrx_word' id='word_1_207' title='bbox 317 2055 449 2087; x_wconf 90' lang='lat' dir='ltr'>modulo</span> <span class='ocrx_word' id='word_1_208' title='bbox 471 2056 752 2094; x_wconf 72' lang='lat' dir='ltr'>accommodatam,</span> <span class='ocrx_word' id='word_1_209' title='bbox 774 2056 911 2098; x_wconf 85' lang='lat' dir='ltr'>deligere</span> <span class='ocrx_word' id='word_1_210' title='bbox 927 2056 981 2087; x_wconf 77' lang='lat' dir='ltr'>de-</span> 
     </span>
     <span class='ocr_line' id='line_1_37' title="bbox 210 2098 301 2129; baseline 0.016 -1"><span class='ocrx_word' id='word_1_211' title='bbox 210 2098 301 2129; x_wconf 85' lang='lat' dir='ltr'>bet.&#39;’</span> 
     </span>
    </p>
   </div>
   <div class='ocr_carea' id='block_1_17' title="bbox 253 2153 783 2196">
    <p class='ocr_par' dir='ltr' id='par_1_20' title="bbox 253 2153 783 2196">
     <span class='ocr_line' id='line_1_38' title="bbox 253 2153 783 2196; baseline 0.004 -13"><span class='ocrx_word' id='word_1_212' title='bbox 253 2163 282 2184; x_wconf 86' lang='lat' dir='ltr'>v.</span> <span class='ocrx_word' id='word_1_213' title='bbox 301 2153 355 2184; x_wconf 82' lang='lat'>38.</span> <span class='ocrx_word' id='word_1_214' title='bbox 381 2166 523 2196; x_wconf 57' lang='lat' dir='ltr'>aequam,</span> <span class='ocrx_word' id='word_1_215' title='bbox 533 2153 783 2186; x_wconf 78' lang='lat' dir='ltr'>convenientem.</span> 
     </span>
    </p>
   </div>
   <div class='ocr_carea' id='block_1_18' title="bbox 208 2209 983 2993">
    <p class='ocr_par' dir='ltr' id='par_1_21' title="bbox 209 2209 981 2416">
     <span class='ocr_line' id='line_1_39' title="bbox 251 2209 979 2250; baseline 0.001 -11"><span class='ocrx_word' id='word_1_216' title='bbox 251 2218 283 2240; x_wconf 86' lang='lat' dir='ltr'>v.</span> <span class='ocrx_word' id='word_1_217' title='bbox 314 2209 367 2240; x_wconf 89' lang='lat'>39.</span> <span class='ocrx_word' id='word_1_218' title='bbox 407 2216 533 2247; x_wconf 81' lang='lat' dir='ltr'>versate,</span> <span class='ocrx_word' id='word_1_219' title='bbox 570 2209 764 2250; x_wconf 82' lang='lat' dir='ltr'>perpendite,</span> <span class='ocrx_word' id='word_1_220' title='bbox 798 2209 979 2249; x_wconf 86' lang='lat' dir='ltr'>explorate;</span> 
     </span>
     <span class='ocr_line' id='line_1_40' title="bbox 211 2253 980 2294; baseline -0.001 -10"><span class='ocrx_word' id='word_1_221' title='bbox 211 2253 447 2285; x_wconf 79' lang='lat' dir='ltr'>accommodate</span> <span class='ocrx_word' id='word_1_222' title='bbox 475 2253 517 2284; x_wconf 79' lang='lat' dir='ltr'>ad</span> <span class='ocrx_word' id='word_1_223' title='bbox 549 2263 655 2291; x_wconf 82' lang='lat' dir='ltr'>onera,</span> <span class='ocrx_word' id='word_1_224' title='bbox 694 2264 778 2294; x_wconf 84' lang='lat' dir='ltr'>quae,</span> <span class='ocrx_word' id='word_1_225' title='bbox 810 2260 980 2294; x_wconf 81' lang='lat' dir='ltr'>antequam</span> 
     </span>
     <span class='ocr_line' id='line_1_41' title="bbox 210 2297 981 2336; baseline -0.001 -9"><span class='ocrx_word' id='word_1_226' title='bbox 210 2297 351 2328; x_wconf 83' lang='lat' dir='ltr'>humeris</span> <span class='ocrx_word' id='word_1_227' title='bbox 380 2297 594 2336; x_wconf 82' lang='lat' dir='ltr'>imponantur,</span> <span class='ocrx_word' id='word_1_228' title='bbox 625 2299 771 2328; x_wconf 85' lang='lat' dir='ltr'>manibus</span> <span class='ocrx_word' id='word_1_229' title='bbox 799 2297 913 2327; x_wconf 84' lang='lat' dir='ltr'>versari</span> <span class='ocrx_word' id='word_1_230' title='bbox 949 2303 981 2327; x_wconf 85' lang='lat' dir='ltr'>et</span> 
     </span>
     <span class='ocr_line' id='line_1_42' title="bbox 209 2339 979 2381; baseline -0.003 -9"><span class='ocrx_word' id='word_1_231' title='bbox 209 2340 376 2381; x_wconf 84' lang='lat' dir='ltr'>ponderari</span> <span class='ocrx_word' id='word_1_232' title='bbox 390 2341 502 2378; x_wconf 85' lang='lat' dir='ltr'>solent,</span> <span class='ocrx_word' id='word_1_233' title='bbox 518 2350 559 2371; x_wconf 87' lang='lat' dir='ltr'>an</span> <span class='ocrx_word' id='word_1_234' title='bbox 574 2340 654 2371; x_wconf 86' lang='lat' dir='ltr'>vires</span> <span class='ocrx_word' id='word_1_235' title='bbox 674 2341 713 2371; x_wconf 89' lang='lat' dir='ltr'>iis</span> <span class='ocrx_word' id='word_1_236' title='bbox 733 2339 871 2371; x_wconf 85' lang='lat' dir='ltr'>ferendis</span> <span class='ocrx_word' id='word_1_237' title='bbox 892 2340 979 2370; x_wconf 88' lang='lat' dir='ltr'>suffi-</span> 
     </span>
     <span class='ocr_line' id='line_1_43' title="bbox 209 2385 304 2416; baseline 0.011 -1"><span class='ocrx_word' id='word_1_238' title='bbox 209 2385 304 2416; x_wconf 74' lang='lat' dir='ltr'>ciant.</span> 
     </span>
    </p>

    <p class='ocr_par' dir='ltr' id='par_1_22' title="bbox 208 2427 983 2686">
     <span class='ocr_line' id='line_1_44' title="bbox 242 2427 982 2468; baseline -0.003 -9"><span class='ocrx_word' id='word_1_239' title='bbox 242 2438 283 2459; x_wconf 71' lang='grc' dir='ltr'>ιν.</span> <span class='ocrx_word' id='word_1_240' title='bbox 301 2427 355 2459; x_wconf 88' lang='grc'>40.</span> <span class='ocrx_word' id='word_1_241' title='bbox 383 2429 445 2460; x_wconf 78' lang='lat' dir='ltr'>Cui</span> <span class='ocrx_word' id='word_1_242' title='bbox 467 2429 535 2459; x_wconf 83' lang='lat' dir='ltr'>lect.</span> <span class='ocrx_word' id='word_1_243' title='bbox 558 2433 622 2468; x_wconf 80' lang='lat' dir='ltr'>pol.</span> <span class='ocrx_word' id='word_1_244' title='bbox 641 2438 667 2459; x_wconf 89' lang='lat' dir='ltr'>e.</span> <span class='ocrx_word' id='word_1_245' title='bbox 686 2439 727 2465; x_wconf 88' lang='lat' dir='ltr'>r.,</span> <span class='ocrx_word' id='word_1_246' title='bbox 742 2438 810 2458; x_wconf 88' lang='lat' dir='ltr'>rem</span> <span class='ocrx_word' id='word_1_247' title='bbox 826 2427 891 2458; x_wconf 85' lang='lat' dir='ltr'>sive</span> <span class='ocrx_word' id='word_1_248' title='bbox 913 2437 982 2457; x_wconf 80' lang='lat' dir='ltr'>ma-</span> 
     </span>
     <span class='ocr_line' id='line_1_45' title="bbox 209 2470 983 2513; baseline -0.003 -11"><span class='ocrx_word' id='word_1_249' title='bbox 209 2472 320 2503; x_wconf 77' lang='lat' dir='ltr'>teriam</span> <span class='ocrx_word' id='word_1_250' title='bbox 338 2477 480 2513; x_wconf 74' lang='lat' dir='ltr'>potenter</span> <span class='ocrx_word' id='word_1_251' title='bbox 502 2470 587 2512; x_wconf 87' lang='lat' dir='ltr'>legit,</span> <span class='ocrx_word' id='word_1_252' title='bbox 610 2471 702 2512; x_wconf 89' lang='lat' dir='ltr'>cujus</span> <span class='ocrx_word' id='word_1_253' title='bbox 716 2471 797 2501; x_wconf 89' lang='lat' dir='ltr'>vires</span> <span class='ocrx_word' id='word_1_254' title='bbox 811 2472 901 2502; x_wconf 84' lang='lat' dir='ltr'>lectae</span> <span class='ocrx_word' id='word_1_255' title='bbox 915 2480 983 2501; x_wconf 84' lang='lat' dir='ltr'>ma-</span> 
     </span>
     <span class='ocr_line' id='line_1_46' title="bbox 208 2514 977 2556; baseline -0.001 -10"><span class='ocrx_word' id='word_1_256' title='bbox 208 2515 295 2546; x_wconf 84' lang='lat' dir='ltr'>teriae</span> <span class='ocrx_word' id='word_1_257' title='bbox 310 2525 400 2555; x_wconf 84' lang='lat' dir='ltr'>pares</span> <span class='ocrx_word' id='word_1_258' title='bbox 413 2520 497 2552; x_wconf 81' lang='lat' dir='ltr'>sunt,</span> <span class='ocrx_word' id='word_1_259' title='bbox 514 2514 569 2556; x_wconf 87' lang='lat' dir='ltr'>qui</span> <span class='ocrx_word' id='word_1_260' title='bbox 584 2524 662 2550; x_wconf 86' lang='lat' dir='ltr'>eam,</span> <span class='ocrx_word' id='word_1_261' title='bbox 679 2521 716 2545; x_wconf 85' lang='lat' dir='ltr'>ut</span> <span class='ocrx_word' id='word_1_262' title='bbox 729 2525 786 2554; x_wconf 81' lang='lat' dir='ltr'>par</span> <span class='ocrx_word' id='word_1_263' title='bbox 799 2521 856 2552; x_wconf 89' lang='lat' dir='ltr'>est,</span> <span class='ocrx_word' id='word_1_264' title='bbox 870 2520 977 2554; x_wconf 83' lang='lat' dir='ltr'>poten-</span> 
     </span>
     <span class='ocr_line' id='line_1_47' title="bbox 209 2557 978 2598; baseline -0.005 -7"><span class='ocrx_word' id='word_1_265' title='bbox 209 2566 257 2591; x_wconf 80' lang='lat' dir='ltr'>ter</span> <span class='ocrx_word' id='word_1_266' title='bbox 281 2559 437 2590; x_wconf 87' lang='lat' dir='ltr'>moderari</span> <span class='ocrx_word' id='word_1_267' title='bbox 458 2565 491 2588; x_wconf 86' lang='lat' dir='ltr'>et</span> <span class='ocrx_word' id='word_1_268' title='bbox 510 2557 551 2588; x_wconf 92' lang='lat' dir='ltr'>ad</span> <span class='ocrx_word' id='word_1_269' title='bbox 573 2558 647 2588; x_wconf 82' lang='lat' dir='ltr'>artis</span> <span class='ocrx_word' id='word_1_270' title='bbox 670 2568 813 2588; x_wconf 87' lang='lat' dir='ltr'>normam</span> <span class='ocrx_word' id='word_1_271' title='bbox 844 2558 978 2598; x_wconf 89' lang='lat' dir='ltr'>dirigere</span> 
     </span>
     <span class='ocr_line' id='line_1_48' title="bbox 209 2603 977 2643; baseline -0.001 -10"><span class='ocrx_word' id='word_1_272' title='bbox 209 2610 333 2643; x_wconf 76' lang='lat' dir='ltr'>potest;</span> <span class='ocrx_word' id='word_1_273' title='bbox 364 2613 423 2633; x_wconf 92' lang='lat' dir='ltr'>nos</span> <span class='ocrx_word' id='word_1_274' title='bbox 439 2612 446 2631; x_wconf 72' lang='grc' dir='ltr'><strong>ε</strong></span> <span class='ocrx_word' id='word_1_275' title='bbox 480 2603 535 2632; x_wconf 88' lang='lat' dir='ltr'>der</span> <span class='ocrx_word' id='word_1_276' title='bbox 554 2605 653 2633; x_wconf 77' lang='lat' dir='ltr'>seines</span> <span class='ocrx_word' id='word_1_277' title='bbox 671 2603 845 2642; x_wconf 68' lang='lat' dir='ltr'>gewahlten</span> <span class='ocrx_word' id='word_1_278' title='bbox 864 2612 977 2642; x_wconf 80' lang='lat' dir='ltr'>gegen-</span> 
     </span>
     <span class='ocr_line' id='line_1_49' title="bbox 210 2647 715 2686; baseline -0.006 -7"><span class='ocrx_word' id='word_1_279' title='bbox 210 2649 334 2679; x_wconf 80' lang='lat' dir='ltr'>standes</span> <span class='ocrx_word' id='word_1_280' title='bbox 348 2647 484 2686; x_wconf 73' lang='lat' dir='ltr'>miz‘clztig</span> <span class='ocrx_word' id='word_1_281' title='bbox 499 2647 567 2677; x_wconf 85' lang='lat' dir='ltr'>und</span> <span class='ocrx_word' id='word_1_282' title='bbox 583 2647 654 2676; x_wconf 74' lang='lat' dir='ltr'>herr</span> <span class='ocrx_word' id='word_1_283' title='bbox 667 2647 715 2676; x_wconf 83' lang='lat' dir='ltr'>ist.</span> 
     </span>
    </p>

    <p class='ocr_par' dir='ltr' id='par_1_23' title="bbox 209 2687 980 2993">
     <span class='ocr_line' id='line_1_50' title="bbox 254 2687 980 2722; baseline -0.003 -2"><span class='ocrx_word' id='word_1_284' title='bbox 254 2702 283 2722; x_wconf 89' lang='lat' dir='ltr'>v.</span> <span class='ocrx_word' id='word_1_285' title='bbox 302 2687 443 2721; x_wconf 78' lang='lat'><strong>42—44.</strong></span> <span class='ocrx_word' id='word_1_286' title='bbox 479 2690 605 2721; x_wconf 80' lang='lat' dir='ltr'>Ordinis</span> <span class='ocrx_word' id='word_1_287' title='bbox 628 2691 694 2720; x_wconf 84' lang='lat' dir='ltr'>lzaec</span> <span class='ocrx_word' id='word_1_288' title='bbox 723 2694 797 2719; x_wconf 76' lang='lat' dir='ltr'>cett.</span> <span class='ocrx_word' id='word_1_289' title='bbox 849 2687 980 2719; x_wconf 88' lang='lat' dir='ltr'>Ordinis</span> 
     </span>
     <span class='ocr_line' id='line_1_51' title="bbox 210 2731 977 2775; baseline -0.005 -9"><span class='ocrx_word' id='word_1_290' title='bbox 210 2741 318 2766; x_wconf 87' lang='lat' dir='ltr'>autem</span> <span class='ocrx_word' id='word_1_291' title='bbox 348 2733 475 2775; x_wconf 78' lang='lat' dir='ltr'>(virtus)</span> <span class='ocrx_word' id='word_1_292' title='bbox 505 2732 662 2772; x_wconf 74' lang='lat' dir='ltr'>praecipua</span> <span class='ocrx_word' id='word_1_293' title='bbox 688 2731 747 2762; x_wconf 91' lang='lat' dir='ltr'>dos</span> <span class='ocrx_word' id='word_1_294' title='bbox 774 2738 806 2762; x_wconf 92' lang='lat' dir='ltr'>et</span> <span class='ocrx_word' id='word_1_295' title='bbox 836 2731 977 2772; x_wconf 77' lang='lat' dir='ltr'>(Venus)</span> 
     </span>
     <span class='ocr_line' id='line_1_52' title="bbox 210 2775 979 2818; baseline -0.007 -9"><span class='ocrx_word' id='word_1_296' title='bbox 210 2778 355 2809; x_wconf 82' lang='lat' dir='ltr'>amabilis</span> <span class='ocrx_word' id='word_1_297' title='bbox 376 2777 577 2818; x_wconf 84' lang='lat' dir='ltr'>pulchritudo</span> <span class='ocrx_word' id='word_1_298' title='bbox 600 2778 680 2818; x_wconf 80' lang='lat' dir='ltr'>(haec</span> <span class='ocrx_word' id='word_1_299' title='bbox 700 2775 773 2815; x_wconf 79' lang='lat' dir='ltr'>en&#39;t)</span> <span class='ocrx_word' id='word_1_300' title='bbox 798 2775 831 2805; x_wconf 94' lang='lat' dir='ltr'>in</span> <span class='ocrx_word' id='word_1_301' title='bbox 853 2785 891 2805; x_wconf 89' lang='lat' dir='ltr'>eo</span> <span class='ocrx_word' id='word_1_302' title='bbox 912 2785 979 2805; x_wconf 90' lang='lat' dir='ltr'>cer-</span> 
     </span>
     <span class='ocr_line' id='line_1_53' title="bbox 209 2818 976 2861; baseline -0.004 -9"><span class='ocrx_word' id='word_1_303' title='bbox 209 2828 312 2858; x_wconf 87' lang='lat' dir='ltr'>netur,</span> <span class='ocrx_word' id='word_1_304' title='bbox 343 2827 382 2853; x_wconf 90' lang='lat' dir='ltr'>ut</span> <span class='ocrx_word' id='word_1_305' title='bbox 405 2821 439 2851; x_wconf 92' lang='lat' dir='ltr'>in</span> <span class='ocrx_word' id='word_1_306' title='bbox 461 2820 614 2861; x_wconf 86' lang='lat' dir='ltr'>principio</span> <span class='ocrx_word' id='word_1_307' title='bbox 635 2818 740 2850; x_wconf 86' lang='lat' dir='ltr'>statim</span> <span class='ocrx_word' id='word_1_308' title='bbox 764 2819 849 2859; x_wconf 80' lang='lat' dir='ltr'>(jam</span> <span class='ocrx_word' id='word_1_309' title='bbox 869 2822 976 2859; x_wconf 81' lang='lat' dir='ltr'>nunc)</span> 
     </span>
     <span class='ocr_line' id='line_1_54' title="bbox 209 2862 978 2907; baseline -0.005 -12"><span class='ocrx_word' id='word_1_310' title='bbox 209 2865 303 2903; x_wconf 87' lang='lat' dir='ltr'>dicat,</span> <span class='ocrx_word' id='word_1_311' title='bbox 333 2875 405 2907; x_wconf 85' lang='lat' dir='ltr'>quae</span> <span class='ocrx_word' id='word_1_312' title='bbox 431 2864 516 2906; x_wconf 74' lang='lat' dir='ltr'>(jam</span> <span class='ocrx_word' id='word_1_313' title='bbox 539 2866 649 2905; x_wconf 78' lang='lat' dir='ltr'>nunc)</span> <span class='ocrx_word' id='word_1_314' title='bbox 675 2863 710 2892; x_wconf 94' lang='lat' dir='ltr'>in</span> <span class='ocrx_word' id='word_1_315' title='bbox 738 2862 892 2902; x_wconf 88' lang='lat' dir='ltr'>principio</span> <span class='ocrx_word' id='word_1_316' title='bbox 915 2862 978 2892; x_wconf 91' lang='lat' dir='ltr'>dici</span> 
     </span>
     <span class='ocr_line' id='line_1_55' title="bbox 209 2905 976 2946; baseline -0.007 -7"><span class='ocrx_word' id='word_1_317' title='bbox 209 2908 333 2944; x_wconf 85' lang='lat' dir='ltr'>debent,</span> <span class='ocrx_word' id='word_1_318' title='bbox 361 2908 478 2939; x_wconf 86' lang='lat' dir='ltr'>scilicet</span> <span class='ocrx_word' id='word_1_319' title='bbox 500 2914 537 2939; x_wconf 90' lang='lat' dir='ltr'>ut</span> <span class='ocrx_word' id='word_1_320' title='bbox 557 2907 655 2938; x_wconf 70' lang='lat' dir='ltr'>{ector</span> <span class='ocrx_word' id='word_1_321' title='bbox 682 2905 734 2937; x_wconf 83' lang='lat' dir='ltr'>vel</span> <span class='ocrx_word' id='word_1_322' title='bbox 762 2911 916 2946; x_wconf 84' lang='lat' dir='ltr'>spectator</span> <span class='ocrx_word' id='word_1_323' title='bbox 943 2905 976 2935; x_wconf 89' lang='lat' dir='ltr'>in</span> 
     </span>
     <span class='ocr_line' id='line_1_56' title="bbox 209 2949 972 2993; baseline -0.001 -12"><span class='ocrx_word' id='word_1_324' title='bbox 209 2951 347 2983; x_wconf 79' lang='lat' dir='ltr'>mediam</span> <span class='ocrx_word' id='word_1_325' title='bbox 371 2962 439 2983; x_wconf 88' lang='lat' dir='ltr'>rem</span> <span class='ocrx_word' id='word_1_326' title='bbox 464 2951 611 2992; x_wconf 81' lang='lat' dir='ltr'>rapiatur,</span> <span class='ocrx_word' id='word_1_327' title='bbox 641 2949 788 2991; x_wconf 82' lang='lat' dir='ltr'>pleraque</span> <span class='ocrx_word' id='word_1_328' title='bbox 817 2951 853 2992; x_wconf 87' lang='lat' dir='ltr'>(d</span> <span class='ocrx_word' id='word_1_329' title='bbox 853 2949 972 2993; x_wconf 77' lang='lat' dir='ltr'>fferac)</span> 
     </span>
    </p>
   </div>
   <div class='ocr_carea' id='block_1_19' title="bbox 1020 1383 1796 2901">
    <p class='ocr_par' dir='ltr' id='par_1_24' title="bbox 1025 1383 1791 1468">
     <span class='ocr_line' id='line_1_57' title="bbox 1025 1383 1791 1426; baseline 0.005 -13"><span class='ocrx_word' id='word_1_330' title='bbox 1025 1389 1133 1422; x_wconf 84' lang='lat' dir='ltr'>postea</span> <span class='ocrx_word' id='word_1_331' title='bbox 1167 1383 1295 1414; x_wconf 87' lang='lat' dir='ltr'>demum</span> <span class='ocrx_word' id='word_1_332' title='bbox 1326 1389 1458 1420; x_wconf 86' lang='lat' dir='ltr'>enarret,</span> <span class='ocrx_word' id='word_1_333' title='bbox 1489 1389 1522 1414; x_wconf 81' lang='lat' dir='ltr'>et</span> <span class='ocrx_word' id='word_1_334' title='bbox 1550 1393 1636 1415; x_wconf 89' lang='lat' dir='ltr'>nunc</span> <span class='ocrx_word' id='word_1_335' title='bbox 1663 1384 1791 1426; x_wconf 81' lang='lat' dir='ltr'>quidem</span> 
     </span>
     <span class='ocr_line' id='line_1_58' title="bbox 1025 1427 1526 1468; baseline 0.004 -12"><span class='ocrx_word' id='word_1_336' title='bbox 1025 1428 1175 1468; x_wconf 67' lang='lat' dir='ltr'>(praesens</span> <span class='ocrx_word' id='word_1_337' title='bbox 1190 1429 1224 1458; x_wconf 82' lang='lat' dir='ltr'>in</span> <span class='ocrx_word' id='word_1_338' title='bbox 1238 1427 1375 1468; x_wconf 83' lang='lat' dir='ltr'>tempus)</span> <span class='ocrx_word' id='word_1_339' title='bbox 1390 1427 1526 1458; x_wconf 84' lang='lat' dir='ltr'>reticeat.</span> 
     </span>
    </p>

    <p class='ocr_par' dir='ltr' id='par_1_25' title="bbox 1023 1467 1796 2022">
     <span class='ocr_line' id='line_1_59' title="bbox 1071 1467 1794 1511; baseline 0.004 -12"><span class='ocrx_word' id='word_1_340' title='bbox 1071 1481 1098 1501; x_wconf 93' lang='lat' dir='ltr'>v.</span> <span class='ocrx_word' id='word_1_341' title='bbox 1113 1467 1244 1500; x_wconf 75' lang='lat'>45—72</span> <span class='ocrx_word' id='word_1_342' title='bbox 1244 1473 1439 1506; x_wconf 80' lang='lat' dir='ltr'>.Quintum</span> <span class='ocrx_word' id='word_1_343' title='bbox 1456 1473 1672 1511; x_wconf 74' lang='lat' dir='ltr'>Proeceptum:</span> <span class='ocrx_word' id='word_1_344' title='bbox 1713 1475 1736 1491; x_wconf 87' lang='lat'><strong>“</strong></span> <span class='ocrx_word' id='word_1_345' title='bbox 1751 1471 1794 1502; x_wconf 91' lang='lat' dir='ltr'>In</span> 
     </span>
     <span class='ocr_line' id='line_1_60' title="bbox 1027 1492 1792 1556; baseline 0.001 -13"><span class='ocrx_word' id='word_1_346' title='bbox 1027 1513 1185 1544; x_wconf 86' lang='lat' dir='ltr'>vocabulis</span> <span class='ocrx_word' id='word_1_347' title='bbox 1212 1492 1253 1545; x_wconf 48' lang='lat' dir='ltr'>et·</span> <span class='ocrx_word' id='word_1_348' title='bbox 1273 1514 1484 1545; x_wconf 87' lang='lat' dir='ltr'>locutionibus</span> <span class='ocrx_word' id='word_1_349' title='bbox 1511 1520 1575 1544; x_wconf 82' lang='lat' dir='ltr'>tam</span> <span class='ocrx_word' id='word_1_350' title='bbox 1606 1514 1792 1556; x_wconf 76' lang='lat' dir='ltr'>deligendis,</span> 
     </span>
     <span class='ocr_line' id='line_1_61' title="bbox 1026 1556 1794 1599; baseline 0.001 -12"><span class='ocrx_word' id='word_1_351' title='bbox 1026 1567 1122 1597; x_wconf 87' lang='lat' dir='ltr'>quam</span> <span class='ocrx_word' id='word_1_352' title='bbox 1170 1556 1382 1597; x_wconf 82' lang='lat' dir='ltr'>repudiandis,</span> <span class='ocrx_word' id='word_1_353' title='bbox 1428 1557 1600 1596; x_wconf 83' lang='lat' dir='ltr'>prudenter</span> <span class='ocrx_word' id='word_1_354' title='bbox 1643 1558 1794 1599; x_wconf 86' lang='lat' dir='ltr'>loquendi</span> 
     </span>
     <span class='ocr_line' id='line_1_62' title="bbox 1024 1601 1794 1642; baseline 0.003 -12"><span class='ocrx_word' id='word_1_355' title='bbox 1024 1610 1111 1637; x_wconf 88' lang='lat' dir='ltr'>usus,</span> <span class='ocrx_word' id='word_1_356' title='bbox 1128 1610 1223 1640; x_wconf 90' lang='lat' dir='ltr'>penes</span> <span class='ocrx_word' id='word_1_357' title='bbox 1236 1611 1331 1641; x_wconf 89' lang='lat' dir='ltr'>quem</span> <span class='ocrx_word' id='word_1_358' title='bbox 1347 1608 1379 1631; x_wconf 90' lang='lat' dir='ltr'>et</span> <span class='ocrx_word' id='word_1_359' title='bbox 1390 1601 1444 1642; x_wconf 83' lang='lat' dir='ltr'>jus</span> <span class='ocrx_word' id='word_1_360' title='bbox 1464 1608 1496 1631; x_wconf 80' lang='lat' dir='ltr'>et</span> <span class='ocrx_word' id='word_1_361' title='bbox 1518 1611 1630 1631; x_wconf 79' lang='lat' dir='ltr'>norma</span> <span class='ocrx_word' id='word_1_362' title='bbox 1653 1609 1697 1632; x_wconf 84' lang='lat' dir='ltr'>et</span> <span class='ocrx_word' id='word_1_363' title='bbox 1710 1601 1794 1632; x_wconf 79' lang='lat' dir='ltr'>arbi-</span> 
     </span>
     <span class='ocr_line' id='line_1_63' title="bbox 1023 1644 1794 1680; baseline 0.003 -7"><span class='ocrx_word' id='word_1_364' title='bbox 1023 1644 1121 1674; x_wconf 75' lang='lat' dir='ltr'>trium</span> <span class='ocrx_word' id='word_1_365' title='bbox 1135 1650 1191 1680; x_wconf 88' lang='lat' dir='ltr'>est,</span> <span class='ocrx_word' id='word_1_366' title='bbox 1207 1644 1242 1674; x_wconf 90' lang='lat' dir='ltr'>in</span> <span class='ocrx_word' id='word_1_367' title='bbox 1256 1644 1423 1675; x_wconf 88' lang='lat' dir='ltr'>consilium</span> <span class='ocrx_word' id='word_1_368' title='bbox 1438 1651 1584 1676; x_wconf 80' lang='lat' dir='ltr'>vocetur.</span> <span class='ocrx_word' id='word_1_369' title='bbox 1610 1646 1703 1675; x_wconf 84' lang='lat' dir='ltr'>verba</span> <span class='ocrx_word' id='word_1_370' title='bbox 1717 1651 1794 1675; x_wconf 75' lang='lat' dir='ltr'>nota</span> 
     </span>
     <span class='ocr_line' id='line_1_64' title="bbox 1026 1687 1794 1730; baseline 0.004 -14"><span class='ocrx_word' id='word_1_371' title='bbox 1026 1694 1098 1726; x_wconf 81' lang='lat' dir='ltr'>apta</span> <span class='ocrx_word' id='word_1_372' title='bbox 1108 1688 1259 1730; x_wconf 84' lang='lat' dir='ltr'>junctura</span> <span class='ocrx_word' id='word_1_373' title='bbox 1273 1693 1448 1725; x_wconf 85' lang='lat' dir='ltr'>noventur;</span> <span class='ocrx_word' id='word_1_374' title='bbox 1473 1689 1567 1719; x_wconf 78' lang='lat' dir='ltr'>verba</span> <span class='ocrx_word' id='word_1_375' title='bbox 1580 1688 1621 1719; x_wconf 80' lang='lat' dir='ltr'>ad</span> <span class='ocrx_word' id='word_1_376' title='bbox 1641 1698 1724 1719; x_wconf 83' lang='lat' dir='ltr'>nova</span> <span class='ocrx_word' id='word_1_377' title='bbox 1743 1687 1794 1718; x_wconf 89' lang='lat' dir='ltr'>in-</span> 
     </span>
     <span class='ocr_line' id='line_1_65' title="bbox 1026 1727 1795 1771; baseline 0.003 -11"><span class='ocrx_word' id='word_1_378' title='bbox 1026 1738 1120 1761; x_wconf 79' lang='lat' dir='ltr'>venta</span> <span class='ocrx_word' id='word_1_379' title='bbox 1133 1727 1328 1771; x_wconf 80' lang='lat' dir='ltr'>designanda</span> <span class='ocrx_word' id='word_1_380' title='bbox 1342 1730 1445 1761; x_wconf 82' lang='lat' dir='ltr'>efficta</span> <span class='ocrx_word' id='word_1_381' title='bbox 1465 1731 1678 1771; x_wconf 80' lang='lat' dir='ltr'>recipiantur,</span> <span class='ocrx_word' id='word_1_382' title='bbox 1700 1732 1795 1762; x_wconf 83' lang='lat' dir='ltr'>verba</span> 
     </span>
     <span class='ocr_line' id='line_1_66' title="bbox 1026 1774 1794 1814; baseline 0.003 -10"><span class='ocrx_word' id='word_1_383' title='bbox 1026 1783 1065 1804; x_wconf 88' lang='lat' dir='ltr'>ex</span> <span class='ocrx_word' id='word_1_384' title='bbox 1079 1774 1167 1804; x_wconf 88' lang='lat' dir='ltr'>fonte</span> <span class='ocrx_word' id='word_1_385' title='bbox 1185 1775 1299 1805; x_wconf 83' lang='lat' dir='ltr'>Graeco</span> <span class='ocrx_word' id='word_1_386' title='bbox 1317 1775 1430 1804; x_wconf 78' lang='lat' dir='ltr'>hausta</span> <span class='ocrx_word' id='word_1_387' title='bbox 1443 1779 1475 1804; x_wconf 87' lang='lat' dir='ltr'>et</span> <span class='ocrx_word' id='word_1_388' title='bbox 1488 1774 1656 1814; x_wconf 78' lang='lat' dir='ltr'>paululum</span> <span class='ocrx_word' id='word_1_389' title='bbox 1670 1774 1711 1806; x_wconf 78' lang='lat' dir='ltr'>ad</span> <span class='ocrx_word' id='word_1_390' title='bbox 1727 1774 1794 1806; x_wconf 76' lang='lat' dir='ltr'>La-</span> 
     </span>
     <span class='ocr_line' id='line_1_67' title="bbox 1026 1816 1792 1858; baseline 0.001 -11"><span class='ocrx_word' id='word_1_391' title='bbox 1026 1817 1101 1847; x_wconf 84' lang='lat' dir='ltr'>tinae</span> <span class='ocrx_word' id='word_1_392' title='bbox 1115 1817 1236 1858; x_wconf 86' lang='lat' dir='ltr'>linguae</span> <span class='ocrx_word' id='word_1_393' title='bbox 1250 1817 1385 1848; x_wconf 80' lang='lat' dir='ltr'>sormam</span> <span class='ocrx_word' id='word_1_394' title='bbox 1399 1816 1516 1848; x_wconf 75' lang='lat' dir='ltr'>inflexa</span> <span class='ocrx_word' id='word_1_395' title='bbox 1537 1819 1726 1858; x_wconf 83' lang='lat' dir='ltr'>probentur;</span> <span class='ocrx_word' id='word_1_396' title='bbox 1749 1825 1792 1855; x_wconf 71' lang='lat' dir='ltr'>et,</span> 
     </span>
     <span class='ocr_line' id='line_1_68' title="bbox 1027 1860 1793 1899; baseline 0.001 -8"><span class='ocrx_word' id='word_1_397' title='bbox 1027 1870 1102 1891; x_wconf 91' lang='lat' dir='ltr'>cum</span> <span class='ocrx_word' id='word_1_398' title='bbox 1117 1863 1210 1892; x_wconf 81' lang='lat' dir='ltr'>verba</span> <span class='ocrx_word' id='word_1_399' title='bbox 1224 1860 1320 1892; x_wconf 90' lang='lat' dir='ltr'>modo</span> <span class='ocrx_word' id='word_1_400' title='bbox 1334 1860 1473 1897; x_wconf 82' lang='lat' dir='ltr'>floreant,</span> <span class='ocrx_word' id='word_1_401' title='bbox 1490 1860 1586 1891; x_wconf 89' lang='lat' dir='ltr'>modo</span> <span class='ocrx_word' id='word_1_402' title='bbox 1598 1860 1793 1899; x_wconf 77' lang='lat' dir='ltr'>flaccescant,</span> 
     </span>
     <span class='ocr_line' id='line_1_69' title="bbox 1025 1903 1796 1946; baseline 0.003 -12"><span class='ocrx_word' id='word_1_403' title='bbox 1025 1903 1121 1935; x_wconf 89' lang='lat' dir='ltr'>modo</span> <span class='ocrx_word' id='word_1_404' title='bbox 1142 1912 1320 1941; x_wconf 80' lang='lat' dir='ltr'>nascantur,</span> <span class='ocrx_word' id='word_1_405' title='bbox 1342 1904 1449 1942; x_wconf 89' lang='lat' dir='ltr'>modo,</span> <span class='ocrx_word' id='word_1_406' title='bbox 1472 1910 1510 1935; x_wconf 87' lang='lat' dir='ltr'>ut</span> <span class='ocrx_word' id='word_1_407' title='bbox 1527 1914 1639 1946; x_wconf 88' lang='lat' dir='ltr'>regum</span> <span class='ocrx_word' id='word_1_408' title='bbox 1654 1904 1796 1945; x_wconf 80' lang='lat' dir='ltr'>splendi-</span> 
     </span>
     <span class='ocr_line' id='line_1_70' title="bbox 1025 1946 1793 1990; baseline 0.004 -13"><span class='ocrx_word' id='word_1_409' title='bbox 1025 1946 1153 1978; x_wconf 85' lang='lat' dir='ltr'>dissima</span> <span class='ocrx_word' id='word_1_410' title='bbox 1166 1958 1270 1987; x_wconf 85' lang='lat' dir='ltr'>opera,</span> <span class='ocrx_word' id='word_1_411' title='bbox 1285 1947 1450 1985; x_wconf 80' lang='lat' dir='ltr'>intereant,</span> <span class='ocrx_word' id='word_1_412' title='bbox 1464 1958 1542 1979; x_wconf 74' lang='lat' dir='ltr'>suus</span> <span class='ocrx_word' id='word_1_413' title='bbox 1563 1949 1678 1990; x_wconf 83' lang='lat' dir='ltr'>cuique</span> <span class='ocrx_word' id='word_1_414' title='bbox 1698 1950 1793 1980; x_wconf 83' lang='lat' dir='ltr'>verbo</span> 
     </span>
     <span class='ocr_line' id='line_1_71' title="bbox 1025 1991 1330 2022; baseline 0.007 -2"><span class='ocrx_word' id='word_1_415' title='bbox 1025 1991 1126 2022; x_wconf 90' lang='lat' dir='ltr'>honor</span> <span class='ocrx_word' id='word_1_416' title='bbox 1139 1991 1330 2022; x_wconf 45' lang='lat' dir='ltr'>tribuatur?</span> 
     </span>
    </p>

    <p class='ocr_par' dir='ltr' id='par_1_26' title="bbox 1020 2033 1794 2901">
     <span class='ocr_line' id='line_1_72' title="bbox 1068 2033 1794 2073; baseline 0.003 -9"><span class='ocrx_word' id='word_1_417' title='bbox 1068 2045 1097 2065; x_wconf 86' lang='lat' dir='ltr'>v.</span> <span class='ocrx_word' id='word_1_418' title='bbox 1115 2033 1169 2071; x_wconf 87' lang='grc'>45,</span> <span class='ocrx_word' id='word_1_419' title='bbox 1185 2033 1238 2065; x_wconf 90' lang='grc'>46.</span> <span class='ocrx_word' id='word_1_420' title='bbox 1264 2037 1310 2066; x_wconf 81' lang='lat' dir='ltr'>In</span> <span class='ocrx_word' id='word_1_421' title='bbox 1325 2036 1421 2067; x_wconf 73' lang='lat' dir='ltr'>verbis</span> <span class='ocrx_word' id='word_1_422' title='bbox 1441 2037 1536 2067; x_wconf 75' lang='lat' dir='ltr'>etiam</span> <span class='ocrx_word' id='word_1_423' title='bbox 1557 2041 1645 2073; x_wconf 59' lang='lat' dir='ltr'>cetu,</span> <span class='ocrx_word' id='word_1_424' title='bbox 1666 2035 1701 2066; x_wconf 85' lang='lat' dir='ltr'>hi</span> <span class='ocrx_word' id='word_1_425' title='bbox 1726 2034 1794 2067; x_wconf 80' lang='lat' dir='ltr'>duo&#39;</span> 
     </span>
     <span class='ocr_line' id='line_1_73' title="bbox 1026 2078 1788 2121; baseline 0.004 -14"><span class='ocrx_word' id='word_1_426' title='bbox 1026 2088 1133 2110; x_wconf 87' lang='lat' dir='ltr'>versus</span> <span class='ocrx_word' id='word_1_427' title='bbox 1171 2078 1248 2109; x_wconf 88' lang='lat' dir='ltr'>olim</span> <span class='ocrx_word' id='word_1_428' title='bbox 1291 2078 1414 2109; x_wconf 87' lang='lat' dir='ltr'>inverso</span> <span class='ocrx_word' id='word_1_429' title='bbox 1448 2079 1558 2110; x_wconf 85' lang='lat' dir='ltr'>ordine</span> <span class='ocrx_word' id='word_1_430' title='bbox 1593 2078 1788 2121; x_wconf 75' lang='lat' dir='ltr'>legebantur.</span> 
     </span>
     <span class='ocr_line' id='line_1_74' title="bbox 1030 2121 1793 2163; baseline 0.001 -11"><span class='ocrx_word' id='word_1_431' title='bbox 1030 2122 1218 2152; x_wconf 82' lang='lat' dir='ltr'>Rectissime</span> <span class='ocrx_word' id='word_1_432' title='bbox 1246 2121 1344 2163; x_wconf 85' lang='lat' dir='ltr'>igitur</span> <span class='ocrx_word' id='word_1_433' title='bbox 1371 2124 1544 2159; x_wconf 73' lang='lat' dir='ltr'>Bentleius,</span> <span class='ocrx_word' id='word_1_434' title='bbox 1574 2129 1613 2153; x_wconf 87' lang='lat' dir='ltr'>ut</span> <span class='ocrx_word' id='word_1_435' title='bbox 1646 2132 1696 2153; x_wconf 65' lang='lat' dir='ltr'>ret</span> <span class='ocrx_word' id='word_1_436' title='bbox 1723 2122 1793 2162; x_wconf 72' lang='lat' dir='ltr'>ipsa</span> 
     </span>
     <span class='ocr_line' id='line_1_75' title="bbox 1027 2165 1792 2205; baseline 0 -9"><span class='ocrx_word' id='word_1_437' title='bbox 1027 2165 1128 2203; x_wconf 88' lang='lat' dir='ltr'>docet,</span> <span class='ocrx_word' id='word_1_438' title='bbox 1151 2166 1352 2205; x_wconf 83' lang='lat' dir='ltr'>posteriorem</span> <span class='ocrx_word' id='word_1_439' title='bbox 1373 2175 1498 2196; x_wconf 86' lang='lat' dir='ltr'>versum</span> <span class='ocrx_word' id='word_1_440' title='bbox 1512 2166 1546 2196; x_wconf 88' lang='lat' dir='ltr'>in</span> <span class='ocrx_word' id='word_1_441' title='bbox 1560 2165 1666 2196; x_wconf 88' lang='lat' dir='ltr'>locum</span> <span class='ocrx_word' id='word_1_442' title='bbox 1680 2166 1792 2205; x_wconf 81' lang='lat' dir='ltr'>prioris</span> 
     </span>
     <span class='ocr_line' id='line_1_76' title="bbox 1023 2208 1791 2250; baseline 0 -11"><span class='ocrx_word' id='word_1_443' title='bbox 1023 2210 1154 2239; x_wconf 87' lang='lat' dir='ltr'>transire</span> <span class='ocrx_word' id='word_1_444' title='bbox 1164 2208 1268 2250; x_wconf 78' lang='lat' dir='ltr'>jussit.</span> <span class='ocrx_word' id='word_1_445' title='bbox 1319 2208 1374 2240; x_wconf 86' lang='lat' dir='ltr'>Ad</span> <span class='ocrx_word' id='word_1_446' title='bbox 1387 2219 1483 2250; x_wconf 82' lang='lat' dir='ltr'>quam</span> <span class='ocrx_word' id='word_1_447' title='bbox 1498 2208 1791 2250; x_wconf 57' lang='lat' dir='ltr'>quidemrersuum</span> 
     </span>
     <span class='ocr_line' id='line_1_77' title="bbox 1023 2251 1790 2293; baseline 0.001 -11"><span class='ocrx_word' id='word_1_448' title='bbox 1023 2252 1298 2293; x_wconf 84' lang='lat' dir='ltr'>transpositionem</span> <span class='ocrx_word' id='word_1_449' title='bbox 1326 2251 1556 2283; x_wconf 75' lang='lat' dir='ltr'>defendendam</span> <span class='ocrx_word' id='word_1_450' title='bbox 1579 2253 1660 2283; x_wconf 80' lang='lat' dir='ltr'>bene</span> <span class='ocrx_word' id='word_1_451' title='bbox 1683 2253 1790 2283; x_wconf 84' lang='lat' dir='ltr'>obser-</span> 
     </span>
     <span class='ocr_line' id='line_1_78' title="bbox 1024 2294 1790 2336; baseline 0.001 -10"><span class='ocrx_word' id='word_1_452' title='bbox 1024 2302 1076 2326; x_wconf 83' lang='lat' dir='ltr'>vat</span> <span class='ocrx_word' id='word_1_453' title='bbox 1108 2298 1276 2333; x_wconf 80' lang='lat' dir='ltr'>Gesnerus,</span> <span class='ocrx_word' id='word_1_454' title='bbox 1300 2295 1450 2333; x_wconf 82' lang='lat' dir='ltr'>librarios,</span> <span class='ocrx_word' id='word_1_455' title='bbox 1471 2296 1499 2326; x_wconf 80' lang='lat' dir='ltr'>si</span> <span class='ocrx_word' id='word_1_456' title='bbox 1519 2294 1596 2336; x_wconf 91' lang='lat' dir='ltr'>quid</span> <span class='ocrx_word' id='word_1_457' title='bbox 1623 2294 1658 2326; x_wconf 90' lang='lat' dir='ltr'>in</span> <span class='ocrx_word' id='word_1_458' title='bbox 1678 2295 1790 2327; x_wconf 87' lang='lat' dir='ltr'>ordine</span> 
     </span>
     <span class='ocr_line' id='line_1_79' title="bbox 1024 2338 1790 2379; baseline -0.001 -9"><span class='ocrx_word' id='word_1_459' title='bbox 1024 2347 1188 2379; x_wconf 84' lang='lat' dir='ltr'>peccatum</span> <span class='ocrx_word' id='word_1_460' title='bbox 1210 2345 1298 2376; x_wconf 86' lang='lat' dir='ltr'>esset,</span> <span class='ocrx_word' id='word_1_461' title='bbox 1321 2349 1363 2369; x_wconf 89' lang='lat' dir='ltr'>ne</span> <span class='ocrx_word' id='word_1_462' title='bbox 1382 2339 1498 2370; x_wconf 85' lang='lat' dir='ltr'>librum</span> <span class='ocrx_word' id='word_1_463' title='bbox 1520 2338 1730 2370; x_wconf 75' lang='lat' dir='ltr'>deformarent</span> <span class='ocrx_word' id='word_1_464' title='bbox 1751 2339 1790 2370; x_wconf 85' lang='lat' dir='ltr'>li·</span> 
     </span>
     <span class='ocr_line' id='line_1_80' title="bbox 1025 2382 1790 2423; baseline -0.001 -9"><span class='ocrx_word' id='word_1_465' title='bbox 1025 2390 1116 2421; x_wconf 85' lang='lat' dir='ltr'>turae,</span> <span class='ocrx_word' id='word_1_466' title='bbox 1142 2382 1274 2413; x_wconf 75' lang='lat' dir='ltr'>minutis</span> <span class='ocrx_word' id='word_1_467' title='bbox 1295 2382 1376 2414; x_wconf 83' lang='lat' dir='ltr'>notis</span> <span class='ocrx_word' id='word_1_468' title='bbox 1395 2382 1543 2423; x_wconf 82' lang='lat' dir='ltr'>appositis</span> <span class='ocrx_word' id='word_1_469' title='bbox 1570 2392 1681 2413; x_wconf 83' lang='lat' dir='ltr'>verum</span> <span class='ocrx_word' id='word_1_470' title='bbox 1703 2382 1790 2414; x_wconf 89' lang='lat' dir='ltr'>ordi-</span> 
     </span>
     <span class='ocr_line' id='line_1_81' title="bbox 1026 2425 1787 2463; baseline 0 -6"><span class='ocrx_word' id='word_1_471' title='bbox 1026 2437 1100 2457; x_wconf 89' lang='lat' dir='ltr'>nem</span> <span class='ocrx_word' id='word_1_472' title='bbox 1121 2426 1359 2463; x_wconf 79' lang='lat' dir='ltr'>demonstrasse,</span> <span class='ocrx_word' id='word_1_473' title='bbox 1382 2425 1500 2456; x_wconf 81' lang='lat' dir='ltr'>notulis</span> <span class='ocrx_word' id='word_1_474' title='bbox 1526 2431 1635 2456; x_wconf 72' lang='lat' dir='ltr'>autem</span> <span class='ocrx_word' id='word_1_475' title='bbox 1655 2425 1718 2456; x_wconf 85' lang='lat' dir='ltr'>illis</span> <span class='ocrx_word' id='word_1_476' title='bbox 1738 2432 1787 2457; x_wconf 82' lang='lat' dir='ltr'>te·-</span> 
     </span>
     <span class='ocr_line' id='line_1_82' title="bbox 1026 2468 1786 2509; baseline 0 -8"><span class='ocrx_word' id='word_1_477' title='bbox 1026 2470 1191 2501; x_wconf 88' lang='lat' dir='ltr'>nuioribus</span> <span class='ocrx_word' id='word_1_478' title='bbox 1205 2476 1345 2509; x_wconf 84' lang='lat' dir='ltr'>tempore</span> <span class='ocrx_word' id='word_1_479' title='bbox 1358 2468 1467 2504; x_wconf 81' lang='lat' dir='ltr'>exesis,</span> <span class='ocrx_word' id='word_1_480' title='bbox 1476 2478 1591 2500; x_wconf 61' lang='lat' dir='ltr'>&gt;versus</span> <span class='ocrx_word' id='word_1_481' title='bbox 1604 2469 1638 2499; x_wconf 88' lang='lat' dir='ltr'>in</span> <span class='ocrx_word' id='word_1_482' title='bbox 1659 2470 1786 2502; x_wconf 74' lang='lat' dir='ltr'>turbato</span> 
     </span>
     <span class='ocr_line' id='line_1_83' title="bbox 1021 2512 1788 2550; baseline -0.001 -6"><span class='ocrx_word' id='word_1_483' title='bbox 1021 2513 1132 2544; x_wconf 88' lang='lat' dir='ltr'>ordine</span> <span class='ocrx_word' id='word_1_484' title='bbox 1144 2513 1312 2550; x_wconf 80' lang='lat' dir='ltr'>mansisse3</span> <span class='ocrx_word' id='word_1_485' title='bbox 1335 2512 1376 2544; x_wconf 86' lang='lat' dir='ltr'>cf.</span> <span class='ocrx_word' id='word_1_486' title='bbox 1394 2515 1482 2544; x_wconf 68' lang='lat' dir='ltr'>Base.</span> <span class='ocrx_word' id='word_1_487' title='bbox 1503 2515 1707 2545; x_wconf 72' lang='lat' dir='ltr'>Commentat.</span> <span class='ocrx_word' id='word_1_488' title='bbox 1722 2515 1788 2544; x_wconf 78' lang='lat' dir='ltr'>Pa.</span> 
     </span>
     <span class='ocr_line' id='line_1_84' title="bbox 1020 2555 1788 2597; baseline 0 -9"><span class='ocrx_word' id='word_1_489' title='bbox 1020 2559 1124 2597; x_wconf 82' lang='lat' dir='ltr'>loeogr.</span> <span class='ocrx_word' id='word_1_490' title='bbox 1154 2567 1185 2596; x_wconf 90' lang='lat' dir='ltr'>p.</span> <span class='ocrx_word' id='word_1_491' title='bbox 1217 2555 1292 2587; x_wconf 82' lang='lat'><strong>858.</strong></span> <span class='ocrx_word' id='word_1_492' title='bbox 1338 2555 1469 2597; x_wconf 69' lang='lat' dir='ltr'>Junget</span> <span class='ocrx_word' id='word_1_493' title='bbox 1496 2557 1619 2587; x_wconf 77' lang='lat' dir='ltr'>Auctor</span> <span class='ocrx_word' id='word_1_494' title='bbox 1642 2558 1788 2597; x_wconf 74' lang='lat' dir='ltr'>promissi</span> 
     </span>
     <span class='ocr_line' id='line_1_85' title="bbox 1022 2599 1787 2642; baseline -0.001 -10"><span class='ocrx_word' id='word_1_495' title='bbox 1022 2602 1170 2632; x_wconf 79' lang='lat' dir='ltr'>carminis</span> <span class='ocrx_word' id='word_1_496' title='bbox 1211 2602 1328 2642; x_wconf 84' lang='lat' dir='ltr'>(poeta,</span> <span class='ocrx_word' id='word_1_497' title='bbox 1366 2599 1422 2640; x_wconf 91' lang='lat' dir='ltr'>qui</span> <span class='ocrx_word' id='word_1_498' title='bbox 1461 2609 1588 2630; x_wconf 69' lang='lat' dir='ltr'>carmen</span> <span class='ocrx_word' id='word_1_499' title='bbox 1615 2599 1787 2641; x_wconf 84' lang='lat' dir='ltr'>promittit)</span> 
     </span>
     <span class='ocr_line' id='line_1_86' title="bbox 1022 2643 1784 2685; baseline -0.001 -10"><span class='ocrx_word' id='word_1_500' title='bbox 1022 2646 1115 2676; x_wconf 77' lang='lat' dir='ltr'>eciam</span> <span class='ocrx_word' id='word_1_501' title='bbox 1144 2645 1179 2675; x_wconf 83' lang='lat' dir='ltr'>in</span> <span class='ocrx_word' id='word_1_502' title='bbox 1211 2645 1307 2675; x_wconf 81' lang='lat' dir='ltr'>verbis</span> <span class='ocrx_word' id='word_1_503' title='bbox 1335 2644 1470 2674; x_wconf 74' lang='lat' dir='ltr'>serendis</span> <span class='ocrx_word' id='word_1_504' title='bbox 1498 2645 1602 2675; x_wconf 71' lang='lat' dir='ltr'>tenuis</span> <span class='ocrx_word' id='word_1_505' title='bbox 1631 2643 1784 2685; x_wconf 74' lang='lat' dir='ltr'>(subtilis)</span> 
     </span>
     <span class='ocr_line' id='line_1_87' title="bbox 1023 2685 1787 2729; baseline -0.001 -10"><span class='ocrx_word' id='word_1_506' title='bbox 1023 2693 1203 2729; x_wconf 78' lang='lat' dir='ltr'>cautusque,</span> <span class='ocrx_word' id='word_1_507' title='bbox 1219 2689 1275 2718; x_wconf 85' lang='lat' dir='ltr'>lzoc</span> <span class='ocrx_word' id='word_1_508' title='bbox 1289 2692 1372 2718; x_wconf 79' lang='lat' dir='ltr'>amet</span> <span class='ocrx_word' id='word_1_509' title='bbox 1388 2685 1490 2728; x_wconf 85' lang='lat' dir='ltr'>(aliud</span> <span class='ocrx_word' id='word_1_510' title='bbox 1505 2688 1634 2718; x_wconf 86' lang='lat' dir='ltr'>verbum</span> <span class='ocrx_word' id='word_1_511' title='bbox 1647 2687 1787 2727; x_wconf 78' lang='lat' dir='ltr'>amplec-</span> 
     </span>
     <span class='ocr_line' id='line_1_88' title="bbox 1021 2729 1784 2772; baseline -0.001 -10"><span class='ocrx_word' id='word_1_512' title='bbox 1021 2731 1120 2771; x_wconf 82' lang='lat' dir='ltr'>tatur)</span> <span class='ocrx_word' id='word_1_513' title='bbox 1135 2733 1190 2761; x_wconf 84' lang='lat' dir='ltr'>hoc</span> <span class='ocrx_word' id='word_1_514' title='bbox 1210 2735 1336 2770; x_wconf 76' lang='lat' dir='ltr'>spernat</span> <span class='ocrx_word' id='word_1_515' title='bbox 1360 2729 1463 2772; x_wconf 79' lang='lat' dir='ltr'>(aliud</span> <span class='ocrx_word' id='word_1_516' title='bbox 1486 2731 1616 2761; x_wconf 86' lang='lat' dir='ltr'>verbum</span> <span class='ocrx_word' id='word_1_517' title='bbox 1637 2730 1784 2771; x_wconf 76' lang='lat' dir='ltr'>rejiciat.)</span> 
     </span>
     <span class='ocr_line' id='line_1_89' title="bbox 1021 2773 1786 2815; baseline -0.004 -9"><span class='ocrx_word' id='word_1_518' title='bbox 1021 2783 1067 2799; x_wconf 90' lang='lat'>—·</span> <span class='ocrx_word' id='word_1_519' title='bbox 1078 2775 1172 2806; x_wconf 74' lang='lat' dir='ltr'>verbis</span> <span class='ocrx_word' id='word_1_520' title='bbox 1185 2791 1229 2799; x_wconf 94' lang='lat'>—</span> <span class='ocrx_word' id='word_1_521' title='bbox 1241 2775 1388 2810; x_wconf 76' lang='lat' dir='ltr'>serendis,</span> <span class='ocrx_word' id='word_1_522' title='bbox 1411 2773 1614 2813; x_wconf 81' lang='lat' dir='ltr'>proferendis,</span> <span class='ocrx_word' id='word_1_523' title='bbox 1635 2784 1786 2815; x_wconf 78' lang='lat' dir='ltr'>spargen-</span> 
     </span>
     <span class='ocr_line' id='line_1_90' title="bbox 1021 2816 1782 2856; baseline 0 -7"><span class='ocrx_word' id='word_1_524' title='bbox 1021 2819 1079 2855; x_wconf 81' lang='lat' dir='ltr'>dis,</span> <span class='ocrx_word' id='word_1_525' title='bbox 1102 2816 1311 2856; x_wconf 82' lang='lat' dir='ltr'>disponendis,</span> <span class='ocrx_word' id='word_1_526' title='bbox 1335 2816 1538 2855; x_wconf 76' lang='lat' dir='ltr'>adhibendis3</span> <span class='ocrx_word' id='word_1_527' title='bbox 1560 2819 1650 2849; x_wconf 78' lang='lat' dir='ltr'>verba</span> <span class='ocrx_word' id='word_1_528' title='bbox 1673 2828 1782 2855; x_wconf 74' lang='lat' dir='ltr'>serere,</span> 
     </span>
     <span class='ocr_line' id='line_1_91' title="bbox 1021 2861 1780 2901; baseline -0.001 -8"><span class='ocrx_word' id='word_1_529' title='bbox 1021 2869 1076 2893; x_wconf 85' lang='lat' dir='ltr'>ut:</span> <span class='ocrx_word' id='word_1_530' title='bbox 1103 2872 1285 2898; x_wconf 68' lang='lat' dir='ltr'>sermonem,</span> <span class='ocrx_word' id='word_1_531' title='bbox 1306 2861 1455 2901; x_wconf 80' lang='lat' dir='ltr'>colloquia</span> <span class='ocrx_word' id='word_1_532' title='bbox 1469 2871 1592 2898; x_wconf 75' lang='lat' dir='ltr'>serere;</span> <span class='ocrx_word' id='word_1_533' title='bbox 1665 2862 1780 2898; x_wconf 76' lang='lat' dir='ltr'>tenuis,</span> 
     </span>
    </p>
   </div>
   <div class='ocr_carea' id='block_1_20' title="bbox 1017 2902 1778 2982">
    <p class='ocr_par' dir='ltr' id='par_1_27' title="bbox 1017 2902 1778 2982">
     <span class='ocr_line' id='line_1_92' title="bbox 1021 2902 1778 2942; baseline 0 -6"><span class='ocrx_word' id='word_1_534' title='bbox 1021 2904 1150 2941; x_wconf 81' lang='lat' dir='ltr'>subtilis,</span> <span class='ocrx_word' id='word_1_535' title='bbox 1173 2910 1294 2935; x_wconf 83' lang='lat' dir='ltr'>acutus.</span> <span class='ocrx_word' id='word_1_536' title='bbox 1345 2904 1411 2934; x_wconf 86' lang='lat' dir='ltr'>cic.</span> <span class='ocrx_word' id='word_1_537' title='bbox 1442 2904 1508 2942; x_wconf 80' lang='lat' dir='ltr'>Qu.</span> <span class='ocrx_word' id='word_1_538' title='bbox 1527 2903 1627 2938; x_wconf 65' lang='lat' dir='ltr'>And.</span> <span class='ocrx_word' id='word_1_539' title='bbox 1643 2903 1706 2937; x_wconf 89' lang='lat' dir='ltr'>IV.</span> <span class='ocrx_word' id='word_1_540' title='bbox 1727 2902 1778 2936; x_wconf 74' lang='lat'>14.</span> 
     </span>
     <span class='ocr_line' id='line_1_93' title="bbox 1017 2949 1446 2982; baseline -0.005 0"><span class='ocrx_word' id='word_1_541' title='bbox 1017 2950 1119 2982; x_wconf 78' lang='lat' dir='ltr'>tenuis</span> <span class='ocrx_word' id='word_1_542' title='bbox 1131 2954 1161 2981; x_wconf 84' lang='lat' dir='ltr'>et</span> <span class='ocrx_word' id='word_1_543' title='bbox 1173 2949 1270 2980; x_wconf 77' lang='lat' dir='ltr'>acuta</span> <span class='ocrx_word' id='word_1_544' title='bbox 1284 2949 1446 2981; x_wconf 74' lang='lat' dir='ltr'>distinctio.</span> 
     </span>
    </p>
   </div>
  </div>
 </body>
</html>
