1904 3250
196 111 282 150 512

803 139 805 141 >
837 108 1148 152 HORATII

1597 116 1707 164 [Lm.
1731 124 1780 154 11.

314 228 342 271 J
344 228 609 285 urandasque
629 235 750 269 tuum
770 242 848 282 per
868 241 1023 269 nomen
1042 228 1240 284 ponimus
1260 242 1369 279 aras,

317 300 391 342 Nil
411 301 619 342 oriturum
639 299 755 349 alias,
777 298 838 339 nil
859 306 1001 340 ortum
1021 299 1107 340 tale
1127 298 1318 342 fatentes.

318 369 403 412 Sed
424 378 520 410 tuus
542 368 611 409 hic
631 367 829 423 populus,
853 368 1020 424 sapiens
1042 376 1084 409 et
1097 369 1238 424 justus
1259 369 1303 411 in
1323 384 1423 420 uno,

317 438 382 480 Te
403 437 556 479 nostris
578 436 770 487 ducibus,
793 445 835 478 te
858 437 1001 479 Graiis
1022 436 1310 488 anteferendo,

227 515 285 552 20
318 510 486 552 Caetera
505 524 774 566 nequaquam
795 509 922 551 simili
941 510 1105 551 ratione
1125 510 1339 567 modoque

318 579 533 629 AEstimat,
557 587 611 630 et,
633 580 714 620 nisi
735 595 831 636 quae
853 580 976 622 terris
998 588 1160 621 semota
1179 580 1350 636 suisque

318 651 603 707 Temporibus
625 651 824 693 defuncta
846 652 972 702 videt,
994 651 1155 694 fastidit
1174 659 1217 693 et
1236 651 1349 693 odit:

318 725 389 767 Sic
410 723 548 766 fautor
569 733 772 776 veterum,
795 733 844 767 ut
863 725 1027 767 tabulas
1047 741 1226 782 peccare
1245 732 1448 776 vetantes,

318 797 438 847 Quas
459 797 525 838 bis
547 797 734 853 quinque
754 797 834 839 viri
855 806 1101 849 sanxerunt,
1122 798 1286 840 foedera
1304 813 1455 856 regum

228 871 285 909 25
316 867 399 909 Vel
422 867 584 918 Gabiis,
607 867 674 908 vel
695 883 793 909 cum
812 868 960 926 rigidis
981 876 1147 926 aequata
1171 868 1351 919 Sabinis,

319 937 578 979 Pontificum
598 938 743 989 libros,
767 954 927 980 annosa
946 938 1163 980 volumina
1183 945 1341 989 vatum,

316 1011 498 1054 Dictitet
518 1010 689 1053 Albano
711 1010 863 1053 Musas
884 1012 929 1053 in
947 1019 1092 1053 monte
1111 1011 1288 1053 locutas.

319 1085 377 1135 Si,
401 1084 500 1141 quia
523 1083 778 1126 Graecorum
799 1092 898 1126 sunt
917 1085 1209 1142 antiquissima
1229 1098 1412 1141 quaeque

320 1155 488 1211 Scripta
506 1154 573 1196 vel
594 1155 767 1211 optima,
793 1154 978 1197 Romani
997 1163 1230 1211 pensantur
1251 1151 1400 1196 eadem

215 1230 296 1269 ⁴30<
319 1226 556 1282 Scriptores
578 1225 735 1267 trutina
747 1241 759 1276 3
790 1240 878 1267 non
899 1233 976 1276 est,
1000 1224 1117 1282 quod
1141 1224 1277 1266 multa
1295 1224 1547 1282 loquamur:

318 1297 394 1340 Nil
413 1298 525 1339 intra
544 1305 608 1339 est
627 1297 777 1348 oleam,
800 1297 861 1338 nil
881 1305 1004 1340 extra
1024 1305 1088 1339 est
1107 1298 1151 1339 in
1170 1312 1280 1340 nuce
1301 1297 1411 1339 duri.

203 1429 306 1468 Supra
323 1427 387 1459 Od.
405 1426 478 1458 111.
497 1425 528 1457 5.
547 1426 578 1457 2.
593 1438 781 1467 —praesens
798 1428 900 1458 Divus
914 1429 970 1457 ha-

198 1474 320 1510 bebitur
335 1472 513 1511 Augustus.
604 1477 753 1505 maturos,
771 1470 971 1509 tempestivos

202 1516 237 1546 iu
251 1516 325 1552 vita,
349 1525 414 1545 non
428 1524 513 1544 seros
528 1520 598 1554 post
612 1521 757 1544 mortem.
847 1515 971 1546 Juran-

200 1562 317 1600 dasque
331 1564 426 1589 tuum
442 1569 501 1598 per
515 1568 597 1588 nom.
614 1569 690 1597 pon.
714 1568 797 1593 aras,
813 1557 869 1595 qui
883 1558 972 1597 jura-

199 1605 286 1639 bant,
301 1611 434 1632 manum
456 1611 519 1631 arae
540 1600 707 1632 admovere
731 1602 783 1642 (ut
807 1600 974 1631 Hannibal

201 1645 288 1686 apud
313 1646 410 1676 Corn.
438 1645 522 1684 Nep.
541 1655 567 1675 c.
587 1643 637 1684 2.)
661 1651 693 1674 et
713 1643 820 1679 deum,
845 1644 896 1674 cui
919 1654 974 1674 ara

200 1700 289 1721 sacra
302 1695 379 1726 erat,
398 1687 606 1729 jurisjurandi
626 1694 739 1718 testem
762 1694 794 1717 et
814 1687 972 1718 vindicem

200 1732 360 1773 appellare
395 1732 559 1768 solebant;
597 1730 710 1762 eodem
745 1730 843 1771 igitur
878 1730 970 1768 redit,

200 1784 311 1808 utrum
333 1785 408 1806 cum
431 1777 576 1806 Bentleio
590 1774 696 1814 legas:
723 1780 818 1805 tuum
836 1785 895 1814 per
909 1786 972 1805 nu-

201 1832 286 1857 men,
300 1829 342 1850 an
356 1825 450 1850 tuum
461 1829 520 1859 per
534 1829 649 1850 nomen
656 1834 668 1854 ;
685 1817 726 1848 de
739 1816 973 1856 permutatione

201 1865 340 1895 duarum
369 1872 494 1899 vocum,
533 1872 655 1893 numen
684 1867 717 1891 et
744 1872 871 1897 nomen,
906 1860 969 1891 vid.

205 1910 339 1941 Gronov.
353 1905 392 1936 ad
411 1905 483 1935 Liv.
502 1905 587 1936 VII.
606 1903 660 1935 30.
680 1905 700 1945 §
717 1903 771 1934 20.

246 1962 275 1981 v.
308 1947 446 1981 18-22.
484 1951 543 1980 Sed
565 1954 642 1980 tuus
664 1950 715 1979 hic
734 1949 870 1988 populus
896 1953 969 1978 cett.

206 1995 325 2026 Sensus
346 1999 379 2024 et
400 2003 519 2024 nexusz
561 1992 649 2034 (Sed)
675 1991 769 2022 Idem
792 1998 899 2022 tamen
921 1991 974 2021 hic

202 2037 340 2079 populus
354 2043 439 2072 tuus,
455 2036 512 2076 qui
533 2035 568 2065 in
589 2042 622 2066 te
635 2045 712 2072 uno,
729 2035 808 2065 dum
822 2042 854 2066 te
869 2034 974 2065 adhuc

203 2082 361 2112 viventem
376 2086 440 2111 tam
456 2079 580 2116 nostris,
603 2089 701 2120 quam
720 2078 827 2110 Graiis
840 2077 975 2109 ducibus

203 2125 377 2165 anteponit,
403 2122 527 2163 sapiens
548 2130 580 2153 et
600 2123 706 2163 justus
728 2129 788 2160 est,
809 2131 976 2162 nunquam

204 2169 300 2200 simili
329 2167 451 2198 ratione
479 2166 639 2207 modoque
668 2172 797 2196 caeteros
829 2167 974 2202 aestimat,

204 2212 261 2244 sed
283 2222 346 2249 eos,
369 2211 471 2241 donec
495 2210 616 2247 vivunt,
638 2208 759 2240 fastidit
781 2215 814 2240 et
841 2208 918 2240 odit.
931 2225 978 2234 -·

206 2257 259 2289 Sic
273 2266 340 2286 non
350 2265 431 2294 opus
446 2260 502 2290 est,
518 2261 556 2283 ut
570 2253 605 2283 in
620 2263 649 2284 v.
670 2251 719 2284 18.
738 2263 809 2292 pro:
836 2254 886 2284 hic
901 2262 977 2282 cum

203 2301 346 2338 Bentleio
362 2299 503 2338 legatur:
523 2299 588 2328 hoc.
641 2299 686 2328 Te
699 2296 734 2326 in
748 2307 777 2327 v.
793 2295 843 2327 19.
859 2303 922 2326 tam
934 2295 977 2327 ad

204 2345 345 2379 ducibus,
362 2352 458 2382 quam
472 2340 514 2372 ad
527 2351 594 2372 uno
608 2340 810 2371 referendum
826 2339 960 2370 videtur.

249 2398 279 2418 v.
305 2385 359 2417 ᾖ).
385 2391 508 2421 coelera,
530 2393 608 2423 pro:
634 2391 774 2421 caeteros,
801 2389 838 2423 ut
859 2383 974 2423 passim

206 2432 325 2466 omnia,
341 2438 418 2468 pro:
444 2437 565 2459 omnes.

250 2485 279 2505 v.
299 2470 440 2504 21—24.
458 2473 520 2503 nisi
533 2481 605 2512 quae
619 2476 704 2506 cett„
722 2469 883 2512 eleganter
897 2480 970 2510 pro:

206 2518 268 2550 nisi
292 2527 347 2548 eos
370 2521 442 2555 post
466 2514 531 2545 fata
552 2521 635 2545 terra
656 2514 744 2554 tegit.
758 2534 804 2540 —
816 2514 978 2545 Caeterum

206 2567 319 2601 sponte
329 2559 381 2590 hic
395 2557 551 2589 succurrit
564 2563 660 2588 notus
673 2557 728 2588 ille
746 2557 873 2588 Horatii
889 2557 978 2588 locus

208 2605 274 2639 Od.
295 2604 367 2636 111.
385 2600 439 2634 24.
457 2600 501 2633 30
515 2607 587 2632 cett.
601 2611 685 2642 seqq.
724 2603 838 2632 Clarus
854 2607 977 2641 postge-

207 2651 292 2686 aitis,
309 2653 477 2689 quatenus,
488 2648 554 2677 lieu
567 2646 667 2686 nesus,
687 2646 841 2688 Virlugem
855 2646 977 2675 incolu-

206 2704 292 2728 mem
313 2693 441 2723 odimus.
465 2691 625 2721 Sublatam
646 2699 682 2719 ez·
695 2689 791 2719 oculis
805 2689 977 2728 quoerimus

207 2737 317 2768 invidi.
407 2736 458 2766 Sic
465 2734 584 2776 fautor
597 2737 746 2768 veterum,
761 2730 906 2770 populus,
922 2731 978 2772 qui

210 2785 335 2811 vetusta
345 2777 430 2811 'tami
446 2777 592 2813 aestimat,
663 2781 701 2807 ut
715 2776 839 2806 tabulas
848 2785 978 2815 peccare

209 2828 355 2859 vetantes,
370 2820 541 2852 duodecim
554 2819 664 2861 legum
679 2817 811 2855 abulaz,
893 2820 979 2853 Quas

210 2868 255 2898 bis
284 2878 338 2908 qu·
369 2866 428 2897 viri
455 2868 638 2900 sam-erunt,
668 2861 919 2902 conscripserunt
947 2867 981 2892 et

211 2911 355 2948 probatas
378 2919 398 2940 a
423 2907 542 2949 populo
566 2912 689 2943 sanem
708 2915 781 2951 esse⁴
793 2905 976 2947 jusserunt;

1012 1426 1077 1457 vid.
1098 1425 1169 1457 Liv.
1190 1425 1262 1457 111.
1281 1425 1334 1457 34«.
1352 1431 1385 1455 et
1407 1424 1543 1466 Dionys.
1562 1425 1641 1457 Hal.
1662 1426 1707 1458 Χ.
1724 1425 1780 1458 57.

1013 1469 1067 1500 58.
1092 1470 1131 1500 Τ.
1159 1470 1221 1500 IV.
1247 1480 1277 1509 p.
1303 1467 1531 1500 2142—2149.
1557 1470 1632 1500 edit.
1659 1473 1777 1502 Βότω.

1012 1514 1181 1554 —soedera
1207 1524 1326 1553 regum.
1351 1524 1371 1543 a
1396 1513 1537 1544 Romulo
1557 1513 1685 1554 quidem
1707 1524 1783 1545 cnm

1019 1557 1151 1592 Sabinis,
1176 1557 1246 1587 Liv.
1272 1557 1300 1587 Ι.
1325 1556 1374 1588 13.
1399 1567 1419 1587 a
1443 1557 1491 1588 Ta
1530 1556 1618 1588 uinio
1642 1557 1785 1597 Superbo

1016 1609 1090 1631 cum
1110 1600 1222 1631 Gabiis
1234 1600 1328 1636 facta,
1346 1601 1418 1632 Liv.
1440 1567 1542 1631 Ina·-

1060 1654 1089 1674 v.
1107 1642 1161 1681 25,
1178 1643 1232 1674 26.
1257 1655 1344 1681 cum,
1358 1652 1425 1675 tam
1439 1643 1482 1675 nd
1500 1645 1614 1679 Gabiis,
1629 1654 1726 1685 quam
1741 1644 1783 1675 nd

1016 1688 1140 1719 Sabinis
1181 1687 1395 1719 referendum.
1485 1689 1592 1720 Sabini
1633 1695 1786 1719 vocantur

1014 1732 1118 1770 rigidi,
1145 1740 1210 1761 non
1236 1737 1371 1767 tantum,
1393 1730 1469 1772 quia
1490 1740 1597 1762 severa
1617 1729 1784 1768 disciplina

1015 1773 1101 1812 apud
1123 1783 1177 1804 eos
1202 1773 1337 1814 vigebat,
1363 1774 1420 1815 (cf.
1446 1785 1542 1814 supra
1566 1773 1630 1805 od.
1656 1773 1730 1805 111.
1746 1771 1781 1806 ὃ.

1015 1815 1059 1848 37
1081 1827 1165 1858 seqq.
1184 1823 1216 1848 et
1233 1817 1338 1857 Epod.
1356 1816 1389 1848 2.
1406 1815 1480 1855 41.)
1503 1816 1559 1850 sed
1580 1817 1686 1855 etiam,
1707 1819 1784 1859 quin
1831 1825 1836 1828 ’

1015 1861 1113 1891 fortes
1127 1868 1159 1891 et
1174 1860 1313 1891 bellicosi
1328 1868 1427 1892 eraut.
1461 1860 1514 1892 Sic
1526 1860 1612 1901 apud
1629 1860 1784 1893 Ovidium

1014 1905 1136 1944 rigidus
1158 1906 1259 1939 Mars,
1286 1906 1407 1946 rigidus
1428 1906 1488 1942 leo,
1509 1907 1618 1946 rigide
1630 1905 1726 1947 sere.
1739 1922 1786 1930 -—

1015 1954 1153 1989 oequata,
1170 1948 1293 1989 juncta,
1321 1948 1371 1979 vel
1394 1947 1482 1985 inita,
1505 1948 1578 1979 latis
1597 1949 1638 1979 ab
1652 1954 1787 1990 utraque

1016 1998 1105 2030 parte
1134 1991 1233 2033 aequis
1261 1991 1505 2023 conditionibus.
1595 1993 1786 2036 Pontificum

1016 2036 1115 2072 libros,
1141 2034 1282 2075 apposite
1302 2035 1336 2066 in
1357 2036 1440 2067 hauc
1460 2045 1528 2067 rem
1549 2035 1672 2067 facium
1691 2036 1786 2067 verba

1021 2078 1184 2110 Ciceronis
1197 2079 1237 2110 de
1255 2078 1344 2110 Orat.
1361 2079 1413 2110 ΙΙ.
1434 2077 1484 2110 12.
1509 2080 1560 2110 Ab
1573 2080 1661 2111 initio
1675 2090 1786 2111 rerum

1020 2125 1243 2154 Romanarum
1264 2134 1363 2165 usque
1376 2125 1419 2154 ad
1433 2126 1474 2155 P.
1492 2124 1642 2154 Mucium
1655 2133 1704 2154 res
1719 2133 1787 2154 om-

1018 2177 1074 2197 nes
1088 2168 1284 2207 singulorum
1306 2178 1465 2198 annorum
1485 2167 1652 2198 mandabat
1665 2167 1785 2204 litteris,

1019 2210 1227 2252 rqferebatque
1242 2211 1277 2242 in
1294 2211 1413 2247 album,
1434 2217 1464 2241 ec
1481 2210 1672 2251 proponebat
1693 2211 1784 2240 tabu-

1019 2254 1084 2285 lam
1110 2255 1201 2291 domi,
1222 2259 1354 2294 potestas
1374 2259 1413 2285 ut
1433 2260 1507 2285 esset
1524 2254 1635 2294 populo
1661 2263 1787 2293 cognos-

1019 2298 1117 2334 cendi,
1143 2299 1236 2338 hiqtoe
1257 2298 1352 2328 eliam
1373 2308 1462 2329 nunc
1487 2297 1628 2328 Annales
1653 2297 1787 2328 Maximi

1017 2342 1244 2373 nominantur:
1301 2351 1423 2372 anmsa
1438 2341 1494 2371 vol.
1511 2345 1630 2377 vatum,
1646 2339 1786 2371 carmina

1020 2383 1173 2424 Sibyllina
1187 2390 1219 2415 et
1232 2383 1295 2414 alin
1308 2383 1482 2424 antiquitus
1494 2393 1515 2414 a
1528 2381 1652 2413 vatibus
1665 2382 1760 2414 edita.

1061 2437 1091 2458 v.
1122 2426 1176 2458 27.
1209 2428 1341 2459 Diceieet
1366 2428 1488 2458 Albano
1509 2431 1597 2462 cett,
1620 2426 1655 2456 iu
1675 2433 1786 2458 monte

1023 2471 1150 2502 Albano
1165 2481 1204 2501 ex
1223 2470 1293 2510 ipso
1316 2470 1486 2501 Musarum
1506 2479 1562 2500 ore
1575 2468 1704 2500 fluxisse
1718 2469 1784 2501 dic-

1019 2515 1109 2552 titet3
1131 2524 1187 2554 per
1201 2516 1314 2546 Musas
1340 2513 1494 2544 Horatius
1514 2513 1685 2552 respexisse
1697 2513 1785 2544 vide·

1019 2565 1073 2588 tur
1099 2557 1281 2597 Nympham
1312 2556 1474 2598 Egeriam,
1503 2566 1643 2597 quacum
1673 2557 1787 2588 Numa

1021 2601 1208 2640 Pompilius,
1224 2607 1262 2632 ut
1274 2599 1470 2631 miraculosis
1488 2599 1676 2630 commentis
1690 2599 1786 2631 fidem

1018 2644 1144 2681 faceret,
1174 2643 1232 2676 sibi
1259 2643 1293 2674 in
1322 2650 1431 2674 monte
1464 2643 1591 2674 Albano
1615 2649 1789 2679 nocturnos

1019 2686 1570 2771 ffiaffiffifizffiJQZQ’Jsss
1591 2686 1720 2771 Ἐξὲὶ.
1732 2685 1786 2761 ¹31

1022 2775 1192 2806 Musarum
1209 2775 1303 2807 choro
1318 2781 1350 2804 et
1364 2773 1521 2805 consortio
1534 2773 1632 2804 fuisse
1644 2773 1762 2805 dicitur
1772 2786 1788 2811 ς

1021 2818 1083 2849 vid.
1103 2818 1238 2858 Dionys.
1259 2817 1338 2848 Hal.
1358 2817 1408 2848 11.
1423 2817 1478 2849 60.
1498 2817 1593 2848 Tom.
1612 2817 1642 2852 Ι,
1659 2827 1691 2858 p.
1708 2815 1785 2849 364.

1022 2861 1097 2894 edit.
1115 2862 1232 2893 Reislee.

1066 2915 1094 2936 v.
1111 2902 1251 2938 28-31.
1270 2906 1303 2938 Si
1317 2906 1390 2947 quia
1411 2905 1593 2940 Graecorum
1607 2909 1679 2937 cett.
1698 2904 1785 2949 ,Scu-
