1904 3250
183 159 269 198 456

824 156 1136 201 HORATII

1596 163 1708 213 [Lina
1724 175 1761 205 τι.

217 286 269 325 15
303 282 380 325 Me
400 284 602 341 pinguem
623 290 665 324 et
684 281 868 323 nitidum
886 282 996 324 bene
1017 290 1163 324 curata
1181 291 1277 327 cute
1296 286 1417 337 vises,

303 356 413 398 Cum
434 355 572 397 ridere
593 353 723 405 voles,
747 353 926 409 Epicuri
944 354 999 396 de
1019 369 1150 412 grege
1169 370 1359 412 porcum.

719 570 1122 615 EPISTOLA
1170 572 1222 614 V.

758 698 828 729 AD
853 698 1183 757 TopQUATUM.

295 816 343 857 S1
365 822 486 870 potes
508 815 730 858 Archiacis
751 817 929 859 conviva
947 817 1195 860 recumbere
1214 817 1347 869 lectis,

293 887 385 929 Nec
405 887 574 930 modica
593 903 762 931 coenare
783 889 905 931 times
927 889 1021 931 olus
1042 904 1169 932 omne
1188 890 1367 946 patella;

292 961 502 1016 Supremo
522 969 564 1003 te
585 961 673 1004 sole
693 961 823 1013 domi,
848 962 1081 1020 Torquate,
1103 956 1297 1005 manebo.

290 1032 402 1073 Vina
423 1033 540 1074 bibes
564 1034 719 1076 iterum
741 1032 890 1076 Tauro
911 1034 1067 1077 diffusa
1085 1035 1297 1091 palustres

232 1108 258 1146 5
291 1105 408 1146 Inter
431 1104 677 1162 Minturnas
701 1107 1089 1165 Sinuessanumque
1112 1108 1346 1150 Petrinum.

291 1174 366 1217 Sin
386 1160 537 1216 melius
559 1175 665 1232 quid
685 1175 832 1227 habes,
855 1191 1035 1228 arcesse,
1058 1177 1158 1219 vel
1147 1178 1374 1235 imperium
1393 1177 1470 1220 fer.

280 1246 542 1288 Jamdudum
562 1247 757 1304 splendet
775 1248 907 1300 focus,
929 1257 973 1291 et
992 1249 1070 1291 tibi
1089 1249 1251 1292 munda
1270 1249 1506 1306 suppellex.

287 1315 415 1358 Mitte
436 1316 548 1359 leves
570 1332 679 1373 speS‚
701 1325 745 1359 et
765 1319 997 1360 certamina
1015 1318 1270 1370 divitiarum,

165 1456 248 1484 mus,
270 1445 356 1487 quod
378 1452 492 1487 praeter
511 1456 601 1487 spem
625 1447 740 1486 evenit,
767 1447 857 1479 lucro
878 1459 935 1488 ap-

163 1500 258 1530 pone.

209 1543 240 1564 v.
260 1532 310 1564 15.
330 1535 496 1575 pinguem,
519 1535 661 1572 obesum,
684 1534 874 1576 saginatum.
892 1552 935 1561 -

165 1578 317 1615 nitidum,
333 1577 418 1608 obesi
440 1577 527 1608 enim
541 1587 605 1614 ore,
621 1587 750 1618 corpore
763 1580 875 1617 nitent,
890 1578 933 1609 cf.

165 1631 259 1660 supra
273 1620 314 1652 ad
331 1620 395 1652 Sat.
416 1620 466 1651 II.
486 1620 517 1651 2.
537 1619 610 1652 128.

209 1674 237 1695 v.
258 1662 309 1695 16.
337 1667 418 1696 Cum
439 1665 541 1696 ridere
561 1667 649 1703 voles,
666 1675 740 1696 cum
755 1665 861 1696 offerri
877 1665 935 1697 tibi

165 1707 273 1747 cupies
301 1707 450 1749 aliquem,
481 1707 539 1749 qui
561 1708 618 1739 tibi
645 1707 770 1740 ridendi
799 1710 937 1749 praebeat

165 1751 338 1782 materiem.
415 1753 550 1793 Epicuri
563 1754 601 1783 de
613 1763 706 1793 grege
715 1764 860 1793 porcum,
876 1753 937 1784 hoc

130 1816 133 1817 ν
163 1794 245 1826 refer
258 1805 316 1835 per
329 1795 556 1835 appositionem
578 1795 619 1826 ad
633 1798 788 1836 pinguem
809 1803 839 1828 et
860 1797 934 1828 nici-

164 1841 240 1870 dum
252 1854 264 1876 ,·
289 1838 442 1878 Epicurei
467 1838 596 1876 scilicet,
618 1838 675 1880 qui
696 1849 856 1870 summam
883 1849 937 1869 vo-

162 1882 318 1922 luptatem
332 1882 367 1912 iu
382 1892 511 1922 corpore
532 1881 721 1913 lautioribus
742 1889 774 1914 et
795 1881 938 1924 largiori-

163 1926 224 1956 bus
263 1925 339 1957 cibis
378 1925 519 1956 curando
547 1927 718 1966 ponebant,
749 1925 936 1957 contemtim

163 1971 297 2010 Epicuri
325 1972 364 2001 de
389 1980 483 2010 grege
505 1971 597 2010 porci
617 1971 832 2008 vocabantur3
860 1970 937 2000 hinc

165 2012 278 2044 Cicero
293 2012 333 2044 L.
354 2012 504 2044 Pisonem
521 2012 570 2055 (in
583 2019 662 2044 orat.
680 2012 715 2043 in
732 2012 797 2044 Pis.
816 2023 844 2044 c.
866 2011 915 2044 16
922 2013 935 2051 )

161 2056 324 2087 hominem
346 2056 558 2093 luxuriosum,
584 2056 794 2096 Epicureum,
816 2068 882 2088 non
902 2068 938 2088 ezr

162 2101 274 2138 schola,
291 2103 344 2132 sed
358 2112 393 2131 ez·
406 2102 486 2131 hara
503 2101 686 2142 (porcorum
701 2099 842 2142 stabulo)
860 2112 935 2142 pro

162 2145 294 2176 ductum
309 2143 456 2184 appellat.

393 2229 640 2262 EPISTOLA
664 2231 705 2262 V.

393 2319 449 2349 An
465 2318 689 2353 'renouatum-

208 2405 307 2437 Poeta
345 2405 486 2436 amicum
514 2415 619 2442 suum,
652 2405 862 2446 Torquatum,
891 2405 931 2437 ad

160 2450 272 2481 laetum
311 2448 501 2484 convivium,
531 2458 596 2489 quo
625 2450 762 2480 natalem
798 2449 932 2481 Caesaris

160 2493 374 2525 celebraturus
393 2498 469 2528 erat,
492 2491 688 2523 familiariter
707 2492 827 2524 invitat.
878 2493 931 2524 De

166 2539 325 2578 Torquato
339 2535 380 2566 cf.
399 2545 495 2575 supra
511 2535 591 2576 Arg.
611 2535 652 2566 ad
669 2535 733 2567 Od.
755 2536 819 2568 1V.
836 2536 867 2567 7.

203 2591 233 2610 v.
255 2579 349 2611 1-3.
375 2581 409 2611 Si
418 2585 515 2620 potes,
530 2579 556 2610 si
571 2585 660 2617 potes
674 2590 694 2610 a
707 2585 739 2610 te
761 2579 929 2620 impetrare

159 2624 231 2661 hoc,
248 2630 285 2655 ut
297 2642 342 2648 —
354 2624 530 2660 recumbas,
548 2622 641 2664 virg·
670 2623 747 2653 AEn.
766 2623 834 2654 XI.
854 2622 930 2654 307.

159 2669 231 2700 Nec
245 2669 318 2699 victi
329 2673 459 2708 possunt
473 2668 616 2698 absistere
622 2667 726 2708 serra,
739 2676 799 2697 nec
814 2667 896 2703 victi,
914 2678 933 2697 a

160 2722 194 2742 se
214 2711 382 2751 impetrare
396 2715 537 2750 possunt,
553 2715 591 2740 ut
612 2709 760 2740 absistant
781 2710 933 2741 ferro.—

161 2757 245 2787 lectis
261 2756 438 2793 Archiacis,
460 2753 550 2785 lectis
569 2752 772 2790 brevioribus,
803 2763 822 2783 a
843 2753 932 2785 fabro

162 2798 281 2830 Archia
295 2798 476 2835 contextis;
500 2796 644 2838 designat
665 2796 763 2827 lectos
777 2796 930 2837 vulgares,

977 1459 1070 1480 versu
1091 1455 1242 1491 sequente
1266 1449 1464 1490 Torquatum
1485 1447 1572 1489 apud
1593 1458 1627 1479 se
1648 1458 1752 1479 coena-

979 1499 1089 1523 turum
1112 1502 1180 1523 esse
1201 1492 1245 1523 ait
1264 1494 1378 1532 patella
1394 1494 1525 1529 modica,
1540 1491 1674 1523 modicae
1687 1492 1752 1522 for-

979 1545 1052 1572 mae,
1074 1542 1113 1566 ut
1133 1546 1228 1575 supra
1252 1534 1511 1567 od.1.20.1.
1543 1537 1656 1567 modici
1675 1547 1750 1567 can-

979 1580 1072 1610 thari.
1143 1581 1234 1610 times
1255 1589 1314 1619 pro
1338 1578 1481 1620 vulgari.
1518 1588 1663 1617 recusas3
1695 1579 1752 1620 qui

980 1623 1089 1654 cibum
1103 1622 1241 1673 aliquem
1263 1622 1323 1653 sibi
1347 1622 1510 1666 ingratum
1531 1627 1701 1659 aversatur,
1723 1622 1751 1653 is

974 1666 1100 1716 jocose
1111 1676 1187 1697 eum
1212 1667 1321 1697 timere
1346 1659 1470 1697 dicitu'r.
1557 1667 1626 1697 olus
1646 1677 1750 1704 omne,

979 1708 1118 1750 cujusvis
1139 1710 1272 1750 generis.
1359 1711 1510 1750 Supremo
1530 1711 1602 1745 sole,
1623 1709 1690 1741 nole
1709 1710 1751 1741 ad

980 1762 1128 1784 occasum
1157 1759 1316 1795 vergente,
1343 1758 1484 1784 exuema
1506 1751 1572 1783 diei
1596 1758 1693 1793 parte.
1706 1770 1751 1781 -

979 1797 1120 1832 manebo,
1136 1796 1290 1836 opperiar.

1024 1850 1054 1871 v.
1072 1838 1104 1871 4.
1129 1841 1246 1871 iterum
1273 1841 1389 1874 Ταιινο,
1413 1839 1480 1871 scil.
1497 1838 1648 1878 consulu
1671 1839 1754 1871 inci.

981 1882 1029 1914 dit
1057 1882 1217 1914 secundus
1245 1882 1428 1914 consulatus
1450 1882 1551 1914 Tauri
1575 1882 1610 1913 in
1629 1893 1750 1915 annum

981 1927 1025 1958 U.
1046 1927 1084 1958 C.
1103 1926 1192 1964 727„
1210 1926 1297 1958 unde
1319 1927 1482 1959 Bemleiur
1502 1927 1662 1966 temporis,
1684 1937 1751 1968 quo

979 1971 1047 2002 haec
1067 1970 1199 2011 epistola
1219 1970 1335 2010 scripta
1355 1970 1406 2008 sit,
1419 1969 1541 2001 ratione
1554 1970 1669 2009 habita,
1684 1971 1750 2002 dic-

979 2020 1051 2045 tum
1065 2014 1176 2045 vinum
1191 2024 1246 2047 sex
1258 2013 1360 2045 ferme
1379 2013 1430 2045 vel
1450 2020 1570 2064 septem
1591 2023 1750 2046 annorum

979 2056 1076 2088 fuisse
1104 2057 1210 2089 efficit.
1308 2058 1437 2107 difflua,
1466 2057 1588 2094 vinum,
1617 2057 1704 2099 quod
1722 2061 1751 2090 'e

979 2101 1092 2142 majori
1112 2112 1185 2132 vase
1198 2101 1232 2132 in
1246 2100 1340 2141 plura
1359 2100 1484 2132 minora
1506 2100 1748 2139 transfimdittm

980 2146 1131 2194 dffundi,
1157 2144 1243 2186 quod
1269 2154 1344 2175 vero
1365 2155 1407 2175 ex
1427 2143 1544 2176 dolio
1534 2154 1570 2176 m
1582 2145 1748 2184 amphoras

978 2188 1211 2224 transmittitur,
1226 2189 1360 2230 defundi
1373 2187 1499 2219 dicitur.

1021 2242 1049 2262 v.
1068 2231 1100 2263 5.
1126 2234 1326 2269 Minturnas,
1353 2231 1579 2262 Auruncorum
1592 2230 1746 2271 oppidum

977 2275 1018 2306 ad
1039 2275 1119 2307 fines
1142 2276 1228 2307 Latii
1249 2282 1282 2306 et
1306 2274 1489 2315 Campaniae
1517 2274 1636 2312 situm3
1682 2277 1745 2307 Pe-

977 2320 1112 2355 trinum,
1128 2319 1233 2350 vicum
1249 2319 1284 2349 in
1298 2327 1376 2360 agro
1392 2317 1592 2356 Sinuessano,
1609 2318 1744 2359 Campa-

975 2372 1038 2393 mae
1052 2372 1202 2394 vicmum.

1009 2416 1037 2437 v.
1054 2406 1087 2437 6.
1107 2408 1163 2438 Sin
1183 2407 1296 2438 melius
1314 2405 1392 2447 quid
1412 2406 1514 2441 haber,
1530 2403 1580 2435 sin
1594 2411 1630 2436 tu
1644 2406 1740 2437 habes

974 2449 1105 2481 meliora
1135 2449 1184 2487 iis,
1214 2459 1286 2490 quae
1315 2448 1403 2487 dixi;
1427 2465 1467 2473 —
1495 2447 1639 2490 intellige
1676 2459 1741 2480 non

974 2493 1084 2524 vinum
1116 2492 1337 2524 tantummodo
1364 2498 1656 2529 commemoratum,
1686 2492 1742 2524 sed

972 2536 1068 2568 etiam
1083 2548 1174 2569 omne
1187 2538 1262 2568 olus.
1330 2546 1456 2572 arcesse,
1471 2545 1511 2566 ea
1523 2534 1626 2566 afferri
1637 2536 1739 2578 jube3

971 2581 1016 2611 sic
1037 2590 1133 2620 supra
1156 2579 1311 2611 Horatius
1331 2579 1396 2611 od.
1410 2578 1474 2610 lv.
1495 2577 1545 2609 12.
1566 2577 1617 2610 16.
1666 2579 1742 2610 vir.

975 2624 1089 2665 gilium
1117 2622 1158 2654 ad
1186 2623 1293 2654 laetam
1327 2621 1592 2663 computationem
1631 2623 1743 2655 afferre

971 2668 1064 2708 jubet
1083 2669 1231 2698 nardum.
1277 2667 1366 2703 Sunt,
1389 2666 1444 2707 qui
1466 2666 1505 2697 ad
1527 2677 1645 2698 arcesse
1665 2676 1741 2707 sup-

975 2710 1102 2750 pleant:
1128 2722 1189 2747 me,
1213 2716 1250 2741 ut
1274 2710 1334 2741 sit.
1370 2720 1424 2740 me
1445 2709 1487 2740 ad
1510 2715 1543 2741 te
1564 2720 1662 2748 νοτες
1685 2710 1741 2742 sed

975 2754 1035 2785 boe
1060 2754 1139 2784 mihi
1162 2753 1303 2784 alienum
1328 2752 1451 2784 videtur
1471 2754 1511 2785 ab
1535 2733 1665 2785 Horatii
1685 2762 1740 2785 ur-

974 2797 1112 2828 banitate
1139 2803 1234 2838 atque
1261 2797 1408 2838 ingeni03
1498 2799 1543 2828 vel
1569 2798 1739 2839 imperium

158 2843 275 2882 quibus
289 2821 492 2873 conficiendis
505 2847 575 2872 tum
590 2847 684 2872 notus
697 2839 795 2871 fuisse
809 2840 933 2871 videtur
962 2842 1030 2883 ser,
1061 2840 1120 2876 vel,
1150 2839 1237 2882 quod
1264 2851 1326 2882 ego
1353 2839 1469 2881 apponi
1489 2841 1624 2883 jussero,
1646 2851 1739 2883 aquo

160 2884 247 2915 faber
287 2885 416 2926 quidam
460 2884 614 2923 Arciam
654 2883 809 2915 Horatius
845 2883 931 2915 enim

161 2927 361 2969 Torquatum
397 2938 463 2959 non
491 2927 533 2960 ad
561 2927 773 2968 splendidum,
803 2927 858 2958 sed
887 2927 929 2958 ad

155 2976 254 3002 tenue
275 2978 308 3004 et
332 2972 495 3005 modicum
517 2971 698 3004 convivium
720 2977 830 3010 vocat;
852 2970 928 3003 hinc

973 2884 1080 2915 animo
1093 2883 1208 2924 accipe.

1017 2938 1045 2959 v.
1063 2926 1095 2959 7.
1112 2930 1310 2961 Jamdudum
1324 2929 1461 2968 splendet
1470 2944 1482 2966 ,-
1506 2928 1594 2960 hunc
1613 2937 1737 2959 versum

972 2972 1040 3003 Fea
1069 2971 1166 3003 unius
1193 2970 1264 3003 libri
1292 2971 1477 3004 auctoritate
1504 2978 1578 3004 ante
1608 2981 1738 3004 venum
