1904 3250
221 185 305 224 300

850 181 1153 226 HORATII

1627 189 1736 239 [Lm.
1758 199 1789 227 1.

339 307 459 349 Solos
479 307 620 349 felices
640 307 824 348 viventes
845 307 998 349 clamat
1016 309 1061 349 in
1080 309 1198 351 urbe.

339 376 492 419 Cetera
510 376 565 418 de
583 390 738 433 genere
758 375 853 427 hoc,
876 376 983 418 adeo
1004 385 1102 419 sunt
1120 378 1264 430 multa,
1286 379 1503 440 loquacem

336 445 563 487 Delassare
582 445 723 486 valent
745 444 948 487 Fabium:
979 462 1033 488 ne
1053 455 1094 488 te
1114 462 1267 500 morer,
1289 450 1401 500 audi,

254 518 304 557 15
338 514 438 564 Quo
457 530 548 556 rem
568 514 801 565 deducam3
833 516 868 556 si
889 516 982 573 quis
1004 516 1139 568 Deus,
1164 517 1231 559 En
1252 534 1345 576 ege,
1367 520 1492 572 dicat,

335 586 431 628 Jam
451 584 601 626 faciam
621 585 736 641 quod
757 585 906 627 vultis:
937 587 1019 628 eris
1039 594 1100 638 tu,
1122 588 1195 645 qui
1214 588 1342 641 modo
1362 589 1493 642 miles,

308 650 310 653 ’
337 654 580 696 Mercator:
613 662 659 696 tu
681 656 895 698 consultus
915 656 1044 698 modo
1064 657 1271 699 rusticus:
1302 657 1402 700 hinc
1422 675 1508 710 vos,

335 723 424 764 Vos
444 723 545 765 hinc
564 725 734 766 mutatis
755 724 957 772 discedite
976 721 1179 781 partibus,
1202 727 1292 776 eia3

337 791 455 841 Quid
476 793 615 834 statis.
604 791 624 824 Ῥ
655 793 816 835 Nolint.
870 794 1002 851 Atqui
1021 794 1120 836 licet
1138 810 1229 836 esse
1249 795 1393 837 beatis.

248 869 303 906 20
336 865 454 915 Quid
477 881 614 908 causae
635 875 710 918 est,
733 868 883 909 merito
904 868 1006 924 quin
1026 867 1108 908 illis
1128 866 1295 923 Jupiter
1315 869 1458 910 ambas

336 935 474 977 Iratus
495 936 648 977 buccas
669 937 798 987 inflet,
820 952 958 993 neque
979 952 1022 978 se
1044 937 1133 978 fore
1153 937 1329 993 posthac

337 1006 447 1048 Tam
467 1007 631 1049 facilem
652 1008 776 1059 dicat,
800 1010 907 1050 votis
927 1018 975 1050 ut
994 1010 1183 1065 praebeat
1203 1009 1382 1051 aurem?

338 1076 563 1128 Praeterea,
586 1094 639 1120 ne
661 1079 733 1129 sic,
756 1088 804 1120 ut
824 1080 896 1136 qui
911 1080 1130 1136 jocularia,
1154 1080 1294 1122 ridens

338 1147 602 1199 Percurram,
626 1164 882 1206 quamquam
901 1149 1110 1191 ridentem
1131 1149 1271 1191 dicere
1293 1165 1438 1191 verum

249 1221 304 1259 25
337 1218 455 1267 Quid
476 1217 618 1260 vetat?
648 1227 695 1260 ut
714 1220 855 1275 pueris
876 1219 977 1261 olim
998 1219 1101 1261 dant
1121 1219 1308 1261 crustula
1326 1219 1472 1262 blandi

335 1291 560 1342 Doctores,
583 1292 790 1334 elementa
809 1292 939 1334 velint
959 1302 1005 1334 ut
1025 1292 1185 1334 discere
1206 1293 1355 1348 prima,

338 1365 423 1407 Sed
444 1373 582 1407 tamen
603 1374 744 1407 amoto
765 1381 1003 1422 quaeramus
1025 1367 1133 1408 seria
1152 1366 1266 1407 ludo.

339 1438 430 1489 Ille,
452 1454 625 1496 gravem
645 1439 754 1480 duro
774 1446 931 1480 terram
953 1439 1024 1495 qui
1045 1440 1170 1480 vertit
1189 1448 1343 1489 aratro,

217 1581 310 1611 batur
323 1585 495 1616 accusator,
509 1579 641 1610 debebat
654 1579 835 1618 promittere
846 1579 985 1610 vadimo-

218 1624 318 1660 nium,
334 1623 365 1653 h.
385 1634 412 1654 0.
430 1626 520 1654 vades
535 1622 682 1665 (obsides,
705 1622 883 1663 sponsores)
898 1626 985 1660 dare,

217 1667 273 1707 qui
287 1666 483 1706 praesentiam
498 1667 531 1696 in
542 1667 597 1708 jus
611 1666 710 1697 vocati
724 1677 783 1697 sua
797 1666 859 1697 fide
874 1672 905 1697 et
926 1677 985 1697 suo

215 1710 357 1750 periculo
384 1717 586 1749 praestarent3
612 1712 703 1742 vades
726 1720 791 1741 non
817 1710 851 1740 in
875 1710 987 1750 capitis

217 1760 343 1783 tautum
357 1755 468 1790 causis,
484 1754 550 1791 sed,
566 1764 656 1794 aeque
670 1764 707 1784 ac
718 1756 847 1794 praedes,
862 1753 897 1784 iu
912 1764 986 1784 cau-

218 1797 260 1827 sis
273 1806 400 1838 quoque
415 1797 551 1837 privatis,
566 1797 615 1828 uti
638 1798 699 1828 hoc
720 1797 810 1836 loco;
833 1796 896 1828 vid.
920 1798 986 1829 Er-

218 1847 295 1872 nesc.
314 1839 347 1869 in
366 1840 453 1872 Clav.
470 1840 536 1872 Cic.
553 1851 578 1871 s.
597 1851 626 1871 v.
643 1851 707 1872 vus.

261 1894 290 1914 v.
313 1882 362 1914 13.
394 1886 501 1916 Cetera
524 1886 562 1915 de
579 1889 698 1924 genere
706 1886 772 1922 hoc,
794 1880 985 1924 principium

217 1937 325 1958 versus
341 1927 523 1958 Lucretiani
539 1928 601 1958 IV.
619 1926 695 1958 594.

262 1981 291 2001 v.
320 1969 370 2001 14.
397 1973 546 2008 Fabium,
573 1971 755 2013 quicunque
780 1971 910 2002 demum
933 1970 987 2003 ille

220 2014 326 2052 suerit,
343 2014 406 2045 sive
420 2015 636 2054 philosophus,
652 2015 717 2046 sive
732 2013 986 2056 jurisconsultus,

219 2065 313 2098 poeta
322 2058 388 2099 jam
404 2068 478 2089 eum
489 2065 527 2089 ut
537 2058 698 2089 hominem
709 2059 874 2100 loquacem
887 2058 986 2097 ridet;

221 2101 307 2132 idem
321 2101 451 2132 fortasse
464 2101 537 2138 fuit,
554 2101 594 2132 de
609 2112 673 2143 quo
687 2104 745 2134 sub
760 2101 816 2132 fin.
837 2099 916 2133 Sat.
919 2113 984 2143 seq.

220 2146 317 2176 Fabio
331 2147 378 2176 vel
381 2146 493 2185 ιφιιάιεε
507 2147 644 2177 vincam.
705 2158 746 2178 ne
757 2152 787 2177 te
801 2158 903 2178 morer
915 2153 986 2177 cett.

213 2199 261 2225 ,ne
275 2195 307 2220 te
320 2187 443 2219 diutius
462 2189 631 2227 detineam,
652 2189 738 2224 audi,
760 2199 825 2231 quo
846 2190 984 2227 tendam,

210 2242 336 2272 vnempe
363 2232 404 2263 ad
432 2232 531 2263 deseri
533 2232 674 2263 bendum
695 2234 873 2269 hominum,
902 2243 986 2264 nun

220 2286 315 2317 quam
331 2283 414 2306 sorte
427 2285 484 2306 sua
498 2282 730 2314 contentorum,
750 2276 927 2318 ingenium.

264 2330 293 2350 v.
324 2317 374 2350 16.
403 2321 478 2352 Jam
489 2320 618 2361 faciam
633 2330 674 2351 50.
693 2330 733 2351 ex
747 2320 835 2351 vobis
847 2320 892 2358 id,
907 2323 988 2362 quod

220 2373 287 2395 esse
300 2364 402 2395 vultis.

265 2417 294 2437 v.
316 2403 366 2437 18.
384 2408 511 2438 mutatis
522 2408 666 2447 partibus
680 2417 722 2438 sc.
740 2417 819 2448 quas
833 2407 962 2439 adhuc'
953 2418 987 2439 ιιι

220 2449 286 2481 vita
298 2449 414 2496 egistis,
429 2459 486 2492 pro
501 2450 639 2492 vulgari:
658 2457 780 2482 mutata
794 2450 865 2482 vitae
879 2451 988 2482 condi-

219 2493 316 2525 tione.

264 2548 295 2569 v.
315 2536 367 2570 19.
382 2538 506 2574 Nolim,
528 2536 674 2577 equidem
694 2537 886 2577 praetulerim
909 2537 986 2568 alte-

221 2591 289 2612 ram
302 2580 488 2613 lectionem·
514 2582 659 2618 Nolum‚-
675 2580 774 2612 oratio
785 2582 919 2615 cohaeret
928 2582 986 2611 sic.

222 2625 247 2656 si
262 2625 334 2670 quis
347 2622 427 2656 deus
439 2623 480 2655 ad
493 2623 646 2662 homiues,
659 2624 715 2664 qui
724 2623 845 2654 diversa
855 2634 987 2664 sequen-

222 2674 269 2699 tes
282 2666 422 2703 laudant.
441 2665 541 2699 dicat:
566 2667 712 2704 accedite,
740 2677 801 2707 ego
814 2667 917 2698 statim
934 2677 987 2698 vos

221 2712 376 2743 mutabo
365 2722 400 2742 ιιι
422 2721 484 2747 eos,
503 2709 539 2741 in
552 2721 632 2752 quos
645 2711 761 2741 mutari
775 2710 908 2749 cupitis;
931 2721 986 2741 ex-

222 2761 326 2795 pectat
340 2753 497 2796 paulisper
509 2753 596 2792 deus,
612 2753 696 2785 sed''
675 2764 699 2784 ιι
709 2753 856 2785 accedere
870 2760 901 2784 et
914 2764 987 2785 ιιιιιρ

223 2799 283 2832 tari
295 2802 418 2831 nolunt.
493 2800 562 2840 licet
575 2809 638 2830 esse
652 2798 756 2834 beatis,
782 2797 892 2827 Graece
907 2807 981 2837 pro:

221 2843 296 2874 licet
308 2843 347 2873 iis
361 2854 427 2874 esse
447 2843 573 2880 beatos;
596 2842 641 2872 sic
665 2841 727 2872 Sat.
751 2841 779 2871 l.
797 2839 829 2877 2,
843 2839 897 2871 51.
915 2853 986 2872 mu-

223 2888 314 2927 nfico
329 2898 391 2918 esse
405 2884 492 2923 licet,-
518 2885 582 2917 sm.
603 2885 629 2916 1.
649 2882 680 2919 4,
696 2884 748 2916 39.
767 2886 901 2915 dederim
916 2886 984 2925 qui-

223 2931 278 2961 Ims
288 2941 350 2962 esse
356 2932 464 2971 poetis.
484 2930 548 2961 Sat.
560 2929 589 2961 1.
597 2928 629 2966 6,
644 2927 697 2959 25.
702 2930 837 2971 fierique
847 2929 982 2960 tribuno.

226 2972 328 3013 Epist.
350 2974 421 3005 ΙΙΙ.
439 2972 514 3005 372.
533 2974 731 3007 mediocribus
746 2983 807 3004 esse
816 2973 924 3012 poetis.

1070 1590 1101 1610 v.
1119 1579 1171 1610 20.
1191 1581 1274 1616 Quid
1288 1590 1393 1611 causae
1405 1585 1459 1615 est,
1474 1580 1564 1621 quin,
1579 1579 1698 1620 quidni,
1714 1591 1794 1611 non.

1027 1634 1068 1655 ne
1090 1622 1188 1665 igitur
1201 1623 1314 1654 merito
1334 1623 1462 1663 Jupiter
1480 1624 1548 1658 iuis.
1572 1623 1604 1654 h.
1622 1634 1650 1654 e.
1669 1625 1712 1655 ob
1723 1624 1793 1655 illo-

1027 1677 1110 1704 rum,
1120 1666 1216 1697 modo
1229 1666 1348 1707 aliquid
1363 1666 1589 1707 appetentium,
1600 1667 1696 1698 modo
1710 1668 1794 1699 idem

1027 1710 1252 1747 recusantium,
1263 1709 1514 1747 inconstantiam.
1524 1711 1607 1742 amb.
1614 1708 1697 1742 Ims.
1709 1713 1795 1744 buce.

1029 1757 1098 1797 inst.
1114 1753 1171 1795 qui
1184 1755 1231 1784 ira
1251 1754 1467 1790 exardescunt,
1488 1754 1603 1784 buccas
1620 1753 1732 1788 inflare
1745 1765 1794 1785 50-

1030 1797 1116 1836 lent3
1141 1796 1274 1828 ridicule
1296 1797 1395 1839 igitur
1416 1794 1604 1837 exprimitur
1625 1797 1684 1829 1150
1706 1798 1795 1830 lom-

1028 1842 1114 1872 tione
1128 1840 1236 1883 imago
1249 1840 1420 1882 irascentis.

1071 1895 1100 1917 v.
1130 1883 1184 1915 23.
1213 1887 1382 1922 Proeeerea‚
1406 1894 1448 1915 ne
1476 1889 1549 1915 cett.
1574 1889 1725 1922 ceterum,
1754 1895 1796 1916 ne

1028 1938 1117 1960 more
1130 1938 1251 1966 eorum,
1267 1928 1323 1970 qui
1336 1937 1387 1958 res
1407 1926 1544 1959 ludicras
1566 1933 1600 1958 et
1616 1927 1740 1970 jocosas
1753 1938 1795 1958 n-

1029 1971 1135 2003 dendo
1149 1977 1343 2011 percurrunt,
1356 1980 1417 2013 ego
1430 1980 1556 2012 quoque
1569 1971 1652 2025 hanc
1665 1981 1794 2003 rem-se-

1030 2016 1107 2046 riam
1123 2015 1228 2046 ridens
1241 2025 1431 2055 percurram.

1074 2069 1103 2090 v.
1122 2058 1176 2090 25.
1204 2061 1286 2095 olim,
1311 2058 1346 2089 in
1371 2057 1661 2100 comparationibus
1670 2058 1793 2108 ‘passim

1030 2102 1071 2134 de
1085 2104 1188 2140 rebus,
1211 2113 1282 2144 quae
1295 2101 1386 2133 factae
1406 2108 1490 2138 suut,
1511 2108 1544 2132 et
1562 2107 1656 2141 porro
1669 2102 1713 2133 ita
1726 2102 1795 2132 fieri

1030 2146 1150 2184 soleut;
1175 2155 1425 2187 nonuunqumn;
1454 2154 1530 2176 nos·
1555 2146 1642 2182 ε’ίωιι,
1663 2148 1794 2177 manch-

1028 2192 1114 2227 mal,-
1130 2189 1188 2220 inf.
1208 2189 1261 2228 Ep
1264 2189 1310 2221 ist.
1332 2186 1499 2223 1.10.42.
1521 2194 1556 2220 ut
1571 2190 1694 2221 calceus
1707 2190 1791 2220 olim.

1031 2234 1122 2275 Virg.
1152 2199 1362 2263 AEu.pV111.
1391 2230 1454 2263 391
1482 2242 1545 2274 seq.
1602 2234 1682 2264 Non.
1707 2243 1794 2264 secus

1031 2284 1124 2319 atque
1136 2278 1222 2313 olim,
1234 2277 1354 2308 tonitru
1368 2287 1465 2318 quum
1479 2281 1574 2316 rupea
1593 2276 1716 2308 corusco
1738 2277 1795 2317 Ig-

1031 2333 1090 2354 nea
1104 2322 1186 2352 rima
1199 2321 1323 2352 micans
1331 2321 1491 2360 percurrit
1504 2320 1626 2351 lumine
1638 2320 1765 2351 mbos.

1077 2376 1104 2394 ι.
1123 2363 1176 2395 27.
1195 2366 1253 2396 Sed
1267 2370 1393 2401 tamen·
1416 2364 1466 2394 hae
1479 2363 1653 2403 particulae,
1669 2369 1706 2393 ut
1718 2363 1795 2393 sim-

1030 2407 1153 2447 pliciter
1166 2410 1228 2444 sed,
1241 2409 1348 2448 igitur,
1362 2389 1522 2449 eleganter
1534 2413 1605 2446 post
1618 2405 1792 2457 longiorem
1841 2422 1846 2428 «

1030 2452 1229 2491 parenthesin
1264 2451 1470 2490 interruptam
1503 2450 1674 2481 orationem
1710 2451 1794 2480 exci-

1028 2495 1140 2544 piunt3
1167 2494 1313 2534 exempla
1329 2493 1533 2525 Ciceroniana
1556 2492 1645 2524 dedit
1664 2494 1795 2525 Ernesti

1029 2540 1062 2568 in
1082 2538 1169 2569 Clav.
1190 2537 1258 2568 Cic.
1274 2548 1299 2567 s.
1311 2548 1340 2568 v.
1358 2540 1420 2569 sed.
1470 2537 1582 2569 Oratio
1594 2535 1652 2566 sibi
1665 2546 1794 2576 respon-

1029 2581 1083 2611 det
1095 2581 1158 2612 sic:
1175 2587 1324 2618 ceterum,
1337 2591 1379 2611 ne
1391 2580 1553 2612 vide-mur
1565 2579 1700 2610 ridicula
1712 2587 1791 2611 trac-

1029 2631 1095 2655 tare
1109 2624 1199 2660 velle,
1215 2631 1321 2655 amoto
1336 2623 1413 2655 ludo
1425 2633 1602 2665 quaeramus
1614 2624 1702 2654 seria.

1072 2678 1100 2698 v.
1119 2666 1172 2697 28.
1198 2669 1269 2705 Ille,
1288 2679 1416 2706 gravem
1435 2669 1516 2699 duro
1529 2684 1572 2691 --
1587 2672 1704 2704 aratro,
1727 2666 1792 2698 ele—

1030 2721 1109 2752 gans
1122 2710 1286 2749 descriptio
1299 2712 1417 2742 rustici.

1074 2765 1102 2784 V.
1130 2753 1184 2785 29.
1212 2755 1356 2797 Perfidus
1377 2756 1425 2786 hic
1446 2765 1554 2794 caupo,
1575 2753 1688 2793 repetit
1701 2761 1793 2794 poeta

1029 2798 1171 2828 homine·-
1194 2798 1315 2828 diversa
1339 2803 1509 2838 sequentes,
1534 2797 1589 2827 sed
1610 2807 1667 2837 pro
1686 2799 1791 2839 legunt.

1020 2841 1163 2882 jurisque
1179 2841 1298 2880 peritis,
1322 2850 1363 2870 ne
1384 2846 1523 2881 carperet
1542 2847 1575 2871 et
1590 2840 1725 2872 elevaret
1738 2852 1791 2872 eo-

1028 2894 1099 2914 rum
1114 2884 1226 2920 studia,
1242 2883 1289 2914 vel
1307 2884 1382 2924 quia
1405 2884 1466 2915 leti
1482 2894 1545 2915 non
1561 2883 1651 2922 lucri,
1665 2885 1720 2916 sed
1733 2885 1789 2916 ho-

1028 2928 1113 2958 noris
1134 2935 1166 2958 et
1186 2927 1330 2958 utilitatis
1350 2938 1444 2958 causa
1466 2927 1506 2959 de
1526 2928 1598 2969 jure
1622 2929 1788 2968 responde-

1028 2973 1112 3009 bant,
1129 2970 1296 3011 prudenter
1318 2971 1423 3012 posuit
1448 2982 1609 3012 caupones,
1632 2972 1687 3013 qui
1709 2972 1789 3003 lucri

1895 2287 1904 2314 n-
1896 2244 1904 2281 ae„-
