1904 3250
181 147 265 186 258

812 147 1117 190 HORATII

1533 152 1690 200 [CARM.
1711 162 1757 189 v..

299 273 415 324 Quid
437 273 597 316 adtinet
617 281 679 314 tot
698 287 774 313 ora
791 266 971 314 ῃειίνίιιῐῐι
981 274 1098 329 gravi

416 343 615 385 Rostrata
635 343 732 383 duci
752 342 941 398 pondere

300 414 461 478 Contra
480 414 663 455 latrones
684 421 810 469 atque
831 412 1024 454 servilem
1040 426 1211 453 manum

416 484 512 525 Hoc
533 483 614 525 hoc
636 483 806 525 tribuno
826 482 1048 525 militum?
1051 484 1061 501 '

754 698 1082 761 CARMEN
1124 698 1175 739 v.

630 837 685 868 IN
711 838 970 870 CANIDIAM
994 839 1300 870 VENEFICAM.

293 975 375 1025 ΛΤ,
401 975 442 1017 Ο
463 975 657 1017 Deorum
678 977 942 1034 quicquidjn
963 979 1069 1036 caelo
1088 980 1197 1037 regit

410 1046 567 1088 Terras
588 1056 630 1089 et
650 1048 881 1091 humanum
901 1065 1035 1108 genus
1052 1048 1062 1092 !
1097 1059 1099 1061 '

174 1206 269 1237 quam
280 1205 416 1236 magnus
424 1204 519 1235 eques
526 1194 628 1234 prima
638 1194 747 1226 sedilia
754 1201 943 1236 occupat.—

176 1240 268 1281 Lege
282 1239 366 1270 enirn
380 1239 534 1275 theatrali,
550 1249 646 1279 quarn
662 1240 703 1271 L.
718 1242 851 1271 Roscius
869 1241 943 1271 Otho

178 1283 220 1315 U.
243 1284 280 1315 C.
301 1282 581 1313 DCLXXXVI.
599 1282 684 1320 tulit,
699 1283 855 1313 sancitum
869 1283 941 1321 suit,

173 1337 216 1357 ne
233 1328 304 1369 quis
318 1327 352 1356 in
373 1325 609 1367 quatuordecim
632 1325 782 1367 gradibus
803 1328 867 1357 sive
886 1337 942 1357 cu-

173 1371 255 1408 neis,
271 1371 447 1407 orchestrae,
468 1369 503 1399 in
522 1380 585 1410 qua
605 1377 762 1400 senatores
783 1370 941 1406 sedebant,

174 1414 336 1454 proximis,
352 1413 483 1451 sederet,
498 1412 559 1443 nisi
572 1414 628 1454 qui
649 1423 745 1454 eques
759 1420 792 1444 et
805 1413 941 1454 equestri

173 1468 272 1489 censu
300 1463 389 1488 esset.
434 1456 497 1488 Sed
526 1457 585 1487 iste
610 1457 716 1494 homo,
739 1457 881 1497 quamvis
906 1463 943 1487 ut

173 1502 322 1533 tribunus
335 1498 474 1532 militum
496 1499 631 1541 equestri
653 1499 807 1541 dignitate
821 1500 940 1541 gaude-

173 1547 237 1582 bat,
253 1546 404 1576 hactenus
418 1550 523 1574 tamen
539 1543 643 1584 legem
658 1544 795 1575 Othonis
805 1550 941 1576 comem-

105 1614 107 1617 ,
173 1591 275 1626 nebat,
291 1589 322 1618 h.
341 1598 368 1618 e.
386 1587 544 1624 eludebat,
560 1586 646 1628 quod
661 1597 700 1617 ex
715 1594 820 1618 mente
839 1588 940 1618 Otho-

172 1632 224 1662 nis
251 1631 339 1671 plebs
365 1637 397 1661 et
423 1630 542 1661 servilis
567 1630 756 1661 conditionis
786 1631 940 1668 homines,

172 1675 275 1716 qualis
287 1675 346 1706 iste
367 1674 440 1711 fuit,
463 1676 503 1705 ab
524 1674 683 1715 equitibus
705 1675 824 1706 secerni
846 1674 940 1705 debe-

129 1719 131 1721 ’
171 1720 257 1750 bant.

215 1760 404 1793 v..l7-2o
435 1763 518 1797 Quid
541 1763 659 1792 adtinet
683 1767 755 1792 cett.
805 1761 936 1793 Sensus.

177 1773 265 1843 Quid
290 1805 417 1845 expedit
441 1812 530 1836 tanto
553 1811 706 1844 apparatu
733 1804 863 1836 classem
893 1806 942 1836 in-

173 1858 304 1887 struere,
331 1854 368 1880 ut
389 1848 526 1879 latrones
547 1855 579 1880 et
600 1857 705 1879 servos
727 1849 900 1886 vincamus,
917 1847 942 1878 si

171 1893 252 1924 servi
267 1892 352 1933 apud
367 1902 424 1923 nos
445 1892 487 1924 ad
507 1891 626 1923 tribuni
647 1891 786 1923 militum
809 1893 943 1923 honores

172 1936 371 1968 evehuntur?
437 1948 491 1967 ora
505 1948 577 1968 nav.
586 1946 675 1975 grav.
690 1937 782 1975 pond.
798 1942 941 1971 rostrata,

172 1981 206 2011 h.
223 1991 251 2011 e.
268 1987 367 2012 rostra
381 1980 509 2011 navium
524 1978 613 2021 gravi
634 1980 704 2008 aeris
717 1979 856 2018 pondere
870 1989 942 2009 mu-

172 2023 249 2054 nita.
338 2025 450 2054 loiron.
465 2030 558 2064 atque
572 2023 672 2054 ser-vil.
690 2033 777 2053 man.
798 2022 944 2062 Pompeii

169 2074 289 2107 nempe
321 2066 486 2102 exercitus,
517 2066 558 2096 ad
587 2075 683 2107 quem
719 2066 943 2096 debellandum

176 2110 370 2142 Octavianus
396 2110 437 2141 U.
460 2110 497 2140 C.
518 2107 763 2146 DCCXVIII.
787 2109 944 2149 profectus

173 2160 231 2191 est,
247 2154 419 2184 maximam
434 2159 553 2192 partem
568 2159 637 2183 tum
659 2162 698 2182 ex
713 2152 820 2192 piratis
834 2158 866 2183 et
879 2162 943 2182 ser-

173 2196 221 2227 vis
242 2197 383 2238 undique
412 2196 550 2227 collectis
573 2197 735 2227 constabat
742 2208 752 2233 ;
784 2195 846 2226 vid.
877 2195 944 2226 Dio

174 2240 353 2272 XLVIII.
372 2239 425 2270 20.
455 2239 540 2270 Flor.
562 2239 625 2270 IV.
642 2238 674 2270 8.
693 2239 777 2270 conf.
802 2239 886 2270 infra
907 2238 937 2269 9.

422 2370 634 2402 CARMEN
658 2369 698 2400 V.

172 2480 180 2484 -
222 2458 278 2490 Ad
291 2459 439 2498 probrosa
451 2456 507 2488 illa
521 2457 676 2492 carmina,
693 2457 808 2497 quibus
823 2456 942 2487 vetula-

176 2513 249 2533 rum
268 2511 399 2532 vamores
423 2500 600 2540 petulanter
632 2501 747 2531 Noster
774 2501 943 2531 insectatus

177 2554 234 2583 est,
264 2545 398 2585 pertinet
423 2543 566 2584 inprimis
594 2544 663 2582 hoc,
694 2544 779 2585 quod
807 2543 842 2573 in
867 2543 942 2574 anili

179 2589 323 2621 canidiae
344 2586 476 2619 libidine
499 2587 691 2618 diffamanda
715 2593 861 2617 versatur.
910 2587 941 2617 E

178 2633 297 2666 multis,
313 2642 393 2673 quos
406 2630 576 2662 insolenter
600 2631 676 2661 olim
698 2637 843 2660 tractasse
858 2629 942 2660 vide-

177 2683 231 2707 tur
255 2675 398 2711 Canidia,
419 2675 619 2711 amatoribus,
642 2684 726 2704 unus
748 2680 884 2710 tantum,
907 2680 944 2704 ut

177 2726 271 2759 poeta
299 2726 415 2759 narrat,
443 2718 487 2751 ei.
495 2717 624 2748 relictus
651 2717 765 2752 fuerat,
792 2716 944 2747 ridiculus

178 2762 297 2793 scilicet
310 2762 437 2804 quidam
452 2771 548 2792 senex
569 2763 677 2794 Varus,
693 2766 725 2790 et
739 2759 811 2790 hic'
802 2770 868 2799 ipse
881 2760 944 2791 alia

179 2806 274 2836 simul
300 2812 400 2836 scorta
423 2811 551 2836 sectans.
601 2805 655 2834 Ab
676 2803 725 2834 his
749 2802 847 2844 igitur
869 2813 944 2833 cum

179 2849 248 2890 ejus
275 2849 417 2880 animum
447 2858 513 2878 non
542 2853 678 2879 avertere
698 2853 802 2886 posset
822 2846 942 2884 formae,

178 2902 273 2931 quam
296 2901 373 2924 aetas
394 2892 571 2942 abstulerat,
593 2890 773 2927 lenocinio,-
783 2889 823 2920 ad
845 2896 943 2920 artem

171 2935 344 2976 magicam,
360 2946 423 2978 qua
436 2936 467 2967 ei
486 2936 549 2966 vim
557 2934 686 3009 guenet,
703 2932 874 2975 confugere
888 2933 941 2964 de-

985 1197 1079 1228 bebat
1091 1195 1222 1235 libidine
1241 1195 1351 1227 furens
1373 1196 1515 1228 Canidia.
1563 1197 1662 1235 Hinc,
1685 1195 1750 1228 aive

985 1241 1045 1271 ista
1058 1251 1077 1270 a
1091 1239 1303 1280 superstitiosa
1325 1239 1415 1279 plebe
1440 1251 1511 1271 vere
1533 1251 1591 1281 pro
1613 1241 1750 1273 venefica

985 1285 1100 1321 habita,
1127 1285 1201 1321 sive,
1230 1293 1302 1323 quae
1326 1285 1387 1314 boc
1410 1283 1538 1315 nomine
1560 1283 1747 1321 differretur,

986 1328 1083 1368 digna
1096 1335 1198 1366 poetae
1219 1327 1285 1357 visa
1303 1326 1408 1365 fuerit,
1435 1327 1581 1365 nefanda,
1605 1338 1676 1369 quae
1695 1329 1750 1359 fu-

985 1371 1068 1402 riosa
1081 1381 1161 1401 anus
1181 1369 1221 1401 ad
1243 1370 1402 1402 libidinosi
1422 1370 1505 1402 senis
1526 1372 1669 1402 animum
1690 1372 1749 1403 sibi

985 1414 1042 1445 uni
1056 1413 1299 1445 devinciendum
1314 1414 1544 1454 perpetraverit,
1567 1421 1750 1446 enarrantur

985 1459 1019 1488 in
1043 1459 1103 1489 hoc
1129 1457 1267 1488 carmine
1291 1457 1418 1488 scelera.
1467 1457 1507 1488 In
1532 1458 1646 1499 quibus
1674 1468 1749 1488 cum

985 1512 1085 1532 unum
1107 1501 1264 1542 praecipue
1285 1500 1444 1532 atrocitate
1467 1509 1627 1540 superaret.
1647 1508 1750 1532 cetera

983 1545 1100 1583 omnia,
1122 1543 1314 1574 horrendum
1336 1555 1450 1585 nempe
1471 1544 1550 1575 illud
1570 1545 1746 1582 consilium,

983 1599 1048 1629 quo
1062 1590 1119 1619 ista
1134 1597 1172 1618 ex
1188 1587 1277 1627 pueri
1291 1588 1433 1629 ingenui,
1455 1587 1540 1619 fame
1554 1588 1664 1624 enecti,
1681 1599 1749 1619 me·

984 1632 1072 1663 dulla
1085 1638 1116 1662 et
1125 1631 1230 1673 jecore
1245 1631 1493 1663 efficacissimum
1506 1631 1658 1672 pbilnum
1672 1642 1748 1663 con-

984 1675 1077 1706 ficere
1090 1673 1275 1713 instituet-in
1297 1676 1394 1717 hujus
1407 1675 1503 1706 totius
1517 1675 1562 1706 rei
1575 1685 1699 1706 scenam
1714 1676 1748 1705 in

984 1720 1044 1750 hoc
1059 1719 1196 1750 carmine
1209 1724 1419 1757 repraesentat,
1435 1724 1467 1749 et
1483 1718 1649 1750 Canidiam
1663 1728 1749 1750 sacra

984 1763 1107 1804 magica
1121 1771 1195 1792 cum
1210 1763 1310 1792 tribus
1323 1762 1393 1792 aliis
1402 1761 1600 1797 administris.
1614 1762 1749 1804 Sagana,

987 1806 1068 1836 Veia
1088 1812 1120 1836 et
1144 1804 1244 1842 Folia,
1267 1806 1472 1836 adornantem
1493 1805 1635 1836 inducit:
1662 1804 1751 1837 adest

985 1860 1074 1889 puer,
1089 1855 1121 1880 et
1141 1858 1216 1879 cum
1237 1848 1360 1880 malum
1380 1848 1439 1880 sibi
1453 1859 1473 1880 a
1495 1848 1628 1880 Canidia
1647 1848 1766 1888 parari'

985 1903 1025 1923 ex
1040 1893 1121 1924 truci
1136 1893 1204 1934 ejus
1217 1892 1252 1922 in
1266 1902 1299 1923 se
1318 1892 1429 1924 defixo.
1445 1892 1535 1923 vultu
1555 1892 1750 1924 anirnadver-

986 1937 1033 1973 tit,
1055 1946 1133 1971 eam,
1150 1942 1187 1967 ut
1207 1935 1265 1967 sibi
1279 1942 1394 1976 pareat,
1417 1945 1473 1976 per
1486 1945 1597 1967 omnes
1609 1934 1685 1967 deos
1698 1946 1749 1967 ro-

986 1988 1041 2022 gat
1053 1987 1086 2011 et
1099 1981 1263 2018 obsecrat;
1284 1979 1338 2010 sed
1354 1979 1486 2012 frustra!
1534 1978 1669 2011 Canidia
1687 1980 1748 2010 mi·

986 2033 1091 2055 serum
1105 2034 1250 2064 puerum,
1274 2028 1424 2063 praetexta
1436 2022 1475 2058 ‚ei
1494 2022 1632 2063 derepta,
1647 2022 1750 2054 denu-

986 2067 1050 2103 dat,
1065 2077 1151 2098 sacra
1165 2067 1288 2107 magica
1307 2072 1446 2106 apparat,
1465 2073 1498 2098 et
1510 2067 1604 2103 varia,
1626 2075 1699 2107 quae
1710 2065 1751 2097 iis

986 2109 1125 2142 adhiberi
1150 2110 1299 2146 solebant,
1329 2110 1459 2141 accendi
1481 2111 1582 2152 jubet.
1626 2109 1750 2150 Sagana

986 2153 1118 2184 domum
1147 2153 1269 2190 lustrat,
1294 2159 1326 2184 et
1353 2153 1434 2184 Veia
1461 2154 1600 2184 scrobem
1629 2151 1748 2189 effodit,

986 2207 1050 2237 quo
1063 2207 1151 2236 puer,
1167 2196 1208 2228 ad
1221 2202 1366 2227 mentum
1380 2206 1480 2238 usque
1493 2196 1538 2227 ita
1549 2195 1749 2233 infossus-ut

985 2240 1140 2281 appositas
1160 2240 1256 2279 dapes
1276 2239 1381 2270 videre
1400 2239 1539 2280 quidem,
1562 2249 1622 2270 nec
1642 2244 1748 2269 tamen

985 2294 1039 2315 eas
1075 2283 1227 2324 attingere
1255 2288 1368 2322 posset,
1397 2282 1432 2312 in
1460 2281 1567 2322 philo-i
1594 2281 1748 2313 miscendi

984 2337 1078 2358 usum
1094 2327 1178 2357 fame
1193 2332 1307 2366 pereat.
1353 2325 1423 2356 Nec
1444 2325 1530 2356 deest
1549 2324 1629 2356 huic<
1645 2335 1749 2356 sacro-

984 2381 1056 2401 rum
1078 2370 1271 2411 magicorum
1294 2368 1552 2400 administrationi
1579 2367 1748 2407 Folia,-fa-

983 2415 1300 2488 '32:235‘1‘2222332
1304 2411 1460 2485 ‘egri-5²32
1471 2411 1748 2497 ffioemassff

984 2510 1055 2531 rum
1068 2500 1212 2535 numina,
1230 2499 1365 2530 Noctem
1381 2504 1413 2529 et
1428 2498 1586 2536 Hecaten,
1600 2499 1746 2538 appellat,

985 2553 1107 2584 easque,
1134 2549 1170 2573 ut
1180 2564 1183 2566 <
1193 2541 1317 2573 Varum
1329 2541 1394 2576 sibi,
1409 2541 1576 2579 adducant,
1591 2552 1743 2582 precatur.

989 2587 1064 2623 Quo
1077 2595 1141 2616 non
1164 2586 1306 2616 veniente
1325 2584 1507 2626 indignatur
1530 2584 1586 2616 illa
1606 2585 1646 2616 de
1667 2596 1748 2617 vano

985 2628 1203 2661 incantationis
1216 2639 1282 2659 suae
1295 2635 1419 2664 eventu,
1441 2635 1473 2659 et
1486 2628 1690 2660 efficaciorem
1704 2629 1748 2660 is-

986 2680 1051 2705 tam
1065 2683 1105 2704 ex
1119 2672 1210 2712 pueri
1227 2672 1332 2713 jecore
1353 2678 1385 2702 et
1405 2671 1546 2703 medulla
1565 2682 1748 2713 comparan-

986 2717 1058 2748 dam
1095 2715 1254 2756 potionem
1289 2714 1436 2746 minatur.
1464 2739 1467 2742 Α
1491 2715 1578 2746 Puer
1611 2715 1746 2754 interim,

986 2759 1076 2791 nulla
1099 2759 1149 2789 sui
1170 2758 1367 2789 miseratione
1391 2757 1543 2790 veneficas
1562 2760 1654 2800 tangi
1675 2770 1747 2791 sen.

986 2803 1076 2838 tiens,
1102 2802 1185 2832 diras
1198 2801 1343 2832 veneficis
1363 2801 1430 2832 istis
1449 2802 1646 2842 imprecatur,
1669 2813 1747 2844 quas

985 2847 1051 2887 ipse
1065 2853 1157 2885 poeta
1173 2844 1315 2877 canidiae
1335 2845 1370 2875 in
1391 2846 1451 2877 hoc
1472 2846 1609 2877 carmine
1630 2847 1747 2887 impre-

985 2896 1112 2922 caturus
1124 2895 1198 2920 erat.

1029 2943 1058 2964 v.
1080 2930 1195 2964 1-10.
1222 2932 1316 2970 Puer,
1342 2931 1435 2970 mala,
1461 2943 1533 2975 quae
1557 2932 1616 2965 sibi
1631 2932 1744 2964 ,immi-
