1904 3250
190 162 245 201 30

817 159 1121 204 HORATII

1587 162 1697 210 [Lm.
1722 172 1750 199 1.

247 290 274 327 5
308 286 363 328 Et
383 285 516 328 malus
538 285 663 328 celeri
682 287 845 328 saucius
868 286 1013 329 Africo

307 356 600 412 Antennaeque
619 354 820 414 gemant?
849 369 898 397 ac
919 355 1007 396 sine
1026 353 1196 396 funibus

422 425 508 467 Vix
528 425 681 468 durare
702 426 854 467 carinae

480 495 648 537 Possint
667 494 928 550 imperiosius

190 651 251 682 isto
278 650 383 682 furore
413 659 466 681 eos
493 660 635 681 revocare
663 649 778 681 studet.
825 649 949 680 Navem

188 695 294 737 igitur,
317 704 421 736 quam,
445 694 517 724 licet
537 699 721 733 tempestate
744 693 886 730 fractam,
901 699 947 724 ta·

189 749 264 770 men
278 748 395 769 novum
411 747 466 777 per
481 747 566 768 mare
579 737 637 767 iter
658 747 743 767 nunc
767 736 948 778 ingredien-

189 782 269 813 dum
290 791 364 812 cum
386 780 521 811 maxime
546 780 738 817 molientem,
764 779 864 811 oculis
883 780 948 811 suis

188 824 342 856 obversari
358 824 457 865 fingit,
479 823 659 865 alloquitur,
683 833 826 865 eamque,
852 834 893 855 ne
913 823 948 854 in

188 869 249 899 hoc
273 867 436 899 temerario
464 866 579 898 iterum
604 878 637 898 se
666 868 744 898 mari
772 866 949 907 periculoso

188 910 404 943 committendi
418 910 547 942 consilio
560 910 712 951 persistat,
727 911 782 942 sed
796 910 837 941 ad
858 911 948 941 dam-

188 966 231 986 na
245 954 358 995 potius,
372 965 444 996 quae
457 964 601 995 perpessa
621 955 670 992 sit,
693 953 864 994 reparanda
884 955 949 987 otio

189 1005 222 1030 et
235 998 398 1030 securitate
412 997 446 1028 in
460 1004 553 1038 portu
572 998 757 1038 perfruatur,
782 997 949 1039 diligenter

189 1042 341 1084 singulas,
357 1041 473 1083 quibus
494 1041 623 1080 laboret,
649 1048 751 1081 partes
772 1051 879 1072 secum
900 1051 949 1073 re-

189 1093 301 1126 putare
310 1086 411 1125 jubet.
447 1085 522 1117 Jam
537 1095 610 1116 vero
624 1095 698 1116 cum
712 1085 809 1125 ipsius
823 1084 948 1125 reipub-

188 1129 258 1160 licae
285 1129 440 1165 consulto,
469 1139 510 1160 ne
534 1129 615 1160 forte
640 1129 697 1159 sibi
727 1128 876 1160 conflaret
898 1129 949 1159 in-

188 1172 316 1210 vidiam,
332 1172 452 1203 nullam
468 1172 502 1203 in
523 1178 590 1203 toto
612 1173 671 1204 hoc
696 1172 834 1203 carmine
859 1182 949 1203 men-

187 1215 307 1247 tionem
322 1216 472 1257 injecerit,
488 1222 520 1247 et
533 1217 707 1247 institutam
722 1217 810 1247 navis
823 1225 898 1247 cum
913 1226 950 1248 ea

187 1260 463 1300 comparationem,
484 1260 569 1290 haud
591 1260 770 1290 inusitatam
793 1270 868 1290 sane
889 1256 947 1300 (cf.

187 1303 262 1334 infr.
283 1303 333 1334 11.
365 1302 396 1334 7.
425 1302 475 1334 15.
510 1303 576 1334 Cic.
601 1303 640 1334 ad
668 1303 744 1335 Div.
774 1303 862 1334 XII.
891 1303 944 1334 25.

187 1358 285 1389 quom
297 1348 332 1378 ob
344 1358 422 1384 rem,
437 1349 482 1379 mi
511 1349 634 1384 Quinte,
658 1349 824 1379 conscende
848 1349 947 1379 nobis-

188 1402 271 1428 cum,
286 1397 316 1422 et
329 1393 452 1432 quidem
465 1393 506 1422 ad
524 1393 655 1432 puppim
666 1407 678 1428 ;
703 1403 771 1423 una
795 1393 882 1423 navis
903 1398 946 1423 est

177 1434 253 1475 jam
267 1435 417 1466 bonorum
431 1436 583 1466 omnium.
602 1442 634 1465 et
656 1434 722 1466 IX.
751 1433 802 1466 15.
826 1436 948 1467 sedeba-

187 1489 261 1511 mus
274 1479 309 1510 in
318 1479 419 1518 puppi
432 1484 504 1509 cett.
527 1478 568 1509 cf.
589 1488 660 1519 quae
684 1479 725 1509 de
749 1477 909 1518 republica
929 1490 949 1510 a

186 1521 424 1562 potentioribus
437 1527 587 1561 occupata
608 1522 758 1563 leguntur
781 1523 816 1553 in
844 1523 948 1554 'Pheo-

186 1564 311 1608 gnideis
324 1563 390 1596 679
403 1565 504 1606 seqq.)
522 1564 689 1597 lectoribus
702 1565 743 1597 ad
756 1576 834 1602 rem,
852 1577 948 1608 quam

187 1609 223 1639 in
236 1608 342 1640 animo
357 1609 478 1646 babuit,
503 1609 749 1640 transferendam
777 1609 946 1652 reliquerit,

186 1658 271 1684 recte
284 1652 345 1683 hoc
358 1662 484 1683 carmen
498 1662 617 1684 meram
631 1654 805 1694 allegoriam
820 1653 944 1685 dixeris.

133 1728 135 1731 ,
188 1696 281 1727 Hinc
305 1695 459 1732 Quinctil.
487 1696 593 1727 Instit-
624 1696 681 1727 Or.
710 1697 814 1728 VIII.
838 1697 870 1728 6.
891 1696 945 1729 44.

187 1741 234 1771 At
247 1741 400 1780 allegoria,
415 1751 511 1781 quam
538 1742 739 1772 inversionem
763 1742 947 1782 inter-meta-

187 1794 271 1819 mur,
286 1785 372 1815 aliud
386 1784 491 1820 verbis,
513 1785 602 1815 aliud
622 1794 715 1816 sensu
737 1787 863 1816 ostendit
874 1801 886 1822 ;
910 1796 947 1817 ac

187 1828 281 1858 etiam
308 1828 467 1858 interdum
491 1829 693 1859 contrarium.
750 1829 856 1865 Prius,
882 1834 943 1860 ut.-

191 1871 217 1902 0
237 1871 325 1902 navis
351 1870 488 1912 referent
515 1873 549 1902 in
571 1882 656 1903 mare
680 1877 709 1903 te
731 1874 802 1904 novi
821 1873 948 1915 fluctus

186 1918 259 1945 cett.
277 1919 419 1955 totusque
432 1916 526 1946 etiam
546 1916 595 1946 ille
621 1916 747 1947 Horatii
769 1917 865 1954 locus,
887 1927 947 1958 quo

186 1959 293 1989 mvim
312 1969 368 1998 pro
389 1959 553 1999 republica,
564 1960 734 2001 fluctuum
752 1964 946 2000 tempestates

181 2011 241 2042 pm
261 2002 343 2032 bellis
355 2002 499 2039 civilibus,
521 2008 648 2042 portum
672 2013 731 2043 pro
755 2014 833 2043 pace
855 2009 946 2045 atque

187 2046 348 2077 concordia
371 2047 453 2078 dicit.
501 2045 645 2077 Extitere
665 2052 782 2082 tamen,
809 2056 945 2088 quorum

187 2088 331 2128 princeps
353 2087 416 2119 fuit
445 2089 602 2126 Muretus,
624 2088 691 2130 qui,
728 2099 803 2120 cum
830 2089 946 2130 partim

187 2130 387 2162 subtilitatem
402 2131 498 2169 illam,
514 2143 577 2174 qua
590 2139 682 2173 poeta
695 2133 837 2175 singulas
858 2133 946 2164 navis

187 2184 263 2206 eum
276 2174 408 2216 singulis
426 2175 604 2215 reipublicae
624 2176 765 2216 partibus
785 2187 945 2217 compara-

188 2217 277 2256 verit,
298 2218 429 2249 nimiam
450 2225 482 2249 et
505 2219 647 2259 putidam
670 2230 735 2251 esse
753 2220 943 2262 judicarent,

187 2261 312 2303 partim,
325 2262 485 2303 quomodo
499 2272 547 2293 vv.
568 2262 617 2301 17,
637 2262 686 2294 18.
705 2264 744 2295 ad
764 2264 945 2304 reipublicae

187 2311 305 2337 emtum
317 2305 543 2337 accommodari
557 2307 686 2346 possint,
708 2317 773 2338 non
792 2307 943 2345 viderent,

187 2348 274 2380 haud
302 2348 466 2391 allegorice
495 2349 549 2380 sed
577 2351 700 2390 proprie
727 2352 786 2382 hoc
819 2361 945 2382 carmen

187 2392 455 2433 interpretandum
466 2403 536 2423 esse
549 2394 781 2425 contenderent.
830 2395 945 2437 Itaque

188 2436 250 2467 hoc
262 2445 389 2467 carmen
401 2436 551 2476 scriptum
569 2447 635 2467 esse
656 2437 794 2469 arbitrati
815 2445 890 2470 sunt
910 2438 946 2469 in

189 2489 311 2516 navem,
325 2489 389 2522 qua
408 2485 499 2520 poeta
522 2486 592 2519 post
615 2480 736 2511 cladem
761 2481 945 2522 Philippen-

189 2533 255 2554 sem
286 2523 330 2555 U.
365 2523 402 2555 C.
437 2523 644 2555 DCCXIII.
674 2534 747 2554 eum
776 2525 885 2556 amicis
911 2525 946 2556 in

189 2566 319 2598 Italiam
339 2566 467 2604 venerit,
489 2566 572 2598 male
594 2567 636 2598 ad
663 2567 851 2599 Palinurum
875 2579 946 2608 pro-

188 2610 382 2642 montorium
409 2616 591 2651 tempestate
618 2610 784 2642 adflictam.
849 2612 945 2643 Hanc

189 2653 288 2694 igitur
308 2664 396 2685 nunc
416 2661 552 2694 poetam,
581 2654 622 2685 de
649 2654 766 2691 amicis,
795 2665 882 2695 quos,
906 2666 944 2685 ex

993 649 1166 682 rationibus
1178 649 1291 687 dicam,
1309 651 1404 693 hujus
1424 651 1521 683 totius
1540 651 1693 690 caminis,
1715 652 1749 683 in

992 694 1051 725 hac
1072 700 1197 725 tantum
1221 693 1390 726 humiliore
1414 695 1583 727 sententia:
1611 698 1747 734 “nolita

990 748 1104 779 quaeso,
1128 739 1231 775 amici,
1257 749 1330 769 cum
1354 749 1443 776 nave,
1469 739 1561 780 cujus
1585 751 1689 771 omnes
1710 751 1749 772 ac

990 783 1122 822 singuloe
1139 788 1243 822 partes
1267 781 1370 822 (quasi
1394 783 1455 813 hoc
1474 782 1534 823 ipsi
1557 793 1621 814 non
1645 783 1749 814 videre

990 824 1178 865 potuissent)
1182 825 1302 867 fractae
1315 827 1399 862 sunt,
1413 837 1530 858 novum
1543 828 1602 858 iter
1611 827 1748 867 parare''

990 875 1054 899 tam
1069 878 1198 909 operose
1211 868 1371 906 versantis,
1386 868 1432 900 vel
1447 870 1583 900 maxime
1596 869 1630 899 iu
1643 880 1749 910 repre-

990 911 1174 943 hensionem
1189 911 1360 943 incurreret
1368 912 1528 954 jejunitas.
1576 912 1639 943 Vix
1653 913 1751 955 igitur

990 954 1032 986 de
1056 955 1214 997 allegoria,
1237 955 1406 995 prudenter
1429 956 1464 987 in
1487 957 1548 988 hoc
1573 957 1710 988 carmine
1730 967 1751 988 a

990 1005 1083 1039 poeta
1096 998 1244 1035 adhibita,
1260 999 1395 1030 dubitari
1409 1006 1520 1039 potest,
1536 999 1631 1031 modo
1643 1006 1749 1031 tenea-

991 1052 1064 1074 mus
1083 1042 1176 1080 illud,
1197 1041 1283 1084 quod
1303 1042 1338 1072 in
1360 1043 1468 1074 multis
1495 1043 1565 1075 aliis
1586 1050 1750 1084 poetarum

991 1095 1062 1117 com
1151 1085 1274 1117 'onibus
1301 1086 1473 1118 tenendum
1503 1094 1559 1125 est,
1582 1097 1634 1124 ne,
1655 1087 1750 1118 nimis

991 1130 1084 1161 anxie
1109 1129 1215 1160 omnia
1235 1128 1270 1159 in
1294 1129 1351 1160 illa
1373 1130 1414 1162 ad
1435 1131 1543 1161 vivum
1567 1137 1749 1169 resecantes,

992 1184 1039 1210 ea,
1068 1183 1140 1215 quae
1161 1173 1202 1204 ad
1227 1173 1438 1204 exornandam
1461 1174 1634 1216 imaginem
1655 1174 1750 1215 perti·

991 1223 1079 1256 nent,
1093 1216 1135 1248 ad
1148 1227 1216 1247 rem
1231 1226 1286 1256 per
1299 1226 1368 1247 eam
1381 1227 1557 1257 expressam
1566 1217 1748 1255 reses-amus,

992 1261 1024 1291 h.
1037 1271 1066 1292 e.
1093 1271 1134 1291 ne
1157 1259 1253 1300 paulo
1277 1260 1430 1301 argutius,
1455 1271 1533 1302 quas
1553 1261 1750 1302 potissimum

990 1304 1169 1344 reipublicae
1183 1309 1284 1343 partes
1297 1303 1493 1345 singularum
1507 1305 1595 1336 navis
1613 1305 1750 1345 partium

991 1347 1228 1379 enumeratione
1262 1346 1427 1389 designare
1467 1348 1602 1380 voluerit
1646 1354 1749 1388 poeta,

989 1401 1176 1433 quaeramus,
1199 1389 1255 1422 sed
1275 1401 1350 1422 eum
1373 1390 1408 1422 id
1432 1398 1564 1428 tantum,
1589 1398 1628 1423 ut
1650 1397 1750 1424 totam

990 1445 1102 1467 navem
1115 1434 1198 1467 male
1211 1439 1394 1474 tempestate
1409 1435 1564 1467 adfectam
1584 1445 1659 1467 cum
1683 1441 1750 1467 tota

990 1488 1049 1519 per
1071 1479 1154 1510 bella
1181 1477 1284 1509 civilia
1318 1478 1402 1510 male
1436 1478 1558 1510 adfecta
1591 1478 1751 1519 republica

989 1528 1191 1562 compmaret,
1205 1527 1367 1561 spectasse,
1382 1522 1474 1554 nobis
1494 1521 1746 1562 persuadeamus.

990 1583 1034 1591 —
1049 1565 1174 1597 Habuit
1194 1571 1311 1601 autem,
1334 1575 1430 1606 quem
1456 1566 1613 1598 Horatius
1638 1565 1672 1596 in
1691 1566 1750 1598 hac

990 1609 1141 1651 allegoria
1154 1615 1345 1650 sequeretur,
1373 1609 1531 1647 Alc-mm,
1555 1609 1694 1650 plurium
1714 1610 1751 1640 in

989 1658 1138 1693 tyrannos
1172 1651 1349 1684 carminum
1376 1652 1418 1684 all
1496 1653 1614 1685 'corum
1640 1659 1750 1685 aucto·

990 1706 1067 1734 ran,
1083 1697 1174 1738 cujus
1187 1697 1220 1727 in
1239 1696 1322 1727 lianc
1342 1706 1409 1727 rem
1444 1703 1644 1738 ragmentum
1663 1697 1749 1737 apud

992 1739 1197 1772 Heraclidem
1214 1739 1310 1771 Pont.
1335 1739 1375 1771 de
1399 1739 1528 1782 allegor.
1555 1740 1689 1772 Homer.
1713 1751 1745 1782 p.

994 1782 1043 1815 13.
1062 1783 1112 1816 ed.
1133 1784 1254 1816 Schow.
1267 1783 1312 1815 sic
1325 1783 1461 1826 legitur:

1036 1915 1075 1946 Τό
1087 1914 1139 1956 μὶν
1152 1915 1212 1958 γὰρ
1226 1915 1295 1947 ἔνθα
1309 1916 1391 1956 κῦμα
1405 1912 1580 1952 κυλίνδουσι,

1078 1959 1117 1990 Τὸ
1130 1958 1154 1990 δ’
1168 1959 1251 1991 ἔνθεν·
1265 1960 1362 2000 ἄμμες
1377 1957 1400 1990 δ’
1414 1957 1452 1990 ἂν
1466 1959 1500 1990 τὶ
1509 1958 1612 1999 μίαν

1120 2001 1185 2033 Na?
1196 2002 1339 2046 φοςῆμιθα
1353 2002 1401 2034 σὺν
1414 2001 1551 2044 μελαίνᾳ,

1034 2046 1152 2086 Χιιμῧη
1165 2047 1339 2088 ’μοχθιῖἰιτες
1352 2047 1495 2087 μεγάλᾳ·
1508 2046 1609 2077 zaab·

1034 2090 1100 2133 1122
1113 2090 1165 2130 μὶν
1179 2092 1240 2132 γὰρ
1253 2090 1360 2124 ἄντλος
1376 2088 1528 2121 ica-oram
1542 2089 1621 2131 ἕχει·

1076 2135 1184 2174 Λιΐφος
1199 2132 1228 2165 δί
1242 2135 1302 2164 τᾶν
1315 2132 1422 2167 ‘Brun
1436 2131 1489 2167 ιΏη

1119 2178 1178 2207 Ka}
1193 2175 1310 2211 λακίδες
1323 2177 1460 2217 μιγάλιι
1473 2176 1543 2207 naa-⁹
1557 2175 1642 2207 alm-3·

1033 2221 1154 2252 Χαλᾶσι
1168 2218 1191 2251 δ’
1206 2220 1336 2263 dyadem
1379 2240 1389 2249 -
1435 2240 1445 2249 .
1492 2240 1502 2250 ·
1548 2240 1559 2250 .
1597 2240 1607 2250 .

991 2308 1150 2344 Ceterum,
1165 2315 1239 2337 cum
1253 2305 1404 2347 scriptum
1418 2305 1459 2337 sit
1478 2305 1539 2337 hoc
1558 2314 1685 2338 carmen
1708 2316 1748 2338 eo

988 2357 1139 2392 tempore,
1163 2359 1228 2391 quo
1249 2359 1403 2380 novorum
1426 2348 1581 2381 bellorum
1605 2349 1747 2382 clvilium

988 2399 1076 2425 metu
1089 2395 1283 2424 terrebantur
1299 2393 1516 2424 Romanorum
1546 2393 1655 2432 animi,
1682 2403 1747 2424 non

986 2437 1071 2469 male
1099 2435 1243 2468 illud·ad
1264 2446 1385 2468 annum
1412 2435 1637 2468 DCCXXII.
1666 2435 1747 2468 refe-

987 2487 1074 2519 runt,
1093 2490 1157 2522 quo
1173 2479 1383 2512 Octavianum
1407 2485 1440 2511 et
1463 2479 1642 2511 Antonium
1665 2479 1748 2511 inter

989 2535 1023 2556 se
1048 2523 1231 2556 dissidentes
1257 2522 1484 2555 atrocissimum
1507 2522 1627 2564 bellum
1651 2533 1746 2562 appa-

989 2578 1073 2599 rasse
1099 2572 1229 2599 constat.
1256 2566 1297 2598 cf.
1333 2566 1420 2609 Vin-g.
1455 2566 1572 2609 Georg-
1605 2566 1634 2598 1.
1666 2565 1742 2597 509.

987 2622 1072 2686 seqq.
1095 2654 1188 2686 1-8.
1230 2655 1256 2687 0
1283 2665 1356 2686 nav.
1387 2653 1445 2696 τᾷ.
1476 2654 1512 2685 in
1540 2664 1583 2685 m.
1613 2659 1646 2685 te
1671 2665 1741 2685 nov.

191 2696 295 2734 Italia,
311 2697 367 2729 ubi
381 2707 491 2738 parum
506 2696 642 2739 benigne
663 2697 784 2737 excepti
808 2698 943 2734 fuerant,
975 2701 1076 2742 fluct.
1090 2699 1108 2729 ,Ρ
1156 2698 1258 2734 Tune,
1285 2698 1316 2729 0
1338 2697 1434 2735 navia,
1454 2697 1570 2727 iterum
1591 2702 1623 2727 te
1641 2695 1744 2728 flueti-

186 2739 253 2780 jam
267 2750 451 2779 recessuros,
465 2740 597 2772 eandem
617 2740 831 2772 conscendisse
852 2742 945 2772 vidis-

190 2788 247 2818 set,
260 2784 439 2821 sollicitum,
455 2784 548 2816 simili
569 2783 674 2822 modo,
694 2790 733 2815 ut
752 2794 837 2823 supr.
865 2795 892 2815 c.
915 2785 947 2816 3.

192 2835 314 2863 navem,
329 2838 393 2869 qua
407 2827 561 2871 Virgilius
585 2828 725 2859 Athenas
746 2827 947 2869 navigaturus

193 2875 268 2906 erat,
284 2869 318 2900 in
332 2872 391 2903 hoc
406 2871 544 2903 carmine
557 2871 682 2914 alloqui.
732 2870 794 2903 Sed
808 2871 875 2901 haec
897 2871 946 2901 in-

192 2911 320 2952 geniose
355 2915 464 2957 magis,
492 2925 589 2957 quam
616 2925 696 2951 vere.
723 2913 844 2955 prolata
870 2925 946 2952 ease,

193 2954 284 2986 facile
297 2965 432 2997 apparet.
481 2959 567 2991 Nam
588 2958 642 2998 sic,
664 2965 701 2991 ut
721 2957 799 2989 nibil
821 2957 860 2989 de
881 2957 948 2990 aliis

989 2745 1047 2773 bus
1075 2742 1109 2773 in
1130 2752 1216 2773 mare
1242 2739 1437 2772 referendam
1465 2739 1663 2771 committes?
1686 2739 1745 2771 it'e-

988 2795 1101 2817 rumne
1114 2784 1306 2826 tempestatis
1317 2783 1457 2825 periculo
1476 2783 1511 2814 in
1533 2782 1613 2814 mari
1635 2789 1668 2814 te
1689 2793 1745 2814 ex-

989 2830 1107 2868 pones?
1144 2829 1171 2860 si
1206 2828 1248 2860 ad
1282 2825 1506 2868 rempublicam
1541 2826 1744 2865 uansnilerig

989 2873 1067 2903 erit:
1095 2873 1193 2909 Tene,
1216 2872 1248 2904 0
1269 2869 1452 2912 respublica,
1475 2879 1574 2901 novus
1594 2869 1683 2901 furor
1702 2871 1744 2902 ad

989 2915 1071 2946 bella
1099 2915 1200 2946 civilia
1225 2914 1379 2956 abripiet?
1448 2915 1524 2956 quid
1547 2913 1643 2954 agis?
1675 2914 1744 2944 hee

992 2958 1134 2998 formula,
1151 2970 1215 3001 qua
1227 2959 1308 3001 quis,
1333 2967 1427 3001 quam
1451 2965 1568 2990 temere
1591 2963 1673 3000 agat,
1695 2967 1743 2989 ae-
