1904 3250
179 180 264 218 666

175 293 198 324 i.
215 292 248 324 5.
270 292 320 324 12.
338 306 398 335 quo
419 303 497 333 pro:
523 299 560 324 ut
585 303 617 323 eo
630 306 641 323 .·
667 301 733 332 quo
753 290 857 332 magis
876 301 944 321 cre-

727 189 892 221 INDEX
915 189 1214 221 VERBomez

1030 293 1235 332 quinquatria
1265 293 1346 335 (um,
1373 295 1491 344 nrum).
1520 295 1662 337 quinque
1685 295 1762 328 dies

175 337 233 368 dns
250 338 315 368 Sat.
333 338 365 368 ii.
379 337 409 368 2.
432 335 637 376 lla—quo
661 334 804 365 locorum
830 334 894 365 Od.
919 334 942 364 i.
986 334 1068 371 festi,
1085 335 1140 375 qui
1154 334 1240 374 apud
1270 337 1433 368 Romanos
1456 349 1490 368 m
1517 338 1676 370 Minerva
1697 340 1760 370 ho-

177 380 231 411 38.
264 380 297 411 3.
319 399 363 406 —
380 390 485 419 quone
512 378 598 409 malo
626 385 766 408 mentem
795 388 949 408 concussa

179 426 243 455 Sat.
261 424 293 454 ii.
312 424 344 455 3.
371 422 445 454 295.
470 432 534 462 quo
557 421 658 452 valeat
680 431 833 452 nummus
850 423 941 463 (prox

176 479 274 508 quam
289 471 330 498 ad
345 478 411 498 rem
426 472 519 506 aptus
533 464 588 504 sit)
608 465 672 496 Sat.
693 465 715 494 i.
744 463 772 494 l.
803 463 855 495 73.
880 464 942 495 vid.

175 518 241 542 noe.
257 513 337 552 quod
352 508 561 551 (conjunctio)
574 522 584 539 .-
610 508 696 549 quod
711 507 813 538 minas
834 515 946 539 contu-

176 554 258 585 derit
275 554 338 585 Od.
355 555 396 583 iv.
414 553 446 583 3.
464 551 496 582 8.
547 553 598 582 Sic
612 552 735 591 saepius.
757 554 841 592 quod
865 561 941 591 prot

177 609 256 628 cur.-
282 597 367 637 quod
397 595 499 626 multa
523 595 692 636 loquamur
719 595 823 634 Epist.
849 595 883 625 ii.
913 593 942 626 1.

176 640 230 671 30.
273 639 401 671 Deinde
415 641 497 681 quod
511 640 640 679 ponitur
653 638 881 680 significatione
897 640 950 670 τοῦ

177 685 233 721 ἔτι,
250 683 314 713 sic:
341 683 429 723 quod
444 684 543 722 pubes
555 682 612 713 tibi
628 684 738 714 crescit
753 682 857 713 omnis
881 682 946 713 od.

175 727 209 757 ii.
239 726 271 757 8.
302 725 353 757 17.
382 726 469 767 quod
493 736 630 757 mercem
653 725 720 756 sine
745 726 827 756 fucis
847 733 949 766 gestat

179 771 242 801 Sat.
257 770 278 800 i.
297 769 328 800 2.
346 769 400 801 83.
439 770 489 801 Sic
504 769 628 809 saepius.
647 772 729 811 quod
744 780 818 809 pro:
846 772 920 811 quia
931 784 942 799 .-

175 813 261 854 quod
277 823 309 845 te
322 815 477 845 minorem
497 812 559 844 Dis
583 813 666 854 geris
690 813 754 844 Od.
779 813 823 843 iii.
853 813 885 844 6.
909 813 941 844 5.

175 857 261 896 quod
277 857 390 895 malus,
405 857 490 898 quod
505 858 645 887 moechus
665 857 746 888 foret
771 857 835 888 Sat.
863 857 886 887 i·
910 857 941 888 4.

175 901 209 938 3,
224 899 256 931 4.
307 902 358 932 Sic
372 911 499 942 quoque
514 901 640 940 saepius.

219 946 296 986 quia
313 945 376 976 od.
390 945 429 974 iv.
450 944 480 976 9.
499 943 551 975 28.
573 945 637 976 Sat.
657 944 677 974 i.
700 943 728 974 1.
747 943 801 975 62.
826 951 858 975 et
878 945 948 976 aliis

175 988 263 1019 locis.

219 1034 411 1073 quicunque.
436 1042 660 1073 quemcunque
681 1031 805 1062 dierum
829 1031 892 1063 Od.
922 1032 949 1064 i..

177 1075 208 1106 9.
230 1075 280 1107 14.
299 1077 480 1116 quicunque
494 1075 649 1106 terminus
662 1075 783 1106 obstitit
807 1075 870 1106 Od.
896 1075 942 1106 iii.

175 1119 207 1150 3.
223 1120 276 1150 35.
295 1119 351 1160 qui
372 1126 596 1150 testamentum
618 1119 675 1150 tibi
696 1119 799 1149 tradet
822 1130 950 1161 cunque

179 1164 244 1194 Sat.
263 1164 295 1194 ii.
315 1162 347 1194 5.
372 1162 426 1193 51.
451 1173 657 1204 quoscunque
675 1169 819 1203 parentes
844 1163 949 1204 legere

179 1207 244 1238 Sat.
262 1208 284 1238 i.
303 1207 333 1238 6.
353 1206 405 1238 95.
424 1217 614 1248 quocunque
629 1207 699 1238 loco
717 1206 818 1246 Epist.
837 1207 859 1236 i.
892 1206 943 1238 11.

176 1249 229 1282 24.
244 1262 372 1292 —quae
386 1257 417 1281 te
431 1261 558 1291 cunque
571 1250 679 1281 domat
696 1250 760 1281 Od.
778 1250 799 1281 i.
818 1250 870 1281 27.
893 1249 943 1282 14.

176 1305 274 1336 quam
299 1305 366 1326 rem
397 1304 523 1334 cunque
551 1294 616 1325 Od.
640 1294 661 1324 i.
689 1293 720 1324 6.
746 1293 947 1334 3.—quod-

176 1348 307 1413 3322
323 1338 693 1421 ιῗὲᾓῖῗῖ-ἒῖἱεῗξὲῗξιιίῗ
713 1337 787 1412 ἓῖἐῗ
803 1337 948 1422 ..ἶῗζῖυἷ

173 1436 239 1467 que
264 1425 360 1466 pedes
384 1426 492 1456 ferunt
515 1426 560 1456 ire
591 1425 696 1464 Epod.
729 1423 779 1455 17.
805 1425 861 1455 21.
884 1436 948 1467 quo

175 1479 235 1500 nos
249 1480 376 1510 cunque
390 1470 470 1500 feret
483 1469 612 1499 fortuna
629 1468 694 1499 Od.
708 1469 728 1499 i.
746 1468 776 1499 7.
795 1468 851 1499 25.

219 1515 360 1555 quidam,
377 1515 535 1555 quaedam‚
550 1514 706 1554 quoddam
729 1519 761 1543 et
782 1515 944 1553 quiddam.

175 1563 225 1587 est
240 1556 376 1597 quadam
392 1563 485 1587 tenus
499 1556 624 1596 prodire
640 1555 707 1596 (alii
734 1559 871 1596 quodam
896 1557 946 1587 vel

175 1599 347 1641 quoddam)
366 1599 468 1640 Epist.
486 1599 508 1630 i.
530 1598 558 1629 l.
576 1598 630 1630 32.
649 1598 712 1629 vid.
739 1606 802 1630 not.
831 1600 894 1631 Sat.
920 1600 945 1630 i.

178 1643 209 1674 1.
227 1641 280 1674 64.
302 1645 366 1676 Sat.
384 1643 405 1673 i.
427 1642 477 1674 10.
495 1643 527 1674 8.
548 1643 613 1674 Sat.
632 1643 653 1673 i.
670 1641 698 1674 l.
721 1642 792 1674 105.
821 1644 886 1675 Sat.
910 1643 943 1674 ii.

219 1734 344 1773 quidem
362 1731 464 1771 Epist.
482 1730 515 1761 ii.
537 1730 566 1761 1.
583 1729 637 1761 43.
657 1737 690 1760 et
702 1729 771 1761 aliis
784 1730 871 1761 locis.

219 1777 331 1817 quidni
345 1774 448 1813 Epist.
467 1774 508 1805 ad
527 1774 592 1805 Pis.
606 1773 681 1805 382.

218 1821 315 1861 quies.
329 1817 469 1859 quietem
483 1824 572 1857 optat
588 1817 694 1856 Epod.
714 1816 765 1848 17.
783 1817 836 1848 65.
854 1817 945 1858 quie-

175 1869 239 1893 tem
256 1861 409 1892 senectuti
425 1861 499 1893 date
517 1862 558 1892 C.
576 1862 607 1893 S.
622 1860 678 1899 46,
689 1859 743 1892 47.
758 1861 847 1902 quies
855 1867 945 1903 grata

176 1906 280 1947 Epist.
299 1905 320 1936 i.
342 1904 393 1936 17.
411 1904 442 1936 6.

219 1951 383 1991 quiescere.
401 1948 558 1990 quiessem
573 1949 607 1979 in
626 1948 752 1989 propria
772 1948 855 1988 pelle
880 1948 943 1979 Sat.

173 1994 194 2024 i.
222 1993 253 2024 6.
283 1992 336 2023 22.
362 1993 504 2033 quiescas
527 1995 616 2033 (proz
641 2004 747 2024 versus
769 2003 948 2033 componere

175 2037 315 2078 desinas)
333 2037 398 2068 Sat.
415 2036 447 2066 ii.
470 2035 498 2067 1.
516 2035 548 2067 5.

219 2083 352 2123 quietus.
370 2080 478 2121 quieta
491 2091 573 2121 aqua
589 2081 636 2122 (h.
655 2090 682 2110 e.
701 2081 810 2111 leniter
815 2079 945 2122 fluens)

174 2125 301 2156 mordet
314 2134 388 2155 rura
405 2123 470 2155 Od.
487 2123 508 2154 i.
527 2123 580 2155 31.
600 2123 631 2161 7,
647 2123 679 2155 8.
698 2123 758 2154 vid.
774 2130 840 2155 not.
857 2123 947 2164 quie-

174 2177 226 2200 tos
239 2178 349 2199 amnes
363 2177 437 2198 vera
450 2167 584 2198 diluvies
597 2167 698 2198 irritat
726 2167 790 2198 Od.
819 2167 864 2197 iii.
889 2166 944 2197 29.

172 2212 228 2249 40,
243 2211 297 2243 41.
315 2211 471 2253 quietiore
485 2221 612 2252 aequore
626 2221 684 2241 nec
699 2211 818 2241 feratur
841 2210 947 2250 Epod.

177 2256 228 2288 10.
251 2255 301 2287 11.
316 2255 519 2296 —quietum
539 2264 674 2296 regnum
706 2253 856 2294 Pompilii
884 2254 947 2286 od.

174 2301 195 2332 i.
229 2299 280 2331 12.
307 2299 362 2337 33,
389 2297 443 2330 34.
471 2298 585 2338 quietis
609 2298 774 2329 ordinibus
802 2298 946 2329 Deorum

174 2344 310 2376 adscribi
327 2342 391 2374 Od.
410 2342 454 2372 iii.
471 2341 504 2373 3.
522 2341 576 2379 35,
591 2341 646 2373 36.
666 2341 727 2372 vid.
745 2349 809 2373 not.
823 2341 949 2383 quietus

175 2398 317 2430 quaerere
330 2387 424 2427 coepit
440 2387 544 2426 Epist.
562 2386 595 2417 ii.
613 2385 640 2416 1.
663 2385 736 2416 162.

218 2433 355 2474 quilibet,
386 2432 535 2471 quaelibet,
562 2431 714 2471 quodlibet
744 2437 776 2460 et
800 2430 947 2471 quidlibet

177 2476 282 2515 Epist.
301 2475 322 2506 i.
340 2473 389 2505 15.
408 2473 462 2504 30.
483 2473 587 2513 Epist.
613 2474 634 2504 i.
659 2472 709 2504 17.
739 2472 793 2504 28.
822 2472 946 2513 quodli-

173 2521 228 2551 bet
241 2529 357 2549 nomen
372 2517 419 2548 illi
434 2517 476 2548 do
493 2519 557 2548 Sat.
571 2517 595 2548 i.
610 2517 642 2548 2.
665 2516 736 2548 126.

220 2565 307 2604 quin.
325 2562 404 2603 quin
417 2561 541 2592 fortiter
554 2572 663 2601 pereas
679 2561 744 2592 Sat.
769 2561 802 2591 ii.
830 2560 863 2591 3.
888 2558 942 2590 42.

172 2607 254 2648 quin
283 2616 396 2645 corpus
423 2613 575 2636 onustum
599 2605 743 2636 animum
772 2610 948 2645 praegravat

179 2652 244 2681 Sat.
261 2650 293 2680 ii.
320 2649 351 2680 2.
383 2647 435 2680 77.
449 2649 583 2691 ——quin
609 2649 703 2680 etiam
725 2647 807 2678 illud
831 2647 948 2678 accidit

179 2695 244 2725 Sat.
258 2694 279 2724 i.
297 2692 331 2724 2.
347 2691 402 2727 44,
418 2691 471 2723 45.
491 2693 568 2734 quin
583 2703 622 2724 ex
637 2702 702 2734 quo
719 2691 844 2722 habitus
867 2690 944 2733 (est)

179 2739 243 2769 Sat.
262 2738 294 2767 ii.
314 2736 345 2768 3.
368 2735 440 2768 137.

219 2783 392 2822 quincunx.
409 2782 562 2823 (quinque
575 2778 694 2819 unciae)
709 2778 750 2810 de
763 2778 941 2820 quincunce

179 2825 282 2864 Epist.
301 2824 340 2855 ad
361 2825 424 2855 Pis.
444 2823 519 2855 327.
538 2824 600 2855 vid.
619 2830 684 2855 not.

220 2870 397 2908 quindecim
426 2878 533 2908 preces
558 2868 698 2899 virorum
728 2865 835 2898 Diana
856 2871 945 2896 curet

180 2911 217 2941 C.
251 2911 281 2942 S.
316 2911 368 2950 70,
401 2910 453 2943 71.

175 2961 239 2986 72⁰(-

511 2912 563 2944 De
591 2909 848 2953 quindecimviris
876 2909 941 2940 vid.

986 1685 1166 1726 jaculamur
1186 1684 1311 1714 multa?

989 387 1100 427 norem
1131 378 1376 428 celebrabantur.
1427 381 1517 413 Hinc
1551 385 1756 423 quinquatria

989 421 1083 494 dign:
1109 423 1350 463 quinquatribus
1364 423 1451 455 fatis
1466 425 1568 466 Epist.
1581 426 1613 456 ii.
1629 425 1660 456 2.
1679 425 1755 457 197.

991 475 1020 494 w
1033 472 1255 550 witizae-nnis.
1275 510 1496 551 quinquennes
1518 511 1604 543 oleas
1629 512 1694 544 Sat.
1720 512 1756 543 ii.

990 551 1021 581 2.
1040 551 1094 582 57.
1111 552 1309 593 quinquenni
1324 553 1400 584 vino
1417 553 1482 584 Sat.
1496 555 1531 585 ii.
1547 555 1580 586 8.
1596 554 1651 587 47.

1033 598 1228 637 quinquevir.
1245 607 1284 627 ex
1298 597 1506 638 quinqueviro
1521 599 1620 630 scriba
1636 600 1701 631 Sat.
1719 599 1753 630 ii.

991 638 1022 669 5.
1050 638 1105 670 56.
1155 640 1208 671 De
1230 639 1510 682 quinqueviromm
1533 643 1667 684 negotiis
1686 643 1754 674 vid.

991 689 1177 800 Tgiiuimus.
1194 726 1306 768 quinta
1319 733 1407 767 parte
1421 727 1556 759 nectaris
1571 727 1638 762 od.
1652 728 1675 760 i.
1702 728 1756 761 13.

993 793 1162 888 Iguium.
1179 813 1293 855 quinas
1306 813 1466 845 mercedes
1479 813 1579 856 exigit
1595 815 1658 847 Sat.
1676 815 1698 847 i.
1722 815 1754 847 2.

1032 902 1147 943 quippe
1163 899 1226 931 Od.
1244 900 1266 930 i.
1278 899 1333 933 31.
1352 900 1402 932 13.
1423 901 1488 932 Sat.
1507 901 1527 932 ἰ.
1546 901 1578 932 2.
1594 900 1626 932 4.

1034 948 1114 986 quis,
1143 956 1224 985 quae,
1256 947 1340 985 quid.
1371 947 1527 987 (pronom-
1558 945 1758 987 interrogat.)

991 988 1062 1029 quis
1075 989 1172 1019 homo
1186 988 1260 1018 hic?
1285 988 1350 1019 Sat.
1375 988 1395 1018 i.
1423 987 1456 1018 6.
1484 987 1538 1019 29.
1565 989 1637 1030 quis
1656 989 1759 1031 (idem

991 1032 1172 1073 significans
1186 1030 1271 1072 quod
1286 1033 1396 1063 nullus
1410 1038 1466 1062 aut
1485 1031 1592 1072 nemo)
1619 1033 1759 1064 Martem

991 1076 1088 1117 digne
1103 1075 1259 1114 scripserit
1273 1074 1337 1106 od.
1355 1075 1376 1105 i.
1402 1074 1436 1106 6.
1460 1074 1510 1106 13.
1535 1086 1608 1117 quis
1628 1076 1696 1113 scit,
1718 1087 1763 1107 an·

992 1127 1051 1150 etc.
1102 1118 1154 1150 Sic
1167 1118 1290 1157 saepius.
1303 1121 1429 1160 —quis
1442 1129 1516 1159 pro:
1542 1121 1665 1159 qualis.-
1690 1121 1761 1160 quis

991 1169 1091 1193 status
1104 1162 1261 1193 civitatem
1275 1162 1385 1193 deceat
1400 1162 1465 1194 od.
1482 1162 1527 1194 iii.
1545 1162 1598 1193 29.
1617 1161 1670 1193 25.
1687 1163 1764 1204 quis

990 1204 1449 1290 {Z??.ss?zffidss²j'..⁷g.35ss
1466 1208 1685 1281 321‘1·11‘{²‘⁹2’1.-².’
1696 1217 1762 1286 25⁸5

991 1292 1046 1324 46.
1073 1293 1125 1324 Sic
1139 1293 1318 1332 saepissime.
1338 1303 1379 1323 ne
1393 1293 1465 1334 quis
1477 1293 1532 1324 fur
1545 1294 1594 1327 sit.
1610 1303 1674 1324 neu
1687 1295 1764 1335 quis

992 1337 1116 1367 adulter
1132 1337 1195 1367 Sat.
1215 1336 1237 1366 i.
1255 1336 1288 1367 3.
1320 1335 1392 1367 106.
1419 1336 1474 1367 ubi
1497 1336 1568 1378 quis
1593 1343 1625 1368 te
1646 1337 1762 1369 leserit

993 1381 1099 1420 Epist.
1122 1380 1143 1411 i.
1169 1379 1221 1411 20.
1251 1379 1283 1410 7.
1331 1380 1398 1410 His
1421 1390 1549 1421 quoque
1573 1379 1652 1411 locis
1679 1391 1755 1421 pro:

992 1426 1116 1465 aliquis.
1129 1423 1260 1463 —quid
1287 1423 1326 1453 ad
1356 1433 1422 1453 rem
1451 1423 1554 1459 Epist.
1587 1423 1608 1454 i.
1637 1423 1668 1454 6.
1705 1423 1762 1455 12..7

990 1467 1067 1509 quid
1082 1467 1166 1497 enim
1184 1467 1287 1504 Epist.
1306 1466 1347 1496 ad
1364 1466 1428 1497 Pis.
1440 1466 1518 1498 329.
1537 1485 1581 1492 -
1594 1467 1672 1507 quid
1698 1469 1759 1498 mi-

991 1521 1063 1541 rum
1082 1511 1146 1541 Od.
1164 1510 1197 1541 ii.
1219 1509 1270 1541 13.
1287 1509 1341 1541 33.
1368 1510 1447 1551 quid
1462 1509 1564 1541 multa
1589 1511 1655 1541 Sat.
1677 1510 1698 1541 i.
1723 1511 1758 1542 6.

990 1554 1043 1585 82.
1075 1554 1164 1596 quid,
1194 1554 1249 1594 qui
1277 1554 1428 1593 pervenit,
1456 1553 1572 1585 fecitne
1601 1553 1730 1586 viriliter
1742 1556 1763 1585 ἓ

992 1600 1086 1639 (prot
1111 1600 1186 1639 quid
1201 1597 1299 1629 vero?
1323 1603 1381 1628 etc.
1399 1596 1462 1628 vid.
1492 1597 1576 1637 ποι.)
1604 1597 1708 1637 Epist.
1734 1599 1756 1629 i.

994 1640 1043 1672 17.
1062 1640 1115 1672 38.
1129 1643 1259 1682 —quid
1273 1650 1350 1680 pro:
1377 1651 1437 1672 cur
1449 1654 1460 1671 .-
1484 1640 1561 1681 quid
1582 1640 1668 1671 brevi
1691 1651 1760 1673 nvo

1332 1683 1411 1724 quid
1433 1690 1529 1715 terras
1543 1701 1586 1708 —
1596 1690 1759 1716 mutamus

990 1729 1092 1769 patria
1108 1727 1172 1758 Od.
1190 1727 1224 1758 ii.
1246 1726 1296 1758 16.
1327 1725 1464 1758 17-19.
1484 1726 1563 1768 quid
1585 1737 1760 1759 memorem

990 1771 1119 1812 singula
1145 1771 1209 1801 Sat.
1238 1771 1260 1801 i.
1289 1769 1322 1801 8.
1348 1768 1547 1811 40.-quiaet
1568 1772 1653 1802 enim
1677 1781 1757 1811 pro:

988 1817 1139 1855 quidnam
1152 1830 1163 1846 .-
1187 1814 1267 1856 quid
1281 1813 1367 1845 enim
1386 1814 1469 1855 Ajax
1483 1813 1559 1845 fecit
1575 1814 1641 1845 Sat.
1664 1813 1698 1846 ii.
1722 1814 1754 1846 3.

989 1857 1188 1976 ῗοέῗὲιιὲἒηη.
1203 1900 1355 1943 quidnam
1380 1900 1444 1932 Sat.
1469 1900 1504 1932 ii.
1528 1900 1561 1932 a
1588 1899 1666 1932 158.
1688 1901 1762 1934 sa.

990 1957 1024 1977 u.
1066 1968 1073 1976 .
1137 1968 1146 1976 .

1035 1992 1200 2031 quisquam
1218 1989 1282 2020 Sat.
1298 1988 1320 2018 i.
1337 1987 1370 2019 3.
1388 1986 1443 2019 33.
1459 1994 1492 2019 et
1506 1986 1578 2019 aliis
1590 1987 1682 2020 locis.

1033 2036 1162 2075 quisque
1179 2033 1243 2064 Od.
1260 2032 1304 2063 iii.
1326 2030 1377 2062 16.
1402 2030 1457 2062 21.
1481 2041 1618 2072 queque
1643 2032 1714 2064 Sat.
1733 2033 1756 2064 i.

990 2077 1022 2109 3.
1041 2076 1093 2108 79.
1112 2087 1233 2118 quoque
1246 2085 1322 2116 pro:
1347 2086 1545 2117 quocunque.
1688 2102 1690 2104 ,

1033 2122 1182 2163 quisquis.
1204 2120 1266 2151 Od.
1281 2119 1314 2150 ii.
1330 2118 1362 2150 2.
1380 2118 1434 2150 23.
1450 2117 1592 2169 quisquis
1612 2118 1759 2170 Deorum

990 2167 1083 2283 {523²
1099 2161 1630 2283 {Zssssss‘esssslo‘ssuiihss'qff
1632 2173 1758 2247 '1335

1008 2255 1058 2283 'at.
1077 2252 1097 2282 i.
1140 2273 1148 2281 .
1189 2273 1198 2281 .
1604 2270 1606 2272 v

1035 2297 1134 2336 quivis
1151 2295 1215 2325 Sat.
1233 2294 1254 2324 i.
1271 2292 1303 2325 4.
1329 2293 1383 2325 55.
1411 2292 1554 2335 quemvis
1581 2293 1646 2325 Sat.
1673 2292 1694 2323 i.
1721 2291 1752 2324 4.

989 2339 1105 2425 {⁵53⁵
1108 2339 1496 2423 iiii.⁸{¹i'.'2¹1.ii¹.‘ss¹⁰§}²‡⁵
1506 2335 1758 2412 33²1}AE

990 2427 1061 2458 aliis
1074 2426 1160 2457 locis.

1033 2471 1136 2512 quoad
1153 2469 1216 2500 Sat.
1231 2468 1264 2498 ii.
1282 2467 1313 2499 3.
1333 2467 1386 2498 91.

1034 2515 1180 2556 quocirca
1196 2512 1290 2543 vivite
1302 2511 1397 2542 fortes
1415 2511 1478 2542 Sat.
1496 2509 1530 2540 ii.
1548 2509 1580 2540 2.
1601 2509 1673 2542 135.

1033 2559 1183 2598 quomodo
1201 2555 1264 2586 Sat.
1281 2555 1302 2586 i.
1321 2554 1352 2586 9.
1371 2553 1425 2586 43·

1034 2602 1192 2643 quondam
1205 2598 1319 2640 poterit
1333 2605 1542 2629 transcurrere
1567 2597 1631 2628 Sat.
1659 2597 1694 2629 ii.
1719 2598 1754 2630 2.

990 2644 1044 2676 82.
1063 2651 1096 2675 et
1109 2643 1179 2674 aliis
1200 2642 1287 2673 locis.
1313 2644 1470 2683 quondam
1492 2651 1572 2681 pro:
1595 2643 1756 2675 ''ruer-dum

993 2689 1057 2720 Od.
1075 2689 1110 2719 ii.
1131 2686 1181 2718 10.
1202 2685 1252 2716 18.

1028 2733 1179 2774 quoniam
1196 2730 1258 2761 Sat.
1277 2728 1297 2759 i.
1312 2727 1344 2759 6.
1362 2727 1415 2759 22.
1438 2728 1501 2759 Sat.
1521 2729 1553 2760 ii.
1572 2729 1604 2761 3.
1623 2729 1705 2762 301.

1029 2786 1151 2818 quoque
1167 2772 1229 2804 Od.
1247 2772 1267 2802 i.
1290 2770 1340 2802 15.
1359 2772 1412 2803 26.
1433 2772 1496 2803 Sat.
1510 2773 1531 2803 i.
1550 2773 1582 2804 6.
1600 2773 1654 2805 50.

1031 2828 1180 2861 quorsum
1194 2815 1346 2856 pertinuit
1363 2817 1425 2847 Sat.
1445 2815 1476 2847 ii.
1491 2816 1523 2848 3.
1543 2816 1594 2848 11.

1031 2869 1104 2904 quoe
1119 2860 1256 2900 capitum
1271 2859 1382 2890 vivunt
1399 2861 1463 2891 Sat.
1481 2860 1512 2891 ii.
1530 2859 1559 2892 l.
1577 2860 1631 2892 27.

1030 2905 1198 2948 quotannis
1213 2902 1334 2934 inarata
1348 2903 1443 2935 tellus
1459 2904 1565 2944 Epod.
1582 2904 1633 2936 16.
1651 2903 1708 2937 43.

1031 2950 1148 2991 q'uou'es
1164 2946 1228 2979 od.
1244 2945 1265 2978 i.
1285 2945 1315 2977 5.
1335 2946 1365 2979 5.
1387 2948 1452 2980 Od.
1470 2949 1510 2979 iv.
1529 2947 1560 2980 2.
1579 2948 1636 2980 26.

1047 2998 1058 3024 1
1068 2997 1081 3024 l
