1904 3250
133 1728 135 1730 '
198 1720 327 1751 Iberum
354 1718 535 1750 commissis.

210 124 264 162 80

839 125 1143 172 HORATII

1589 136 1697 184 [Lm.
1719 149 1770 181 ιι.

327 248 414 297 Qui
433 265 600 308 gurges,
624 260 694 293 aut
715 268 809 309 quae
828 253 1001 295 flumina
1021 254 1211 311 lugubris

326 321 479 378 Ignara
498 322 629 365 belli?
659 325 771 381 quod
792 340 906 366 mare
927 325 1108 367 Dauniae

237 393 292 431 35

442 392 538 434 Non
561 393 852 435 decoloravere
874 393 1041 435 caedes?

556 463 666 513 Quae
687 472 799 505 caret
819 479 893 504 ora
914 479 1062 506 cruore
1081 465 1257 508 nostro?

326 533 409 574 Sed
430 548 495 583 ne,
519 533 683 582 relictis,
709 532 837 574 Musa
857 548 1027 589 procax,
1048 535 1170 590 jocis,

325 606 423 647 Ceae
444 613 640 646 retractes
662 620 835 647 munera
858 606 1042 648 Naeniae:

439 677 612 719 Mecum
634 677 816 719 Dionaeo
837 679 915 720 sub
935 687 1057 721 antro

234 751 289 788 40

760 961 983 1003 CARM

553 748 709 797 Quaere
730 749 878 790 modos
898 749 1053 792 leviore
1073 750 1245 806 plectro.

1002 961 1098 1003 EN
1140 962 1204 1004 II.

648 1106 715 1137 AD
749 1106 965 1138 CRISPUM
998 1107 1308 1139 SALLUSTIUM

319 1246 504 1289 NtJLLus
525 1253 700 1303 argento
721 1245 837 1287 color
857 1254 931 1298 est,
953 1248 1087 1289 avaris

317 1320 476 1362 Abdito
496 1320 630 1370 terris,
653 1319 818 1361 inimice
838 1319 989 1362 lamnae

317 1393 466 1450 Crispe
490 1393 671 1443 Sallusti,
693 1393 773 1434 nisi
793 1401 1024 1450 temperato

722 1465 949 1521 Splendeat
969 1482 1059 1508 usu.

200 1588 262 1620 lv.
281 1587 311 1619 4.
329 1588 382 1620 38.
404 1588 521 1619 Catull.
540 1587 672 1618 LXIV.
691 1586 765 1619 358.
786 1587 906 1619 Tibuu.
924 1588 954 1619 Ι.

200 1631 296 1664 ⁷7.11.
315 1632 405 1673 Virg.
431 1632 539 1672 Eclog.
562 1632 601 1661 V.
619 1630 671 1662 21.
692 1631 828 1673 cogitare
850 1638 955 1662 autem

197 1677 270 1708 lieet
294 1676 333 1707 de
360 1676 472 1715 proeliis
493 1675 531 1706 ad
558 1675 760 1712 Rhodanum,
787 1674 910 1706 Padum
925 1681 957 1706 et

622 1721 735 1750 Daun.
765 1720 860 1751 caedes
874 1719 904 1749 h.
925 1729 952 1749 e.

196 1763 325 1805 sanguis
360 1773 509 1793 caesorum
549 1761 665 1792 civium
717 1762 953 1801 Romanorum3

196 1809 329 1839 Daunia
357 1806 421 1837 sive
453 1806 571 1846 Apulia
597 1816 655 1845 pro
689 1812 755 1837 tota
791 1805 894 1837 Italia.
911 1823 955 1831 —

197 1851 320 1888 Terras,
335 1861 407 1891 quae
421 1849 503 1880 bella
516 1849 618 1880 civilia
633 1855 806 1887 senserunt,
816 1856 955 1880 recenset

198 1893 311 1925 Florus
328 1894 389 1924 lv.
407 1893 438 1924 2.
460 1894 480 1934 §
505 1893 537 1924 6.
583 1895 617 1925 Si
640 1895 744 1925 locum
767 1899 798 1924 et
891 1894 954 1924 'um

196 1940 254 1979 (sc.
272 1939 423 1978 inspicias,
439 1936 523 1977 quod
538 1947 575 1967 ex
597 1936 851 1968 antecedentibus
865 1946 952 1975 repe-

194 1980 338 2021 tendum)
355 1982 408 2012 ubi
422 1982 619 2012 commissum
632 1986 686 2017 ert,
701 1982 786 2012 intra
802 1981 928 2011 Italiam
938 1996 950 2017 ;

192 2026 265 2057 inde
279 2036 310 2056 se
332 2026 364 2055 in
393 2026 527 2056 Galliam
552 2025 799 2065 Hispaniamque
820 2025 952 2066 deflexit,

193 2079 410 2109 reversumque
424 2069 461 2098 ab
478 2079 596 2105 occasu,
606 2069 675 2098 totis
685 2069 799 2099 viribus
807 2069 841 2098 in
852 2068 951 2107 Epiro

199 2113 412 2152 Thessaliaque
439 2113 569 2142 consedi!
579 2127 590 2148 ‚·
622 2113 694 2142 hinc
719 2113 753 2142 in
778 2112 952 2152 AEgyplum

194 2157 291 2188 nahita
305 2156 467 2191 transiliit;
489 2156 562 2185 inde
583 2156 710 2194 respexit
724 2156 855 2190 Asiam,-
879 2155 952 2185 inde

193 2200 313 2243 Asricoe
335 2199 475 2230 incubuit
486 2214 496 2234 ;
517 2204 667 2238 postremo
696 2199 732 2229 in
764 2199 951 2238 Hispaniam

192 2244 355 2285 regyravit,
370 2248 398 2272 et
413 2242 454 2272 ibi
467 2243 633 2282 aliquando
649 2242 766 2284 elficit.

234 2297 262 2317 v.
281 2283 419 2317 37-40.
444 2295 484 2315 ne
505 2296 638 2316 munera
666 2287 734 2316 Ceoe
757 2285 883 2316 Noenioe
902 2295 949 2315 re-

192 2336 312 2367 tractes,
334 2339 376 2359 ne
400 2338 492 2359 canas
514 2327 640 2365 naenias,
664 2329 790 2371 θςῆνανε,
812 2327 951 2359 earmina

191 2372 338 2415 lugubria
351 2378 384 2403 et
404 2371 632 2402 miserationem
656 2371 822 2408 moventia,
846 2370 951 2412 qualia

191 2416 267 2447 olim
293 2415 404 2448 cecinit
431 2414 606 2445 Simonides
634 2417 710 2446 Ceus
736 2414 855 2457 (insula
886 2414 950 2445 Cea

191 2459 372 2500 oriundus.)
386 2476 431 2483 -
446 2460 631 2490 Simonidem
659 2460 802 2490 lacrimas
830 2457 948 2488 flebiles

191 2503 307 2535 illoset
326 2501 514 2534 miserabiles
539 2500 706 2531 Simonidis
731 2501 836 2543 elegos
860 2507 949 2532 vocat

195 2546 311 2579 catull.
344 2544 564 2577 XXXVIII.
595 2543 627 2574 8.
644 2562 687 2569 —
711 2545 762 2576 De
790 2544 946 2582 laudibus,

192 2601 263 2632 quaes
291 2588 453 2625 Simonidi,
477 2594 515 2618 ut
539 2594 648 2627 poetae,
670 2587 860 2624 tribuuntur,
882 2587 944 2618 vid.

198 2635 371 2675 Wesseling.
387 2632 427 2664 ad
442 2631 575 2663 Diodor.
597 2630 656 2661 Sic.
677 2631 715 2662 T.
738 2632 764 2662 1.
779 2642 808 2671 p.
823 2630 949 2662 412.-

191 2689 324 2710 munera
338 2677 461 2714 naeniae,
482 2684 553 2716 pro:
581 2674 715 2704 naeniam
741 2675 789 2705 vel
811 2675 948 2713 naenias3

192 2732 320 2759 munus,
335 2727 373 2752 ut
386 2729 476 2760 sepe,
490 2717 617 2750 inservit
629 2716 806 2757 periphrasi.

429 2806 488 2838 CA
495 2803 635 2837 RMEN
659 2804 674 2835 1
682 2803 709 2835 Ι.

238 2894 315 2934 Agit
330 2900 421 2934 poeta
442 2894 474 2924 in
489 2893 550 2924 hoc
567 2891 703 2923 armine
718 2890 758 2920 de
779 2900 860 2927 vera,
877 2900 946 2930 quae

191 2947 227 2966 ex
245 2937 421 2968 divitiarum
444 2937 491 2968 vel
515 2941 671 2967 contemtu
694 2933 741 2965 vel
765 2933 881 2964 liberali
895 2945 945 2964 ea-

999 1598 1071 1618 rum
1085 1597 1145 1619 usu
1159 1593 1365 1628 comparetur,
1387 1587 1488 1630 gloria
1509 1598 1548 1620 eo
1561 1588 1700 1627 oonsilio,
1722 1596 1759 1622 ut

999 1642 1069 1662 eam
1087 1631 1198 1671 Crispo
1214 1631 1372 1669 Sallustio,
1387 1631 1565 1672 sapientius
1576 1632 1690 1674 quibus
1703 1633 1759 1664 ille

999 1675 1188 1714 abundabat,
1204 1675 1320 1706 divitiis
1332 1685 1400 1711 uso,
1415 1675 1561 1706 vindicet.
1600 1675 1757 1708 Proculeii

999 1718 1106 1760 igitur,
1120 1718 1297 1749 immortale
1319 1718 1501 1750 liberalitate
1522 1729 1580 1750 sua
1601 1719 1634 1749 in
1649 1719 1758 1751 fratre-

998 1772 1115 1793 nomen
1130 1762 1224 1800 nacti,
1236 1761 1364 1792 laudato
1378 1762 1410 1792 in
1425 1762 1506 1793 banc
1519 1772 1586 1793 rem
1601 1764 1756 1804 exemplo,

998 1812 1063 1836 tam
1077 1806 1222 1836 miseram
1247 1805 1456 1836 conditionem
1477 1815 1595 1841 eorum.
1620 1815 1757 1847 quorum

997 1849 1090 1888 plura
1102 1848 1237 1880 habendi
1251 1848 1406 1888 cupiditas
1418 1848 1528 1886 indies,
1551 1856 1588 1880 ut
1609 1849 1756 1891 hydrops

997 1899 1123 1930 crescat,
1149 1903 1246 1933 quam
1269 1901 1426 1924 summam
1446 1891 1627 1924 felicitatem
1647 1899 1679 1924 et
1698 1903 1757 1934 po-

995 1936 1125 1966 tentiam
1140 1946 1259 1973 eorum,
1276 1936 1331 1977 qui
1344 1935 1510 1975 exstirpat·
1531 1936 1623 1975 plane
1636 1946 1675 1967 ex
1689 1937 1757 1967 ani-

996 1989 1051 2010 mo
1065 1979 1155 2020 plura
1169 1979 1302 2010 habendi
1317 1978 1487 2018 cupiditate
1495 1979 1553 2010 sibi
1563 1979 1715 2020 imperare
1724 1987 1757 2012 et

996 2023 1124 2054 fortuna
1137 2033 1195 2054 sua
1209 2023 1255 2054 uti
1270 2021 1444 2059 didicerint,
1459 2022 1614 2054 describit.
1625 2041 1670 2050 —
1680 2023 1756 2055 Fuit

996 2073 1103 2097 autem
1121 2066 1251 2105 crispus
1267 2065 1443 2103 Sallustius,
1457 2066 1619 2097 clarissimi
1632 2067 1755 2098 histor-i-

995 2119 1086 2140 arum
1098 2110 1255 2150 scriptoris
1268 2119 1306 2140 ex
1321 2119 1424 2140 sorore
1444 2119 1551 2149 nepos,
1573 2119 1637 2140 non
1650 2110 1754 2142 solum

995 2164 1015 2184 a
1049 2153 1226 2184 divitiarum
1262 2151 1478 2194 augendarum
1514 2153 1604 2195 (uam
1634 2153 1755 2186 vivebat

995 2195 1258 2236 splendidissime)
1274 2196 1329 2227 sed
1342 2196 1436 2226 etiam
1458 2196 1613 2227 bonorum
1635 2197 1755 2239 (noluit

995 2240 1079 2270 enim
1108 2240 1192 2270 ultra
1215 2239 1358 2270 ordinem
1381 2246 1554 2279 equestrem
1575 2241 1752 2282 assurgere)

995 2283 1100 2314 studio
1123 2282 1338 2314 alienissimus.
1387 2281 1578 2313 Nobilissimi
1611 2283 1754 2324 inprimis

992 2335 1068 2357 sunt
1081 2329 1160 2358 horti
1181 2327 1370 2362 Sallustiani,
1391 2335 1471 2367 quos
1493 2325 1649 2366 praeclaris
1670 2327 1752 2359 anti·

991 2370 1120 2411 quitatis
1133 2370 1346 2400 monum-tis
1357 2368 1524 2400 insu-nctus
1544 2369 1752 2410 Imperatore·

992 2419 1099 2453 postea
1112 2413 1282 2444 obtinuisse
1301 2418 1431 2444 constat.
1443 2431 1488 2437 —
1503 2413 1546 2444 In
1566 2414 1751 2446 sententiam

990 2457 1087 2531 {zingijus
1107 2456 1252 2489 carminis
1273 2462 1453 2496 comparant
1475 2457 1631 2489 Theocrit-
1650 2458 1747 2489 XVI.

1033 2511 1178 2575 {aliq—4.
1197 2544 1327 2575 Sensus:
1357 2542 1494 2575 Nullum
1508 2542 1644 2584 pretinm
1657 2544 1749 2575 babet

991 2594 1168 2629 argentum,
1182 2587 1270 2628 quod
1290 2586 1389 2618 avaris
1408 2586 1588 2618 hominibus
1606 2587 1748 2618 abditum

992 2637 1040 2662 est
1052 2631 1087 2661 in
1101 2638 1198 2669 ternu
1214 2631 1287 2662 hinc
1300 2631 1399 2661 invisa
1411 2629 1467 2661 tibi
1481 2636 1537 2668 eet,
1555 2630 1664 2670 crispe
1680 2631 1749 2662 Sd-

992 2674 1077 2712 lusfi,
1091 2675 1234 2714 pecunia,
1257 2684 1328 2715 quae
1349 2683 1414 2704 non
1434 2673 1587 2714 sapienter
1606 2673 1640 2703 in
1653 2683 1748 2705 usum

990 2718 1188 2749 convertitur.
1259 2719 1338 2749 null.
1357 2729 1423 2758 arg.
1441 2718 1496 2748 col.
1513 2722 1567 2754 ese,
1584 2715 1748 2756 splendore

990 2771 1050 2792 suo
1062 2761 1093 2792 h.
1111 2771 1139 2792 e.
1152 2760 1250 2801 pretio
1263 2767 1346 2791 caret
1359 2765 1534 2801 argentum.
1598 2760 1632 2791 φὶ
1645 2763 1748 2792 amris

990 2814 1109 2843 omnes,
1117 2814 1195 2846 quos
1200 2803 1274 2842 vidi,
1282 2803 1601 2843 interpretandum-is
1607 2804 1746 2841 trabunt,

990 2856 1021 2878 et
1033 2858 1159 2879 avaram
1175 2854 1287 2879 terram
1303 2844 1459 2887 explicant
1472 2845 1512 2877 de
1522 2856 1570 2884 ea,
1581 2856 1652 2887 quae
1662 2848 1746 2878 avari

989 2891 1085 2922 instar
1098 2896 1263 2932 argentum
1277 2890 1438 2921 conditum
1459 2889 1634 2926 custodiat'3
1655 2891 1745 2933 equi-

989 2934 1060 2965 dem
1085 2937 1186 2967 avaris
1206 2934 1238 2965 in
1261 2944 1336 2966 casu
1350 2932 1442 2964 tertio
1461 2940 1492 2965 et
1513 2935 1602 2965 terris
1615 2933 1648 2964 in
1670 2943 1744 2965 casu
