1904 3250
187 211 267 251 188

809 210 1114 254 HORATII

1545 218 1652 267 [nn.
1675 226 1746 256 111.

709 417 976 460 CARMEN
1022 419 1221 462 XXVII.

773 554 843 585 An
869 555 1160 599 GALAJI'EAM.

302 691 458 733 Ipros
478 705 616 746 parrae
638 690 861 732 recinentis
882 707 1006 733 omen

300 763 456 813 Ducat,
478 771 520 804 et
539 778 764 821 praegnans
786 764 913 815 canis,
937 773 1010 807 aut
1029 766 1082 808 ab
1103 782 1206 825 agro

304 835 422 877 Rava
442 835 669 878 decurrens
690 836 793 892 lupa
814 836 1038 880 Lanuvino

710 906 894 964 Fetaque
914 909 1084 965 vulpes:

245 979 271 1017 5
306 976 493 1033 Rumpat
512 984 554 1018 et
569 991 740 1033 serpens
761 978 840 1019 iter
859 978 1108 1030 institutum,

306 1047 351 1088 Si
370 1061 448 1103 per
466 1047 683 1104 obliquum
706 1048 852 1089 similis
874 1050 1037 1107 sagittae

304 1116 478 1159 Terruit
496 1133 685 1160 mannos.
748 1117 845 1176 Ego
866 1120 934 1161 cui
954 1120 1124 1171 timebo,

712 1191 920 1234 Providus
942 1208 1116 1249 auspex,

306 1261 547 1318 Antequam
567 1269 722 1303 stantes
744 1270 907 1318 repetat
926 1262 1102 1319 paludes

224 1332 275 1371 10
307 1329 513 1372 Imbrium
534 1330 675 1372 divina⁴
696 1331 781 1372 avis
802 1331 1093 1383 inminentum,

308 1397 509 1441 Oscinem
530 1414 703 1442 corvum
722 1415 848 1456 prece
870 1401 1079 1442 suscitabo

717 1473 825 1515 Solis
846 1474 901 1516 ab
922 1482 1031 1516 ortu.

193 1617 426 1650 Sententiarum
440 1627 541 1648 nexus
555 1623 602 1649 est
615 1617 680 1648 fere
694 1617 744 1648 bic
757 1630 765 1649 z
794 1618 869 1649 Non
884 1628 952 1649 ma-

188 1662 230 1693 lis
249 1661 395 1703 equidem
421 1662 581 1692 ominibus
603 1667 635 1692 te
656 1663 696 1692 ab
719 1661 841 1699 itinere,
868 1661 954 1703 quod

126 1742 128 1745 .
189 1704 357 1741 meditaris,
388 1704 559 1741 deterrebo,
583 1705 649 1736 imo
675 1705 751 1736 deos
774 1707 952 1741 venerabor,

189 1755 228 1780 ut
250 1748 340 1780 bonis
364 1748 473 1779 avibus
498 1755 529 1779 te
552 1748 705 1788 proficisci
725 1749 878 1790 jubeant3
901 1750 956 1780 sed

189 1793 264 1823 licet
277 1803 350 1822 aves
362 1792 466 1823 itineri
481 1799 537 1823 tuo
551 1792 707 1829 addicant,
721 1793 824 1834 cogita
838 1803 955 1834 quaeSO,

192 1846 288 1878 quam
313 1846 423 1877 graves
450 1836 510 1866 hoc
531 1836 609 1876 ipso,
635 1836 721 1877 quod
743 1836 847 1872 instat,
881 1836 956 1866 anni

190 1886 332 1919 tempore
352 1885 551 1918 tempestates
574 1879 608 1910 in
630 1879 710 1910 mari
731 1879 805 1910 oriri
825 1879 955 1911 soleant.

194 1923 280 1955 Cave
293 1922 402 1964 igitur,
418 1933 458 1952 ne
477 1923 532 1953 tibi
555 1922 658 1953 fraudi
681 1923 730 1960 sit,
754 1933 848 1963 quam
873 1934 959 1955 nunc

191 1966 307 1998 caelum
342 1966 489 2004 ostendit,
520 1967 677 1997 serenitas,
738 1966 790 1997 Sic
828 1967 960 2006 Europa

191 2020 317 2051 quoque
326 2009 402 2040 olim
412 2020 468 2050 per
478 2016 639 2040 externam
650 2011 738 2041 bovis
749 2011 778 2041 ei
792 2010 957 2042 adblandi-

192 2053 275 2085 entis
303 2053 437 2093 speciem
460 2054 493 2084 in
522 2053 667 2084 fraudem
696 2054 826 2085 inducta
854 2061 957 2085 est.—

197 2097 295 2134 Quod
309 2107 404 2137 supra
428 2097 461 2127 in
488 2098 689 2139 Argumento
710 2098 751 2129 ad
772 2098 869 2139 hujus
890 2098 960 2129 libri

194 2150 320 2172 carmen
335 2141 463 2171 tertium
487 2141 527 2171 de
549 2141 690 2182 longiore
709 2141 774 2179 illa,
794 2152 858 2183 qua
871 2142 962 2174 Juno

193 2185 327 2226 loquens
354 2183 525 2221 inducitur,
551 2185 742 2226 digressione
766 2186 960 2224 monuimus,

194 2227 229 2259 id
251 2237 378 2270 quoque
400 2227 440 2258 de
464 2228 604 2268 Europae
627 2228 745 2266 fabula,
768 2229 844 2259 scite
865 2229 962 2270 hujus

196 2271 344 2303 oanninis
372 2278 560 2311 argumento
589 2273 833 2310 accommodata,
866 2274 956 2304 valet.

200 2315 325 2347 scilicet
338 2321 430 2354 poeta
442 2314 477 2344 in
493 2315 634 2355 Europae
648 2316 755 2347 fabula
770 2326 856 2347 nunc
872 2317 964 2347 unice

198 2359 414 2394 temeritatem,
444 2369 507 2399 qua
533 2358 588 2389 illa
616 2365 707 2390 tauro
736 2370 770 2390 se
797 2359 963 2391 credidisse

197 2403 306 2439 fertur,
329 2403 486 2442 spectavit,
510 2412 604 2443 quam
626 2413 701 2433 cum
720 2403 870 2439 Galatae,
886 2404 962 2444 hye-

199 2445 277 2477 mali
290 2452 429 2486 tempore
451 2446 521 2476 navi
545 2457 578 2476 se
600 2446 821 2483 commissurae,
837 2449 961 2478 temeri-

200 2496 264 2521 tate
290 2495 458 2529 comparat.
509 2489 669 2525 Quantam
697 2491 882 2521 suavitatem
905 2502 962 2521 au·

200 2541 277 2570 tem,
292 2532 514 2564 sublimitatem
537 2539 569 2563 et
593 2533 779 2574 dignitatem
808 2534 964 2564 Horatius

200 2577 276 2608 huic
296 2575 426 2608 carmini
446 2575 655 2606 conciliaverit
681 2587 728 2613 eo,
751 2577 836 2618 quod
861 2578 963 2608 Euro·

201 2631 274 2661 pam
289 2626 354 2651 tam
368 2626 511 2662 agentem
525 2630 620 2660 quam
635 2619 815 2660 loquentem
830 2620 964 2658 induxit,

202 2665 333 2695 lectores
345 2663 403 2703 ipsi
416 2663 558 2695 sentient.
608 2663 690 2694 Cum
706 2671 892 2704 argumento
907 2665 964 2694 hu-

198 2708 253 2749 jus
267 2707 414 2738 carminis
427 2713 608 2746 comparant
625 2707 765 2746 Propert.
788 2707 815 2737 1.
833 2707 865 2737 8.

245 2762 274 2781 v.
296 2749 411 2781 l—l2.
439 2750 572 2782 Sensus:
600 2749 718 2781 Omina
739 2750 804 2787 illa,
826 2761 897 2791 quae
918 2750 964 2781 in-

203 2795 306 2826 fausta
327 2805 394 2825 esse
415 2793 516 2825 solent
538 2794 597 2824 iter
617 2793 744 2835 aliquod
767 2793 963 2829 instituturis‚

203 2838 297 2878 inpiis
310 2838 475 2876 eveniant3
498 2843 532 2869 at
543 2837 662 2874 faustis,
677 2847 748 2878 quae
764 2847 783 2867 a
797 2837 857 2867 diis
872 2847 965 2877 expe-

206 2889 281 2917 tam,
305 2882 463 2913 ominibus
490 2881 701 2921 proficiscetur
729 2890 776 2917 ea,
807 2880 847 2910 de
879 2882 970 2921 cujus

206 2925 268 2955 vita
290 2936 350 2967 ego
372 2936 444 2956 sum
467 2924 626 2956 sollicitus.
716 2926 837 2960 Parrae,
865 2924 967 2965 qualis

208 2968 272 2997 avis
293 2979 347 3007 per
368 2981 499 3009 parram
520 2967 723 3010 intelligenda
745 2968 794 3005 sit,
813 2978 877 2998 non
895 2967 967 2998 satis

208 3010 317 3051 liquet.
366 3013 510 3044 Relatam
532 3012 618 3044 illam
639 3011 679 3043 ad
703 3022 755 3043 eas
775 3021 846 3043 aves
860 3011 965 3049 fuisse,

995 1629 1067 1659 quae
1083 1628 1230 1657 vocessua
1245 1623 1460 1658 tempestatem
1474 1618 1703 1659 portenderent,
1721 1630 1759 1650 ex

995 1663 1056 1692 hoc
1069 1662 1137 1702 ipso
1152 1662 1222 1693 loco
1235 1662 1437 1703 intelligitur;
1470 1665 1640 1698 recInentis,
1651 1673 1760 1694 vocem

996 1706 1223 1746 inauspicatam
1242 1705 1357 1736 iterum
1382 1706 1559 1747 iterumque
1581 1708 1757 1746 repetentis.

998 1761 1084 1787 rava,
1110 1749 1149 1780 ad
1170 1750 1317 1789 luporum
1346 1749 1494 1786 colorem,
1518 1750 1573 1791 qui
1596 1750 1678 1781 inter
1701 1761 1762 1781 σε·

999 1794 1082 1823 sium
1107 1800 1139 1823 et
1164 1792 1281 1824 flavum
1303 1792 1434 1823 «medius
1454 1792 1519 1824 fere
1543 1800 1600 1830 est,
1625 1793 1762 1825 referen-

999 1836 1100 1875 dum;
1137 1846 1216 1867 noss
1239 1837 1328 1878 fahl,
1351 1848 1444 1877 grau-
1493 1835 1644 1868 Similiter
1669 1839 1764 1878 lupus

1001 1879 1086 1919 apud
1112 1879 1206 1910 ovid.
1234 1881 1313 1911 Met.
1337 1880 1400 1911 VI.
1418 1878 1492 1911 528.
1518 1886 1663 1913 canusa
1679 1881 1760 1912 Met.

1003 1924 1069 1954 xl.
1089 1922 1163 1954 772.
1175 1925 1292 1965 sulvus
1305 1924 1430 1955 dicitur.
1478 1924 1591 1955 Minus
1610 1925 1692 1955 bene
1710 1923 1765 1955 alii

1001 1968 1041 1998 ad
1056 1967 1221 1998 oculorum
1235 1968 1373 1998 colorem
1390 1967 1539 2005 referunt,
1562 1974 1600 1999 ut
1623 1967 1665 1998 sit
1683 1977 1760 2008 pm:

999 2011 1188 2042 truculenta.
1236 2013 1415 2050 Lanuvino,
1432 2011 1518 2042 Latii
1531 2011 1657 2052 oppido,
1669 2021 1766 2052 prope

1000 2055 1080 2085 viam
1097 2055 1234 2094 Appiam
1248 2055 1281 2085 in
1296 2055 1366 2085 loco
1380 2055 1487 2086 acclivi
1501 2055 1580 2094 sit03
1603 2055 1676 2086 hinc
1689 2056 1765 2096 lupa

1002 2098 1078 2129 inde
1093 2101 1255 2130 decurrere
1269 2098 1395 2136 dicitur,
1409 2098 1501 2140 cujus
1513 2108 1569 2138 per
1589 2098 1671 2128 viam
1695 2099 1765 2138 Ap-

1002 2142 1088 2182 piam
1109 2148 1305 2172 transcursus
1332 2142 1538 2181 Campaniam
1559 2147 1591 2172 et
1615 2141 1766 2173 Brundu-

1004 2186 1086 2216 sium
1124 2195 1230 2216 versus
1267 2185 1451 2226 profecturis
1478 2185 1561 2216 male
1589 2185 1766 2225 auspicatus

1004 2229 1075 2260 fuit.
1142 2237 1270 2270 rumpat
1285 2231 1344 2260 iter
1357 2231 1546 2265 institutum,
1563 2228 1647 2259 malo
1660 2228 1766 2260 omine

1004 2283 1062 2303 suo
1076 2274 1115 2304 ab
1129 2272 1273 2303 instituto
1285 2272 1397 2304 itinere
1410 2272 1570 2303 deterreat.
1622 2283 1764 2310 mannos,

1006 2326 1103 2357 equos
1123 2316 1279 2356 parvulos,
1302 2316 1464 2347 velocitate
1482 2325 1540 2346 sua
1559 2315 1703 2355 inprimis
1717 2316 1765 2346 in-

1006 2360 1131 2401 signes;
1165 2360 1294 2401 (zeleer)
1373 2361 1522 2400 providus
1541 2370 1666 2400 auspex,
1688 2359 1766 2391 dum

1005 2404 1174 2443 prudenter
1188 2404 1261 2434 loeta
1273 2404 1407 2444 auguria
1420 2403 1577 2443 praecipio.
1661 2404 1764 2435 omn.

1005 2459 1084 2479 corv-
1108 2458 1160 2488 pr.
1182 2448 1287 2479 suscit.
1314 2449 1372 2479 Sol.
1391 2449 1429 2478 ab
1443 2453 1500 2491 ort.
1519 2446 1595 2478 deos
1606 2448 1765 2486 precabor,

1006 2498 1043 2522 ut
1063 2491 1199 2521 oscinem
1221 2499 1350 2521 corvum
1379 2492 1418 2521 ab
1441 2490 1560 2522 oriente
1583 2490 1767 2521 susdtatum

1005 2534 1116 2565 laetum
1140 2544 1234 2565 omen
1255 2544 1366 2565 canere
1382 2534 1525 2574 jubeant.
1554 2535 1705 2570 ‚Oscinem
1730 2541 1768 2564 ut

1007 2578 1080 2609 satis
1107 2584 1232 2616 notum,
1256 2583 1351 2609 cautu
1374 2578 1424 2608 vel
1445 2576 1599 2615 clamore3
1617 2582 1768 2618 proepetes

1007 2622 1114 2653 volatu
1135 2628 1259 2653 tantum
1280 2621 1449 2662 augurium
1471 2620 1597 2651 dabant.
1642 2622 1716 2651 Solis
1730 2622 1768 2651 ab

1008 2672 1089 2703 ortu,
1104 2667 1144 2696 ab
1165 2666 1283 2696 oriente
1307 2665 1392 2695 enim
1414 2663 1541 2694 laetioris
1561 2663 1676 2694 ominis
1695 2674 1769 2694 aves

1007 2708 1152 2739 advolare
1165 2708 1340 2745 debebant;
1362 2708 1404 2739 cf.
1431 2707 1558 2738 Sueton-
1587 2707 1714 2746 Vespas-
1731 2706 1763 2738 5.

1008 2753 1066 2782 sub
1080 2752 1153 2782 fine.
1180 2754 1318 2792 Antequ.
1335 2757 1427 2782 stane.
1443 2756 1535 2791 repet.
1548 2751 1660 2791 palud-
1673 2752 1763 2782 imbr.

1009 2796 1100 2826 divin.
1113 2806 1160 2826 av.
1178 2797 1290 2826 inmin.
1307 2801 1474 2834 antequam
1488 2793 1563 2830 avis,
1579 2793 1768 2826 inminentes

1007 2839 1122 2869 imbres
1143 2838 1292 2868 divinitus
1313 2837 1492 2876 praedicens,
1507 2843 1624 2868 stantes
1638 2837 1767 2877 paludes

1007 2887 1126 2921 repetat
1146 2882 1178 2911 h.
1194 2891 1221 2911 e.
1241 2886 1424 2920 tempestate
1437 2880 1579 2911 nondum
1594 2891 1651 2921 per
1663 2881 1766 2912 corni-

1009 2923 1077 2956 c'etn
1091 2924 1255 2964 praedictn3
1280 2924 1412 2954 lavando
1426 2924 1511 2954 enim
1532 2930 1564 2955 et
1584 2936 1665 2966 aqua
1678 2935 1712 2956 se
1733 2925 1767 2955 in

1009 2968 1175 3008 paludibus
1208 2967 1426 3007 perfundendo
1460 2968 1598 2999 cornices
1626 2968 1767 3008 inprimis

1009 3011 1188 3052 pluviosum
1213 3018 1337 3052 tempus
1362 3010 1527 3051 praedicere
1555 3013 1765 3052 putatu-mun
