1904 3250
216 141 309 180 346*

851 138 1160 183 HORATII

1630 150 1739 198 [Lm.
1761 160 1794 189 1.

335 265 532 323 Hybrida
552 281 636 322 quo
657 272 781 321 pacto
802 266 855 306 sit
878 265 1049 307 Persius
1070 265 1196 317 ultus,
1219 269 1370 324 opinor

334 338 544 380 Omnibus
566 346 608 379 et
627 337 754 392 lippis
775 345 924 378 notum
945 345 987 379 et
1007 338 1249 380 tonsoribus
1267 355 1372 382 esse.

333 411 502 453 Persius
524 410 593 451 hic
612 424 846 467 permagna
865 411 1036 467 negotia
1056 410 1172 452 dives
1193 411 1378 455 habebat

272 485 298 522 5
333 480 609 529 Clazomenis,
633 479 758 520 etiam
779 479 873 520 lites
895 495 992 521 cum
1016 480 1135 538 Rege
1155 481 1380 534 molestas3

329 552 478 594 Durus
499 550 641 601 homo,
665 557 791 607 atque
812 551 911 593 odio
932 553 1005 608 qui
1025 561 1170 608 posset
1188 554 1356 597 vincere
1379 555 1555 615 Regem,

332 621 564 664 Confidens
585 621 870 678 tumidusque,
895 622 1002 664 adeo
1023 624 1228 665 sermonis
1250 625 1398 676 amari,

333 693 543 742 Sisennas‚
569 691 728 733 Barros
749 700 797 733 ut
818 693 936 748 equis
958 702 1241 748 praecurreret
1263 694 1382 736 albis.

327 764 400 806 Ad
424 764 588 822 Regem
608 764 751 815 redeo,
774 770 999 822 postquam
1019 766 1079 807 nil
1099 767 1209 808 inter
1229 775 1457 825 utrumque

245 842 295 880 10
329 837 561 880 Convenit:
598 837 699 893 (hoe
720 838 876 879 etenim
897 847 995 880 sunt
1015 854 1161 881 omnes
1176 841 1273 896 jure
1293 840 1474 892 molesti,

329 907 430 957 Quo
450 906 594 957 fortes,
617 907 769 963 quibus
792 907 1017 949 adversum
1038 908 1197 950 bellum
1217 910 1390 960 incidit;
1421 911 1533 953 inter

329 978 532 1028 Hectora,
556 977 813 1028 Priamiden,
836 978 1073 1020 animosum
1093 987 1220 1036 atque
1240 981 1350 1022 inter
1370 980 1583 1022 Achillem

327 1052 399 1093 Ira
419 1050 498 1092 fuit
519 1050 721 1107 capitalis,
745 1059 792 1092 ut
813 1051 961 1093 ultima
981 1051 1188 1093 divideret
1208 1067 1335 1095 mors.

325 1121 426 1163 Non
447 1121 572 1162 aliam
593 1121 648 1162 ob
670 1136 852 1172 causam,
874 1122 955 1162 nisi
976 1122 1091 1178 quod
1111 1123 1243 1165 virtus
1264 1123 1308 1165 in
1329 1130 1511 1180 utroque

242 1196 293 1235 15
328 1193 502 1244 Summa
521 1190 625 1241 fuit3
658 1191 744 1233 duo
766 1191 801 1232 si
821 1190 1035 1233 discordia
1053 1200 1179 1234 vexet
1198 1193 1367 1244 inertes,

207 1312 360 1352 Hybridae
369 1310 495 1351 proprie
517 1310 667 1340 dicuntur
681 1319 782 1346 canes,
799 1310 855 1350 qui
869 1320 905 1340 ecc
919 1310 976 1340 im-

202 1356 333 1395 paribus
347 1356 414 1384 nati
428 1359 513 1389 sunt,
529 1359 565 1383 ut
579 1363 614 1384 ez·
628 1354 764 1384 venatico
778 1358 808 1383 et
820 1354 976 1392 gregario·

209 1401 260 1430 Sic
280 1399 410 1430 Persius
431 1398 561 1438 hybrida
583 1397 821 1433 semiromanus‚
837 1407 874 1427 etc
883 1402 976 1436 patre

212 1443 320 1473 Groeco
349 1447 377 1472 et
408 1451 443 1471 ez·
471 1446 571 1471 matre
602 1442 757 1471 Romana.
818 1445 849 1470 et
877 1441 976 1479 lippis,

207 1485 315 1525 plures
337 1485 520 1522 interpretes
541 1482 700 1522 accipiunt
723 1482 762 1513 de
784 1482 976 1520 hominibus,

207 1528 272 1570 qui,
302 1527 380 1558 dum
410 1526 608 1566 lippitudinis
643 1525 791 1557 curandae
820 1536 914 1556 causa
942 1526 976 1556 in

206 1571 344 1604 tabernis
383 1570 580 1601 medicorum
617 1569 737 1606 sedent,
771 1569 826 1600 otii
855 1569 978 1600 terendi

206 1615 309 1657 gratia
323 1615 364 1645 de
385 1615 479 1645 rebus
499 1614 589 1644 novis
610 1620 642 1644 et
664 1613 752 1644 urbis
777 1612 892 1644 fabulis
913 1623 977 1643 ser-

205 1669 316 1690 mones
330 1658 503 1689 conferant.
554 1656 615 1688 Sed
639 1657 691 1687 vix
713 1663 791 1696 puto
813 1656 977 1696 lippitudi-

205 1713 280 1733 nem
310 1712 377 1732 esse
406 1702 564 1738 morbum,
595 1701 686 1742 cujus
715 1699 847 1731 curandi
883 1710 979 1731 causa

205 1745 349 1777 homines
387 1745 421 1775 in
454 1743 655 1775 'medicorum
690 1744 827 1774 tabernis
862 1753 979 1784 magna

206 1789 298 1829 copia
319 1788 538 1819 confluxerint.
589 1788 676 1819 Nam
706 1787 740 1817 in
768 1787 838 1818 loco
871 1786 979 1818 Plauti

208 1833 369 1873 Amphitr.
391 1832 454 1863 IV.
476 1830 526 1862 13.
546 1832 656 1873 (quem
679 1831 712 1861 iu
734 1831 817 1861 hanc
842 1840 909 1860 rem
931 1837 977 1861 at-

205 1876 280 1908 tulit
295 1875 471 1916 Bentleius)
483 1893 528 1900 —
540 1877 654 1907 Omnes
664 1876 785 1915 plateas
795 1875 978 1914 per-reptavi,

202 1921 371 1962 gymnasia
400 1925 429 1950 et
459 1920 651 1960 myropolia:
682 1919 782 1958 Apud
806 1919 980 1958 emporium

206 1971 303 2005 atque
319 1965 353 1994 in
368 1965 504 1998 macello,
519 1964 555 1993 in
570 1963 713 2003 palaeslra
729 1967 822 2000 atque
837 1962 951 2003 infimi
964 1974 975 1991 .·

205 2010 251 2040 In
266 2009 436 2041 medicinis,
450 2008 484 2038 in
499 2007 668 2042 tonstrinis,
684 2007 771 2046 apud
785 2016 890 2036 omnes
901 2006 980 2035 redes

206 2062 329 2083 sacras.-
362 2062 434 2082 sum
469 2051 604 2092 defessus
633 2050 825 2090 qmesitando
838 2063 849 2085 ,·
888 2050 979 2080 Nus-

206 2106 303 2136 quam
325 2095 445 2126 invenio
469 2096 670 2125 Naucratem
686 2098 757 2127 cett,
775 2091 863 2122 nulla
877 2091 979 2131 lippo-

206 2148 278 2169 rum
294 2138 376 2168 facta
390 2143 438 2168 est
451 2137 581 2167 mentio.
628 2136 814 2177 Cogitabam
837 2135 977 2175 primum

207 2181 249 2213 de
263 2181 406 2218 aniculis,
422 2190 510 2221 quas,
527 2190 591 2210 non
614 2190 685 2210 raro
707 2179 882 2219 lippientes,
901 2179 973 2209 Ho-

207 2225 307 2257 ratius
328 2235 423 2264 supra
443 2234 569 2264 quoque
594 2224 658 2255 Sat.
679 2223 708 2253 Ι.
727 2221 758 2253 4«.
777 2221 830 2253 38.
857 2221 897 2253 ad
923 2233 977 2253 eos
993 2263 1000 2267 λ

206 2266 311 2304 refert,
328 2279 347 2299 a
361 2267 476 2309 quibus
490 2277 539 2297 res
561 2277 651 2297 novae
673 2266 722 2296 vel
744 2266 881 2297 maxime
903 2276 975 2306 cap-

206 2313 266 2344 tari
294 2319 326 2343 et
351 2310 507 2342 diffamari
536 2311 646 2341 solent.
697 2310 759 2341 Sed
785 2320 872 2341 nunc
891 2309 981 2340 aliter

208 2355 318 2388 sentio.
370 2355 534 2391 Horatius,
558 2353 613 2396 qui
628 2355 724 2384 homo
739 2353 800 2383 fuit
814 2355 926 2394 lippus,
943 2359 981 2384 ut

208 2401 275 2440 ipse
289 2398 453 2439 profitetur
477 2398 541 2428 Sat.
563 2399 591 2428 l.
610 2397 641 2428 5.
655 2397 708 2428 30.
727 2398 767 2427 ab
781 2396 976 2434 adversariis,

207 2451 244 2475 ut
269 2442 500 2474 observavimus
521 2451 615 2480 supra
639 2441 680 2472 ad
705 2441 768 2471 Sat.
797 2440 825 2471 I.
854 2439 882 2471 1.
903 2438 975 2471 120.

208 2487 392 2519 contemtim
421 2487 523 2527 lippus
545 2485 727 2516 nominatus
753 2494 819 2514 esse
847 2483 979 2514 videtur.

211 2531 357 2562 Fortasse
381 2528 478 2571 igitur
507 2539 525 2559 a
558 2529 648 2569 Rege
681 2527 814 2567 Rupilio
841 2536 978 2568 quoque,

209 2575 273 2616 qui,
305 2580 342 2605 ut
363 2572 469 2604 scribit
492 2572 564 2602 Vet.
594 2571 697 2602 Schol.
733 2580 817 2610 aegre
846 2571 975 2607 ferebat,

209 2617 296 2660 quod
322 2617 488 2654 Horatius,
518 2616 615 2646 homo
643 2613 801 2656 ignobilis,
831 2614 978 2644 tribunus

209 2661 348 2692 militum
372 2660 404 2690 in
427 2659 533 2691 eastris
562 2658 654 2689 Bruti
681 2663 769 2692 esset,
793 2656 977 2687 contemtim

206 2703 310 2746 lippus
332 2703 506 2745 appellatus
527 2708 595 2739 est3
628 2701 715 2742 quod
735 2700 863 2749 quidem
885 2700 975 2749 inep-

208 2755 280 2780 tum
294 2747 426 2779 convicii
441 2757 552 2789 genus,
575 2756 594 2776 a
615 2745 752 2784 corporis
768 2744 843 2774 viuo
857 2753 975 2784 quippe

208 2793 353 2832 petitum,
377 2790 510 2822 ridendo
533 2788 687 2821 Horatius
711 2787 784 2819 data
806 2797 901 2836 opera
925 2797 974 2817 re-

208 2843 314 2875 petere
334 2834 467 2866 videtur.
556 2833 736 2869 tonsoribus,
759 2840 823 2861 non
845 2840 974 2868 mirum,

212 2879 237 2909 si
252 2886 392 2909 tonsores
405 2878 482 2910 olim
496 2886 623 2919 quoque
637 2886 674 2907 ex
694 2886 748 2906 ore
761 2883 883 2911 eorum,
898 2884 977 2915 quos

213 2922 393 2959 tondebant,
425 2932 474 2954 res
502 2931 598 2953 novas
628 2919 831 2961 accipiebant,
863 2927 976 2961 easque

211 2967 433 3007 propagabant.

1065 1320 1093 1340 v.
1113 1307 1210 1340 4-8.
1236 1312 1369 1350 negotia,
1392 1309 1433 1341 de
1461 1315 1595 1352 quaestu,
1625 1310 1680 1352 qui
1710 1311 1792 1342 redit

1019 1363 1059 1383 ex
1088 1353 1215 1384 foenere.
1264 1356 1362 1386 Schol.
1391 1357 1484 1395 Cruq.
1515 1361 1583 1386 erat
1603 1357 1688 1386 enim
1715 1355 1792 1386 Per-

1019 1397 1084 1426 sius
1106 1399 1275 1437 negotiator
1297 1399 1383 1437 apud
1407 1400 1612 1430 Clazomenas.
1661 1399 1714 1430 De
1735 1410 1792 1430 ne-

1018 1441 1217 1480 gotiatoribus
1260 1443 1414 1472 Romanis
1453 1441 1579 1481 copiose
1607 1446 1640 1472 et
1669 1441 1792 1473 erudite

1021 1484 1087 1524 egit
1115 1485 1286 1515 Ernestius
1322 1484 1355 1514 in
1384 1484 1535 1524 peculiari
1565 1484 1791 1522 dissertatione,

1020 1537 1115 1567 quam
1130 1527 1162 1557 in
1179 1527 1404 1567 compendium
1425 1527 1547 1570 redegit
1559 1528 1593 1558 in
1610 1528 1698 1560 Clav.
1720 1529 1800 1571 cic.

1021 1580 1045 1600 s.
1072 1581 1101 1600 v.
1133 1573 1312 1611 negotiator.
1402 1573 1503 1603 dunas
1531 1573 1629 1608 homo,
1657 1571 1793 1603 durioris

1020 1613 1141 1655 ingenii
1157 1615 1262 1651 horno,
1278 1624 1376 1655 asper,
1393 1615 1548 1654 pervicax,
1572 1615 1718 1652 difficilis,
1734 1626 1790 1655 op-

1021 1658 1149 1697 ponitur
1163 1658 1284 1688 homini
1306 1657 1387 1694 miti,
1402 1658 1495 1695 comi,
1512 1658 1607 1689 facili.
1697 1666 1790 1700 atque

1020 1703 1087 1732 odio
1111 1703 1165 1742 qui
1188 1712 1221 1742 p.
1246 1703 1326 1733 vinc.
1355 1704 1397 1733 R.
1423 1708 1454 1732 et
1475 1702 1659 1733 insolentior
1686 1703 1788 1744 Rege.

1021 1746 1124 1775 odium
1149 1744 1190 1775 de
1214 1744 1382 1775 insolentia
1406 1750 1439 1775 et
1458 1744 1696 1785 importunitate
1720 1746 1788 1777 Cic.

1021 1797 1079 1827 pro
1108 1788 1236 1819 Cluent.
1265 1787 1296 1819 3.
1325 1790 1408 1829 quod
1428 1794 1495 1820 erat
1517 1790 1636 1828 odium,
1659 1790 1719 1821 Dii
1732 1791 1791 1822 im-

1022 1833 1178 1867 mortales,
1195 1842 1267 1872 quae
1280 1832 1432 1873 superbia.
1466 1833 1633 1864 Erue-ttius
1645 1833 1679 1863 in
1699 1832 1797 1865 Clav.v

1026 1874 1093 1905 Cic.
1121 1885 1145 1904 s.
1174 1885 1203 1905 v.
1230 1877 1336 1906 odium
1364 1874 1474 1906 laudat
1503 1875 1630 1907 Terent.
1667 1876 1787 1917 Hecyr.

1025 1918 1098 1949 111.
1118 1917 1148 1948 2.
1168 1917 1198 1949 8.
1225 1930 1394 1960 nunquam
1409 1920 1495 1950 hodie
1509 1922 1575 1952 odio
1589 1926 1643 1952 cuo
1657 1931 1707 1951 me
1720 1923 1790 1952 vin-

1023 1960 1072 1993 ces
1101 1969 1132 1993 et
1164 1961 1303 2002 Adelph.
1336 1960 1381 1993 V.
1407 1960 1440 1993 4«.
1475 1961 1525 1993 17.
1538 1977 1547 1987 -
1618 1965 1789 2008 Consulens,

1023 2005 1124 2043 ferox,
1150 2016 1277 2045 procaX,
1303 2007 1451 2042 tumidus,
1481 2005 1627 2046 superbia
1650 2006 1788 2039 inflatus.

1022 2066 1067 2074 —
1082 2051 1239 2086 Sisennas,
1261 2052 1389 2087 Barros,
1413 2049 1557 2081 homines
1572 2049 1705 2082 infames
1719 2056 1790 2082 tum

1023 2092 1252 2124 maledicentia.
1300 2096 1435 2130 Barrus,
1458 2100 1495 2124 ut
1523 2093 1619 2124 homo
1641 2103 1788 2135 nequam,

1015 2136 1083 2177 jam
1098 2147 1192 2177 supra
1209 2137 1274 2168 Sat.
1289 2137 1317 2168 1.
1336 2135 1367 2167 4.
1389 2135 1461 2167 110.
1480 2143 1607 2168 notatus
1621 2143 1676 2168 est.
1694 2136 1736 2168 cf.
1757 2137 1788 2169 1.

1019 2179 1051 2210 6.
1070 2179 1124 2211 30.
1227 2183 1313 2222 equis
1328 2186 1532 2221 praecurreret
1558 2182 1642 2218 albi-t,
1665 2190 1790 2220 prover-

1019 2223 1095 2255 biali
1114 2223 1273 2255 locutione
1297 2234 1373 2264 pro:
1409 2231 1569 2264 superaret
1589 2235 1632 2256 sc.
1656 2224 1798 2265 maledi-v

1021 2268 1134 2298 centia.
1181 2270 1256 2299 albis
1270 2267 1430 2308 epitheton
1444 2277 1568 2299 ornans.

1068 2322 1096 2341 v.
1116 2310 1234 2342 9—21.
1256 2317 1422 2352 postquam
1443 2312 1492 2342 nil
1512 2313 1594 2343 inter
1618 2318 1790 2352 utmmque

1025 2357 1184 2391 Convenit,
1202 2355 1276 2393 (hoc
1293 2356 1408 2387 etenim
1422 2371 1467 2380 —
1479 2356 1662 2387 muneribus
1675 2356 1789 2397 missis)

1020 2400 1124 2430 Bruto
1141 2401 1280 2430 Praecore
1293 2405 1416 2430 tenente
1426 2415 1470 2422 —
1480 2400 1688 2439 spectaculum
1701 2405 1789 2431 uter-

1021 2453 1091 2482 que.
1110 2442 1197 2472 hunc
1211 2442 1317 2473 locum
1339 2441 1435 2482 paulo
1454 2442 1664 2474 obscuriorem
1678 2441 1723 2473 ita
1737 2453 1789 2474 ac-

1022 2485 1122 2524 cipio:
1152 2485 1323 2527 Postquam
1343 2486 1414 2516 Rex
1433 2485 1583 2525 Rupilius
1603 2492 1635 2516 et
1659 2485 1793 2529 Persius

1021 2528 1105 2558 inter
1133 2538 1166 2558 se
1191 2528 1351 2559 conciliari
1380 2539 1444 2559 non
1469 2534 1636 2569 potuerant
1663 2530 1788 2572 (omnes

1019 2571 1114 2607 enim,
1132 2572 1248 2612 quibus
1268 2578 1426 2603 certamen
1448 2574 1588 2614 estcum
1612 2573 1787 2604 adversario

1020 2614 1135 2655 aliquo,
1153 2614 1231 2645 dum
1249 2615 1357 2645 eadem
1380 2615 1559 2655 pertinacia,
1573 2625 1638 2656 qua
1650 2616 1709 2647 viri
1722 2616 1787 2647 for-

1020 2664 1067 2688 tes
1089 2657 1129 2689 de
1144 2657 1217 2699 jure
1238 2665 1393 2699 pugnant,
1416 2657 1551 2689 invicem
1575 2659 1634 2691 sibi
1663 2659 1788 2692 molesti

1018 2700 1121 2739 fiunt;
1153 2702 1234 2732 inter
1259 2701 1419 2732 Achillem
1447 2700 1575 2742 quidem
1602 2709 1633 2734 et
1665 2703 1786 2735 Hecto-

1018 2754 1085 2775 rem
1102 2751 1190 2775 tanta
1202 2744 1265 2775 fuit
1279 2745 1334 2781 ira,
1350 2751 1395 2781 ut,
1413 2746 1490 2786 quia
1503 2745 1536 2775 in
1551 2753 1684 2788 utroque
1698 2757 1782 2778 sum·

1018 2797 1072 2818 ma
1085 2787 1148 2818 fuit
1163 2788 1270 2825 virtus,
1286 2788 1333 2818 nil
1354 2788 1414 2819 nisi
1427 2788 1539 2819 ultima
1554 2799 1638 2821 mors
1652 2801 1722 2830 eam
1737 2790 1786 2822 di.

1018 2831 1153 2861 rimeret.
1182 2833 1229 2862 At
1242 2831 1267 2862 si
1283 2830 1364 2862 duos
1377 2831 1520 2862 homines
1532 2832 1648 2865 inertes
1664 2834 1788 2876 (quales

1019 2881 1109 2905 erant
1127 2875 1197 2906 Rex
1217 2874 1368 2915 Rupilius
1389 2884 1421 2906 et
1445 2874 1587 2915 Persius)
1609 2878 1707 2919 agitet
1720 2873 1787 2909 dis-¹

1020 2917 1135 2956 cordia,
1167 2924 1222 2949 aut
1250 2919 1275 2948 si
1305 2925 1462 2950 certamen
1487 2919 1605 2950 oriatur
1626 2921 1707 2952 inter
1728 2922 1787 2959 ho.

1021 2961 1121 2994 mines
1143 2962 1259 2995 viribus
1288 2961 1370 2994 inter
1398 2973 1430 2994 se
1459 2962 1605 3004 dispares,
1637 2972 1672 2996 ut
1701 2964 1784 3005 apud
