<?xml version="1.0" encoding="UTF-8"?>
<!DOCTYPE html PUBLIC "-//W3C//DTD XHTML 1.0 Transitional//EN"
    "http://www.w3.org/TR/xhtml1/DTD/xhtml1-transitional.dtd">
<html xmlns="http://www.w3.org/1999/xhtml" xml:lang="en" lang="en">
 <head>
  <title>
</title>
<meta http-equiv="Content-Type" content="text/html;charset=utf-8" />
  <meta name='ocr-system' content='tesseract 3.04.00' />
  <meta name='ocr-capabilities' content='ocr_page ocr_carea ocr_par ocr_line ocrx_word'/>
</head>
<body>
  <div class='ocr_page' id='page_1' title='image "./operaomniacumind00horauoft_0528.png"; bbox 0 0 1904 3250; ppageno 0'>
   <div class='ocr_carea' id='block_1_1' title="bbox 196 145 281 188">
    <p class='ocr_par' dir='ltr' id='par_1_1' title="bbox 196 145 281 188">
     <span class='ocr_line' id='line_1_1' title="bbox 196 145 281 188; baseline 0 -1"><span class='ocrx_word' id='word_1_1' title='bbox 196 145 281 188; x_wconf 75' lang='lat'>488</span> 
     </span>
    </p>
   </div>
   <div class='ocr_carea' id='block_1_2' title="bbox 825 147 1135 191">
    <p class='ocr_par' dir='ltr' id='par_1_2' title="bbox 825 147 1135 191">
     <span class='ocr_line' id='line_1_2' title="bbox 825 147 1135 191; baseline 0 0"><span class='ocrx_word' id='word_1_2' title='bbox 825 147 1135 191; x_wconf 86' lang='lat' dir='ltr'><strong>HORATII</strong></span> 
     </span>
    </p>
   </div>
   <div class='ocr_carea' id='block_1_3' title="bbox 1603 153 1768 203">
    <p class='ocr_par' dir='ltr' id='par_1_3' title="bbox 1603 153 1768 203">
     <span class='ocr_line' id='line_1_3' title="bbox 1603 153 1768 203; baseline -0.006 -12"><span class='ocrx_word' id='word_1_3' title='bbox 1603 153 1714 203; x_wconf 74' lang='lat' dir='ltr'>[un.</span> <span class='ocrx_word' id='word_1_4' title='bbox 1736 162 1768 190; x_wconf 89' lang='lat'>1.</span> 
     </span>
    </p>
   </div>
   <div class='ocr_carea' id='block_1_4' title="bbox 224 272 1499 973">
    <p class='ocr_par' dir='ltr' id='par_1_4' title="bbox 312 272 1499 405">
     <span class='ocr_line' id='line_1_4' title="bbox 312 272 1499 334; baseline 0.004 -20"><span class='ocrx_word' id='word_1_5' title='bbox 312 272 582 330; x_wconf 82' lang='lat' dir='ltr'>Temperiem</span> <span class='ocrx_word' id='word_1_6' title='bbox 602 274 761 316; x_wconf 83' lang='lat' dir='ltr'>laudes.</span> <span class='ocrx_word' id='word_1_7' title='bbox 826 274 944 324; x_wconf 82' lang='lat' dir='ltr'>Quid</span> <span class='ocrx_word' id='word_1_8' title='bbox 956 273 977 316; x_wconf 69' lang='grc' dir='ltr'>ἶ)</span> <span class='ocrx_word' id='word_1_9' title='bbox 1006 275 1042 316; x_wconf 90' lang='lat' dir='ltr'>si</span> <span class='ocrx_word' id='word_1_10' title='bbox 1061 273 1298 318; x_wconf 80' lang='lat' dir='ltr'>rubicunda</span> <span class='ocrx_word' id='word_1_11' title='bbox 1316 275 1499 334; x_wconf 86' lang='lat' dir='ltr'>benigne</span> 
     </span>
     <span class='ocr_line' id='line_1_5' title="bbox 313 346 1478 405; baseline 0.003 -17"><span class='ocrx_word' id='word_1_12' title='bbox 313 347 457 389; x_wconf 87' lang='lat' dir='ltr'>Corna</span> <span class='ocrx_word' id='word_1_13' title='bbox 475 362 624 403; x_wconf 88' lang='lat' dir='ltr'>vepres</span> <span class='ocrx_word' id='word_1_14' title='bbox 646 356 688 389; x_wconf 90' lang='lat' dir='ltr'>et</span> <span class='ocrx_word' id='word_1_15' title='bbox 707 363 846 404; x_wconf 86' lang='lat' dir='ltr'>pruna</span> <span class='ocrx_word' id='word_1_16' title='bbox 865 346 1042 390; x_wconf 86' lang='lat' dir='ltr'>ferunt?</span> <span class='ocrx_word' id='word_1_17' title='bbox 1073 349 1109 389; x_wconf 91' lang='lat' dir='ltr'>si</span> <span class='ocrx_word' id='word_1_18' title='bbox 1129 363 1308 405; x_wconf 89' lang='lat' dir='ltr'>quercus</span> <span class='ocrx_word' id='word_1_19' title='bbox 1329 358 1372 392; x_wconf 90' lang='lat' dir='ltr'>et</span> <span class='ocrx_word' id='word_1_20' title='bbox 1391 350 1478 392; x_wconf 86' lang='lat' dir='ltr'>ilex</span> 
     </span>
    </p>

    <p class='ocr_par' dir='ltr' id='par_1_5' title="bbox 229 415 1496 754">
     <span class='ocr_line' id='line_1_6' title="bbox 229 415 1496 475; baseline 0.002 -18"><span class='ocrx_word' id='word_1_21' title='bbox 229 418 280 457; x_wconf 92' lang='grc'>10</span> <span class='ocrx_word' id='word_1_22' title='bbox 312 416 454 459; x_wconf 82' lang='lat' dir='ltr'>Multa</span> <span class='ocrx_word' id='word_1_23' title='bbox 474 417 596 475; x_wconf 88' lang='lat' dir='ltr'>fruge</span> <span class='ocrx_word' id='word_1_24' title='bbox 615 415 766 473; x_wconf 67' lang='lat' dir='ltr'>pecus,</span> <span class='ocrx_word' id='word_1_25' title='bbox 782 417 917 460; x_wconf 86' lang='lat' dir='ltr'>multa</span> <span class='ocrx_word' id='word_1_26' title='bbox 936 418 1156 460; x_wconf 90' lang='lat' dir='ltr'>dominum</span> <span class='ocrx_word' id='word_1_27' title='bbox 1170 419 1292 474; x_wconf 81' lang='lat' dir='ltr'>juvat</span> <span class='ocrx_word' id='word_1_28' title='bbox 1310 420 1462 462; x_wconf 80' lang='lat' dir='ltr'>umbra</span> <span class='ocrx_word' id='word_1_29' title='bbox 1475 418 1496 460; x_wconf 72' lang='grc' dir='ltr'>ἶ)</span> 
     </span>
     <span class='ocr_line' id='line_1_7' title="bbox 308 485 1378 543; baseline 0.003 -16"><span class='ocrx_word' id='word_1_30' title='bbox 308 485 439 528; x_wconf 86' lang='lat' dir='ltr'><strong>Dicas</strong></span> <span class='ocrx_word' id='word_1_31' title='bbox 461 486 692 528; x_wconf 85' lang='lat' dir='ltr'>adductum</span> <span class='ocrx_word' id='word_1_32' title='bbox 711 488 894 543; x_wconf 88' lang='lat' dir='ltr'>propius·</span> <span class='ocrx_word' id='word_1_33' title='bbox 908 487 1107 529; x_wconf 88' lang='lat' dir='ltr'>frondere</span> <span class='ocrx_word' id='word_1_34' title='bbox 1129 487 1378 530; x_wconf 84' lang='lat' dir='ltr'>Tarentum.</span> 
     </span>
     <span class='ocr_line' id='line_1_8' title="bbox 311 555 1379 609; baseline 0.004 -13"><span class='ocrx_word' id='word_1_35' title='bbox 311 555 424 596; x_wconf 91' lang='lat' dir='ltr'>Fons</span> <span class='ocrx_word' id='word_1_36' title='bbox 446 556 584 607; x_wconf 87' lang='lat' dir='ltr'>etiam,</span> <span class='ocrx_word' id='word_1_37' title='bbox 607 557 700 598; x_wconf 89' lang='lat' dir='ltr'>rivo</span> <span class='ocrx_word' id='word_1_38' title='bbox 721 557 823 599; x_wconf 84' lang='lat' dir='ltr'>dare</span> <span class='ocrx_word' id='word_1_39' title='bbox 843 572 999 600; x_wconf 90' lang='lat' dir='ltr'>nomen</span> <span class='ocrx_word' id='word_1_40' title='bbox 1020 558 1211 609; x_wconf 88' lang='lat' dir='ltr'>idoneus,</span> <span class='ocrx_word' id='word_1_41' title='bbox 1232 566 1282 599; x_wconf 91' lang='lat' dir='ltr'>ut</span> <span class='ocrx_word' id='word_1_42' title='bbox 1300 573 1379 600; x_wconf 87' lang='lat' dir='ltr'>nec</span> 
     </span>
     <span class='ocr_line' id='line_1_9' title="bbox 310 626 1433 687; baseline 0.004 -20"><span class='ocrx_word' id='word_1_43' title='bbox 310 626 524 684; x_wconf 85' lang='lat' dir='ltr'>Frigidior</span> <span class='ocrx_word' id='word_1_44' title='bbox 546 627 774 681; x_wconf 82' lang='lat' dir='ltr'><strong>Thracam,</strong></span> <span class='ocrx_word' id='word_1_45' title='bbox 797 645 875 672; x_wconf 92' lang='lat' dir='ltr'>nec</span> <span class='ocrx_word' id='word_1_46' title='bbox 895 630 1044 687; x_wconf 86' lang='lat' dir='ltr'>purior</span> <span class='ocrx_word' id='word_1_47' title='bbox 1065 631 1222 673; x_wconf 83' lang='lat' dir='ltr'>ambiat</span> <span class='ocrx_word' id='word_1_48' title='bbox 1244 630 1433 682; x_wconf 87' lang='lat' dir='ltr'>Hebrus,</span> 
     </span>
     <span class='ocr_line' id='line_1_10' title="bbox 308 695 1164 754; baseline 0.005 -17"><span class='ocrx_word' id='word_1_49' title='bbox 308 695 486 738; x_wconf 90' lang='lat' dir='ltr'>Infirmo</span> <span class='ocrx_word' id='word_1_50' title='bbox 508 699 635 754; x_wconf 84' lang='lat' dir='ltr'>capiti</span> <span class='ocrx_word' id='word_1_51' title='bbox 655 699 749 740; x_wconf 86' lang='lat' dir='ltr'>fluit</span> <span class='ocrx_word' id='word_1_52' title='bbox 769 699 896 750; x_wconf 91' lang='lat' dir='ltr'>utilis,</span> <span class='ocrx_word' id='word_1_53' title='bbox 921 699 1034 741; x_wconf 88' lang='lat' dir='ltr'>utilis</span> <span class='ocrx_word' id='word_1_54' title='bbox 1055 699 1164 741; x_wconf 79' lang='lat' dir='ltr'>alvo.</span> 
     </span>
    </p>

    <p class='ocr_par' dir='ltr' id='par_1_6' title="bbox 224 765 1478 973">
     <span class='ocr_line' id='line_1_11' title="bbox 224 765 1397 826; baseline 0.006 -20"><span class='ocrx_word' id='word_1_55' title='bbox 224 768 275 806; x_wconf 92' lang='lat'>15</span> <span class='ocrx_word' id='word_1_56' title='bbox 308 765 393 807; x_wconf 89' lang='lat' dir='ltr'>Hae</span> <span class='ocrx_word' id='word_1_57' title='bbox 414 766 588 809; x_wconf 84' lang='lat' dir='ltr'>latebrae</span> <span class='ocrx_word' id='word_1_58' title='bbox 610 768 768 820; x_wconf 89' lang='lat' dir='ltr'>dulces,</span> <span class='ocrx_word' id='word_1_59' title='bbox 792 777 833 811; x_wconf 90' lang='lat' dir='ltr'>et</span> <span class='ocrx_word' id='word_1_60' title='bbox 846 771 950 826; x_wconf 82' lang='lat' dir='ltr'>jam,</span> <span class='ocrx_word' id='word_1_61' title='bbox 974 771 1009 811; x_wconf 91' lang='lat' dir='ltr'>si</span> <span class='ocrx_word' id='word_1_62' title='bbox 1031 770 1180 821; x_wconf 87' lang='lat' dir='ltr'>credis,</span> <span class='ocrx_word' id='word_1_63' title='bbox 1204 786 1397 822; x_wconf 84' lang='lat' dir='ltr'>amoenae,</span> 
     </span>
     <span class='ocr_line' id='line_1_12' title="bbox 307 838 1478 899; baseline 0.004 -19"><span class='ocrx_word' id='word_1_64' title='bbox 307 838 570 883; x_wconf 91' lang='lat' dir='ltr'>Incolumem</span> <span class='ocrx_word' id='word_1_65' title='bbox 590 842 666 883; x_wconf 88' lang='lat' dir='ltr'>tibi</span> <span class='ocrx_word' id='word_1_66' title='bbox 688 858 756 884; x_wconf 90' lang='lat' dir='ltr'>me</span> <span class='ocrx_word' id='word_1_67' title='bbox 776 851 984 899; x_wconf 84' lang='lat' dir='ltr'>praestant</span> <span class='ocrx_word' id='word_1_68' title='bbox 1008 843 1327 899; x_wconf 85' lang='lat' dir='ltr'>Septembribus</span> <span class='ocrx_word' id='word_1_69' title='bbox 1347 844 1478 885; x_wconf 88' lang='lat' dir='ltr'>horis.</span> 
     </span>
     <span class='ocr_line' id='line_1_13' title="bbox 306 911 1284 973; baseline 0.004 -19"><span class='ocrx_word' id='word_1_70' title='bbox 306 911 377 954; x_wconf 92' lang='lat' dir='ltr'>Tu</span> <span class='ocrx_word' id='word_1_71' title='bbox 397 921 511 956; x_wconf 89' lang='lat' dir='ltr'>recte</span> <span class='ocrx_word' id='word_1_72' title='bbox 532 915 648 966; x_wconf 87' lang='lat' dir='ltr'>vivis,</span> <span class='ocrx_word' id='word_1_73' title='bbox 669 916 708 956; x_wconf 91' lang='lat' dir='ltr'>si</span> <span class='ocrx_word' id='word_1_74' title='bbox 728 931 850 957; x_wconf 88' lang='lat' dir='ltr'>curas</span> <span class='ocrx_word' id='word_1_75' title='bbox 872 931 976 967; x_wconf 88' lang='lat' dir='ltr'>esse,</span> <span class='ocrx_word' id='word_1_76' title='bbox 999 915 1116 973; x_wconf 91' lang='lat' dir='ltr'>quod</span> <span class='ocrx_word' id='word_1_77' title='bbox 1136 917 1257 958; x_wconf 85' lang='lat' dir='ltr'>audis</span> <span class='ocrx_word' id='word_1_78' title='bbox 1274 933 1284 958; x_wconf 75' lang='grc' dir='ltr'><strong><em>ι</em></strong></span> 
     </span>
    </p>
   </div>
   <div class='ocr_carea' id='block_1_5' title="bbox 213 985 1470 1539">
    <p class='ocr_par' dir='ltr' id='par_1_7' title="bbox 303 985 1453 1116">
     <span class='ocr_line' id='line_1_14' title="bbox 303 985 1376 1044; baseline 0.004 -17"><span class='ocrx_word' id='word_1_79' title='bbox 303 985 518 1028; x_wconf 85' lang='lat' dir='ltr'>Jactamus</span> <span class='ocrx_word' id='word_1_80' title='bbox 532 988 790 1044; x_wconf 84' lang='lat' dir='ltr'>jampridem</span> <span class='ocrx_word' id='word_1_81' title='bbox 810 990 947 1030; x_wconf 91' lang='lat' dir='ltr'>omnis</span> <span class='ocrx_word' id='word_1_82' title='bbox 968 997 1009 1030; x_wconf 89' lang='lat' dir='ltr'>te</span> <span class='ocrx_word' id='word_1_83' title='bbox 1033 989 1173 1031; x_wconf 89' lang='lat' dir='ltr'>Roma</span> <span class='ocrx_word' id='word_1_84' title='bbox 1193 990 1376 1031; x_wconf 86' lang='lat' dir='ltr'>beatum.</span> 
     </span>
     <span class='ocr_line' id='line_1_15' title="bbox 307 1056 1453 1116; baseline 0.003 -18"><span class='ocrx_word' id='word_1_85' title='bbox 307 1056 398 1098; x_wconf 86' lang='lat' dir='ltr'>Sed</span> <span class='ocrx_word' id='word_1_86' title='bbox 413 1073 575 1109; x_wconf 86' lang='lat' dir='ltr'>vereor,</span> <span class='ocrx_word' id='word_1_87' title='bbox 598 1074 652 1100; x_wconf 89' lang='lat' dir='ltr'>ne</span> <span class='ocrx_word' id='word_1_88' title='bbox 673 1060 741 1101; x_wconf 91' lang='lat' dir='ltr'>cui</span> <span class='ocrx_word' id='word_1_89' title='bbox 762 1059 816 1100; x_wconf 92' lang='lat' dir='ltr'>de</span> <span class='ocrx_word' id='word_1_90' title='bbox 837 1067 879 1101; x_wconf 90' lang='lat' dir='ltr'>te</span> <span class='ocrx_word' id='word_1_91' title='bbox 898 1059 1009 1115; x_wconf 91' lang='lat' dir='ltr'>plus,</span> <span class='ocrx_word' id='word_1_92' title='bbox 1033 1074 1162 1116; x_wconf 84' lang='lat' dir='ltr'>quam</span> <span class='ocrx_word' id='word_1_93' title='bbox 1182 1060 1259 1101; x_wconf 87' lang='lat' dir='ltr'>tibi</span> <span class='ocrx_word' id='word_1_94' title='bbox 1280 1059 1453 1109; x_wconf 84' lang='lat' dir='ltr'>credas3</span> 
     </span>
    </p>

    <p class='ocr_par' dir='ltr' id='par_1_8' title="bbox 216 1127 1470 1467">
     <span class='ocr_line' id='line_1_16' title="bbox 216 1127 1366 1187; baseline 0.003 -19"><span class='ocrx_word' id='word_1_95' title='bbox 216 1129 272 1168; x_wconf 82' lang='lat'>20</span> <span class='ocrx_word' id='word_1_96' title='bbox 305 1127 424 1170; x_wconf 91' lang='lat' dir='ltr'>Neve</span> <span class='ocrx_word' id='word_1_97' title='bbox 444 1137 567 1184; x_wconf 89' lang='lat' dir='ltr'>putes</span> <span class='ocrx_word' id='word_1_98' title='bbox 589 1129 719 1170; x_wconf 84' lang='lat' dir='ltr'>alium</span> <span class='ocrx_word' id='word_1_99' title='bbox 740 1130 928 1185; x_wconf 87' lang='lat' dir='ltr'>sapiente</span> <span class='ocrx_word' id='word_1_100' title='bbox 948 1130 1147 1187; x_wconf 89' lang='lat' dir='ltr'>bonoque</span> <span class='ocrx_word' id='word_1_101' title='bbox 1168 1130 1338 1172; x_wconf 85' lang='lat' dir='ltr'>beatum</span> <span class='ocrx_word' id='word_1_102' title='bbox 1354 1145 1366 1180; x_wconf 84' lang='lat'><em>3</em></span> 
     </span>
     <span class='ocr_line' id='line_1_17' title="bbox 306 1197 1362 1256; baseline 0.003 -17"><span class='ocrx_word' id='word_1_103' title='bbox 306 1197 416 1248; x_wconf 85' lang='lat' dir='ltr'>Neu,</span> <span class='ocrx_word' id='word_1_104' title='bbox 439 1199 474 1239; x_wconf 91' lang='lat' dir='ltr'>si</span> <span class='ocrx_word' id='word_1_105' title='bbox 495 1207 536 1240; x_wconf 91' lang='lat' dir='ltr'>te</span> <span class='ocrx_word' id='word_1_106' title='bbox 556 1199 740 1255; x_wconf 90' lang='lat' dir='ltr'>populus</span> <span class='ocrx_word' id='word_1_107' title='bbox 762 1214 913 1241; x_wconf 83' lang='lat' dir='ltr'>sanum</span> <span class='ocrx_word' id='word_1_108' title='bbox 934 1208 1132 1256; x_wconf 89' lang='lat' dir='ltr'>recteque</span> <span class='ocrx_word' id='word_1_109' title='bbox 1152 1200 1362 1242; x_wconf 85' lang='lat' dir='ltr'>valentem</span> 
     </span>
     <span class='ocr_line' id='line_1_18' title="bbox 302 1269 1374 1328; baseline 0 -14"><span class='ocrx_word' id='word_1_110' title='bbox 302 1269 494 1322; x_wconf 82' lang='lat' dir='ltr'>Dictitet,</span> <span class='ocrx_word' id='word_1_111' title='bbox 517 1271 726 1313; x_wconf 83' lang='lat' dir='ltr'>occultam</span> <span class='ocrx_word' id='word_1_112' title='bbox 747 1271 909 1314; x_wconf 84' lang='lat' dir='ltr'>febrem</span> <span class='ocrx_word' id='word_1_113' title='bbox 931 1273 1009 1314; x_wconf 90' lang='lat' dir='ltr'>sub</span> <span class='ocrx_word' id='word_1_114' title='bbox 1029 1280 1197 1328; x_wconf 88' lang='lat' dir='ltr'>tempus</span> <span class='ocrx_word' id='word_1_115' title='bbox 1218 1271 1374 1314; x_wconf 88' lang='lat' dir='ltr'>edendi</span> 
     </span>
     <span class='ocr_line' id='line_1_19' title="bbox 299 1340 1470 1392; baseline 0.001 -11"><span class='ocrx_word' id='word_1_116' title='bbox 299 1340 567 1392; x_wconf 87' lang='lat' dir='ltr'>Dissimules‚</span> <span class='ocrx_word' id='word_1_117' title='bbox 591 1341 727 1382; x_wconf 89' lang='lat' dir='ltr'>donec</span> <span class='ocrx_word' id='word_1_118' title='bbox 746 1342 941 1383; x_wconf 85' lang='lat' dir='ltr'>manibus</span> <span class='ocrx_word' id='word_1_119' title='bbox 962 1350 1121 1383; x_wconf 88' lang='lat' dir='ltr'>tremor</span> <span class='ocrx_word' id='word_1_120' title='bbox 1141 1341 1301 1383; x_wconf 86' lang='lat' dir='ltr'>incidat</span> <span class='ocrx_word' id='word_1_121' title='bbox 1320 1341 1470 1382; x_wconf 82' lang='lat' dir='ltr'>unctis.</span> 
     </span>
     <span class='ocr_line' id='line_1_20' title="bbox 303 1410 1375 1467; baseline 0.001 -15"><span class='ocrx_word' id='word_1_122' title='bbox 303 1410 540 1453; x_wconf 90' lang='lat' dir='ltr'>Stultorum</span> <span class='ocrx_word' id='word_1_123' title='bbox 560 1411 752 1453; x_wconf 83' lang='lat' dir='ltr'>incurata</span> <span class='ocrx_word' id='word_1_124' title='bbox 771 1411 913 1467; x_wconf 88' lang='lat' dir='ltr'>pudor</span> <span class='ocrx_word' id='word_1_125' title='bbox 933 1411 1077 1453; x_wconf 89' lang='lat' dir='ltr'>malus</span> <span class='ocrx_word' id='word_1_126' title='bbox 1090 1411 1234 1454; x_wconf 86' lang='lat' dir='ltr'>ulcera</span> <span class='ocrx_word' id='word_1_127' title='bbox 1254 1410 1375 1453; x_wconf 88' lang='lat' dir='ltr'>celat.</span> 
     </span>
    </p>

    <p class='ocr_par' dir='ltr' id='par_1_9' title="bbox 213 1481 1249 1539">
     <span class='ocr_line' id='line_1_21' title="bbox 213 1481 1249 1539; baseline 0.002 -18"><span class='ocrx_word' id='word_1_128' title='bbox 213 1483 270 1521; x_wconf 79' lang='lat'>25</span> <span class='ocrx_word' id='word_1_129' title='bbox 304 1481 349 1523; x_wconf 89' lang='lat' dir='ltr'>Si</span> <span class='ocrx_word' id='word_1_130' title='bbox 370 1482 463 1538; x_wconf 89' lang='lat' dir='ltr'>quis</span> <span class='ocrx_word' id='word_1_131' title='bbox 484 1481 596 1523; x_wconf 83' lang='lat' dir='ltr'>bella</span> <span class='ocrx_word' id='word_1_132' title='bbox 616 1482 694 1523; x_wconf 86' lang='lat' dir='ltr'>tibi</span> <span class='ocrx_word' id='word_1_133' title='bbox 714 1490 829 1523; x_wconf 87' lang='lat' dir='ltr'>terra</span> <span class='ocrx_word' id='word_1_134' title='bbox 847 1490 1038 1539; x_wconf 81' lang='lat' dir='ltr'>pugnata</span> <span class='ocrx_word' id='word_1_135' title='bbox 1058 1482 1249 1538; x_wconf 82' lang='lat' dir='ltr'>marique</span> 
     </span>
    </p>
   </div>
   <div class='ocr_carea' id='block_1_6' title="bbox 178 1623 952 1752">
    <p class='ocr_par' dir='ltr' id='par_1_10' title="bbox 178 1623 952 1752">
     <span class='ocr_line' id='line_1_22' title="bbox 179 1623 951 1665; baseline 0.001 -11"><span class='ocrx_word' id='word_1_136' title='bbox 179 1624 330 1663; x_wconf 76' lang='lat' dir='ltr'>adspiciat</span> <span class='ocrx_word' id='word_1_137' title='bbox 346 1624 414 1665; x_wconf 86' lang='lat' dir='ltr'>jam</span> <span class='ocrx_word' id='word_1_138' title='bbox 436 1623 720 1664; x_wconf 82' lang='lat' dir='ltr'>significantissime</span> <span class='ocrx_word' id='word_1_139' title='bbox 741 1624 846 1663; x_wconf 80' lang='lat' dir='ltr'>posuit</span> <span class='ocrx_word' id='word_1_140' title='bbox 862 1636 951 1665; x_wconf 83' lang='lat' dir='ltr'>vapo-</span> 
     </span>
     <span class='ocr_line' id='line_1_23' title="bbox 178 1667 952 1703; baseline 0.003 -7"><span class='ocrx_word' id='word_1_141' title='bbox 178 1673 245 1703; x_wconf 84' lang='lat' dir='ltr'>ret,·</span> <span class='ocrx_word' id='word_1_142' title='bbox 269 1668 329 1698; x_wconf 91' lang='lat' dir='ltr'>sub</span> <span class='ocrx_word' id='word_1_143' title='bbox 346 1667 419 1697; x_wconf 88' lang='lat' dir='ltr'>solis</span> <span class='ocrx_word' id='word_1_144' title='bbox 439 1667 524 1697; x_wconf 87' lang='lat' dir='ltr'>enim</span> <span class='ocrx_word' id='word_1_145' title='bbox 547 1677 659 1697; x_wconf 80' lang='lat' dir='ltr'>occasu</span> <span class='ocrx_word' id='word_1_146' title='bbox 679 1677 733 1697; x_wconf 85' lang='lat' dir='ltr'>aer</span> <span class='ocrx_word' id='word_1_147' title='bbox 755 1678 862 1698; x_wconf 86' lang='lat' dir='ltr'>secum</span> <span class='ocrx_word' id='word_1_148' title='bbox 888 1676 952 1698; x_wconf 81' lang='lat' dir='ltr'>tra-</span> 
     </span>
     <span class='ocr_line' id='line_1_24' title="bbox 178 1710 952 1752; baseline 0.001 -12"><span class='ocrx_word' id='word_1_149' title='bbox 178 1710 253 1740; x_wconf 87' lang='lat' dir='ltr'>here</span> <span class='ocrx_word' id='word_1_150' title='bbox 268 1710 347 1741; x_wconf 86' lang='lat' dir='ltr'>solet</span> <span class='ocrx_word' id='word_1_151' title='bbox 362 1721 501 1751; x_wconf 84' lang='lat' dir='ltr'>vapores,</span> <span class='ocrx_word' id='word_1_152' title='bbox 523 1710 639 1752; x_wconf 86' lang='lat' dir='ltr'>quibus</span> <span class='ocrx_word' id='word_1_153' title='bbox 660 1710 745 1742; x_wconf 87' lang='lat' dir='ltr'>silvae</span> <span class='ocrx_word' id='word_1_154' title='bbox 774 1717 807 1742; x_wconf 89' lang='lat' dir='ltr'>et</span> <span class='ocrx_word' id='word_1_155' title='bbox 829 1718 952 1742; x_wconf 87' lang='lat' dir='ltr'>montes</span> 
     </span>
    </p>
   </div>
   <div class='ocr_carea' id='block_1_7' title="bbox 119 1753 392 1784">
    <p class='ocr_par' dir='ltr' id='par_1_11' title="bbox 119 1753 392 1784">
     <span class='ocr_line' id='line_1_25' title="bbox 119 1753 392 1784; baseline 0.007 -2"><span class='ocrx_word' id='word_1_156' title='bbox 119 1779 123 1782; x_wconf 26' lang='lat'><strong>⁴</strong></span> <span class='ocrx_word' id='word_1_157' title='bbox 175 1753 392 1784; x_wconf 86' lang='lat' dir='ltr'>obducuntur.</span> 
     </span>
    </p>
   </div>
   <div class='ocr_carea' id='block_1_8' title="bbox 172 1796 953 2972">
    <p class='ocr_par' dir='ltr' id='par_1_12' title="bbox 174 1796 953 2135">
     <span class='ocr_line' id='line_1_26' title="bbox 221 1796 952 1838; baseline 0 -11"><span class='ocrx_word' id='word_1_158' title='bbox 221 1807 248 1828; x_wconf 90' lang='lat' dir='ltr'>v.</span> <span class='ocrx_word' id='word_1_159' title='bbox 267 1796 300 1828; x_wconf 89' lang='lat'>8.</span> <span class='ocrx_word' id='word_1_160' title='bbox 331 1799 534 1838; x_wconf 77' lang='lat' dir='ltr'>Temperiem,</span> <span class='ocrx_word' id='word_1_161' title='bbox 550 1808 592 1828; x_wconf 85' lang='lat' dir='ltr'>sc.</span> <span class='ocrx_word' id='word_1_162' title='bbox 619 1798 707 1833; x_wconf 80' lang='lat' dir='ltr'>aeris,</span> <span class='ocrx_word' id='word_1_163' title='bbox 724 1799 848 1834; x_wconf 84' lang='lat' dir='ltr'>coelum,</span> <span class='ocrx_word' id='word_1_164' title='bbox 866 1804 903 1828; x_wconf 93' lang='lat' dir='ltr'>ut</span> <span class='ocrx_word' id='word_1_165' title='bbox 917 1797 952 1828; x_wconf 87' lang='lat' dir='ltr'>in</span> 
     </span>
     <span class='ocr_line' id='line_1_27' title="bbox 177 1841 951 1881; baseline 0.001 -11"><span class='ocrx_word' id='word_1_166' title='bbox 177 1850 270 1871; x_wconf 85' lang='lat' dir='ltr'>versu</span> <span class='ocrx_word' id='word_1_167' title='bbox 296 1841 398 1880; x_wconf 89' lang='lat' dir='ltr'>primo</span> <span class='ocrx_word' id='word_1_168' title='bbox 422 1841 627 1881; x_wconf 74' lang='lat' dir='ltr'>praecedentis</span> <span class='ocrx_word' id='word_1_169' title='bbox 651 1841 805 1881; x_wconf 84' lang='lat' dir='ltr'>Epistolae</span> <span class='ocrx_word' id='word_1_170' title='bbox 827 1841 951 1872; x_wconf 86' lang='lat' dir='ltr'>dicitur.</span> 
     </span>
     <span class='ocr_line' id='line_1_28' title="bbox 179 1884 952 1926; baseline 0 -11"><span class='ocrx_word' id='word_1_171' title='bbox 179 1902 223 1909; x_wconf 92' lang='lat'><strong>—</strong></span> <span class='ocrx_word' id='word_1_172' title='bbox 242 1886 326 1920; x_wconf 77' lang='lat' dir='ltr'>Quid</span> <span class='ocrx_word' id='word_1_173' title='bbox 338 1887 365 1916; x_wconf 83' lang='lat' dir='ltr'>si</span> <span class='ocrx_word' id='word_1_174' title='bbox 379 1886 479 1916; x_wconf 78' lang='lat' dir='ltr'>rubic.</span> <span class='ocrx_word' id='word_1_175' title='bbox 499 1886 568 1916; x_wconf 80' lang='lat' dir='ltr'>ben.</span> <span class='ocrx_word' id='word_1_176' title='bbox 587 1891 672 1919; x_wconf 66' lang='lat' dir='ltr'>cett„</span> <span class='ocrx_word' id='word_1_177' title='bbox 695 1895 773 1926; x_wconf 87' lang='lat' dir='ltr'>ergo</span> <span class='ocrx_word' id='word_1_178' title='bbox 795 1884 952 1916; x_wconf 71' lang='lat' dir='ltr'>Horatius</span> 
     </span>
     <span class='ocr_line' id='line_1_29' title="bbox 177 1928 953 1967; baseline 0.001 -10"><span class='ocrx_word' id='word_1_179' title='bbox 177 1928 210 1958; x_wconf 89' lang='lat' dir='ltr'>in</span> <span class='ocrx_word' id='word_1_180' title='bbox 226 1928 301 1958; x_wconf 84' lang='lat' dir='ltr'>villa</span> <span class='ocrx_word' id='word_1_181' title='bbox 314 1939 380 1965; x_wconf 78' lang='lat' dir='ltr'>sua,</span> <span class='ocrx_word' id='word_1_182' title='bbox 397 1929 453 1959; x_wconf 91' lang='lat' dir='ltr'>ubi</span> <span class='ocrx_word' id='word_1_183' title='bbox 467 1939 576 1967; x_wconf 85' lang='lat' dir='ltr'>vepres</span> <span class='ocrx_word' id='word_1_184' title='bbox 596 1928 775 1959; x_wconf 84' lang='lat' dir='ltr'>rubicunda</span> <span class='ocrx_word' id='word_1_185' title='bbox 799 1939 894 1959; x_wconf 75' lang='lat' dir='ltr'>corna</span> <span class='ocrx_word' id='word_1_186' title='bbox 919 1937 953 1958; x_wconf 82' lang='lat' dir='ltr'>et</span> 
     </span>
     <span class='ocr_line' id='line_1_30' title="bbox 174 1971 950 2012; baseline 0 -10"><span class='ocrx_word' id='word_1_187' title='bbox 174 1982 280 2011; x_wconf 78' lang='lat' dir='ltr'>pruna</span> <span class='ocrx_word' id='word_1_188' title='bbox 300 1971 453 2009; x_wconf 82' lang='lat' dir='ltr'>ferebant,</span> <span class='ocrx_word' id='word_1_189' title='bbox 483 1982 589 2002; x_wconf 84' lang='lat' dir='ltr'>aureae</span> <span class='ocrx_word' id='word_1_190' title='bbox 614 1972 714 2003; x_wconf 77' lang='lat' dir='ltr'>aetatis</span> <span class='ocrx_word' id='word_1_191' title='bbox 738 1973 870 2012; x_wconf 79' lang='lat' dir='ltr'>vestigia</span> <span class='ocrx_word' id='word_1_192' title='bbox 893 1972 950 2002; x_wconf 85' lang='lat' dir='ltr'>de-</span> 
     </span>
     <span class='ocr_line' id='line_1_31' title="bbox 176 2015 948 2056; baseline 0.001 -11"><span class='ocrx_word' id='word_1_193' title='bbox 176 2015 378 2055; x_wconf 72' lang='lat' dir='ltr'>prehendisse</span> <span class='ocrx_word' id='word_1_194' title='bbox 393 2015 539 2053; x_wconf 86' lang='lat' dir='ltr'>videtur;</span> <span class='ocrx_word' id='word_1_195' title='bbox 564 2015 655 2056; x_wconf 81' lang='lat' dir='ltr'>Virg.</span> <span class='ocrx_word' id='word_1_196' title='bbox 677 2015 792 2056; x_wconf 81' lang='lat' dir='ltr'>Eclog.</span> <span class='ocrx_word' id='word_1_197' title='bbox 814 2016 876 2047; x_wconf 87' lang='lat' dir='ltr'>IV.</span> <span class='ocrx_word' id='word_1_198' title='bbox 893 2015 948 2046; x_wconf 75' lang='lat'>29.</span> 
     </span>
     <span class='ocr_line' id='line_1_32' title="bbox 176 2059 950 2101; baseline 0.004 -12"><span class='ocrx_word' id='word_1_199' title='bbox 176 2059 217 2089; x_wconf 91' lang='lat' dir='ltr'>de</span> <span class='ocrx_word' id='word_1_200' title='bbox 231 2069 327 2090; x_wconf 77' lang='lat' dir='ltr'>aurea</span> <span class='ocrx_word' id='word_1_201' title='bbox 349 2066 461 2090; x_wconf 79' lang='lat' dir='ltr'>aetate:</span> <span class='ocrx_word' id='word_1_202' title='bbox 486 2061 682 2101; x_wconf 64' lang='lat' dir='ltr'>Ino-ullisque</span> <span class='ocrx_word' id='word_1_203' title='bbox 702 2061 818 2092; x_wconf 78' lang='lat' dir='ltr'>rubens</span> <span class='ocrx_word' id='word_1_204' title='bbox 831 2063 950 2101; x_wconf 82' lang='lat' dir='ltr'>pende-</span> 
     </span>
     <span class='ocr_line' id='line_1_33' title="bbox 174 2104 458 2135; baseline -0.004 -1"><span class='ocrx_word' id='word_1_205' title='bbox 174 2104 220 2134; x_wconf 78' lang='lat' dir='ltr'>hic</span> <span class='ocrx_word' id='word_1_206' title='bbox 233 2105 371 2135; x_wconf 75' lang='lat' dir='ltr'>sentibus</span> <span class='ocrx_word' id='word_1_207' title='bbox 385 2115 458 2135; x_wconf 81' lang='lat' dir='ltr'>uva.</span> 
     </span>
    </p>

    <p class='ocr_par' dir='ltr' id='par_1_13' title="bbox 176 2145 948 2221">
     <span class='ocr_line' id='line_1_34' title="bbox 220 2145 948 2189; baseline 0.004 -13"><span class='ocrx_word' id='word_1_208' title='bbox 220 2156 248 2177; x_wconf 83' lang='lat' dir='ltr'>v.</span> <span class='ocrx_word' id='word_1_209' title='bbox 270 2145 321 2178; x_wconf 91' lang='lat'>10.</span> <span class='ocrx_word' id='word_1_210' title='bbox 346 2148 455 2178; x_wconf 73' lang='lat' dir='ltr'>Multa</span> <span class='ocrx_word' id='word_1_211' title='bbox 463 2147 580 2189; x_wconf 74' lang='lat' dir='ltr'>fruge,</span> <span class='ocrx_word' id='word_1_212' title='bbox 595 2146 776 2188; x_wconf 84' lang='lat' dir='ltr'>glandibus.</span> <span class='ocrx_word' id='word_1_213' title='bbox 841 2158 948 2188; x_wconf 75' lang='lat' dir='ltr'>pecus,</span> 
     </span>
     <span class='ocr_line' id='line_1_35' title="bbox 176 2200 259 2221; baseline 0.024 -2"><span class='ocrx_word' id='word_1_214' title='bbox 176 2200 259 2221; x_wconf 68' lang='lat' dir='ltr'>sues</span> 
     </span>
    </p>

    <p class='ocr_par' dir='ltr' id='par_1_14' title="bbox 172 2233 948 2712">
     <span class='ocr_line' id='line_1_36' title="bbox 219 2233 948 2275; baseline 0.003 -12"><span class='ocrx_word' id='word_1_215' title='bbox 219 2244 248 2264; x_wconf 91' lang='lat' dir='ltr'>v.</span> <span class='ocrx_word' id='word_1_216' title='bbox 269 2233 321 2264; x_wconf 92' lang='lat' dir='ltr'>ll.</span> <span class='ocrx_word' id='word_1_217' title='bbox 346 2236 446 2266; x_wconf 80' lang='lat' dir='ltr'>Dicas</span> <span class='ocrx_word' id='word_1_218' title='bbox 460 2236 588 2265; x_wconf 82' lang='lat' dir='ltr'>adduct.</span> <span class='ocrx_word' id='word_1_219' title='bbox 608 2241 680 2264; x_wconf 78' lang='lat' dir='ltr'>cett.</span> <span class='ocrx_word' id='word_1_220' title='bbox 695 2234 808 2275; x_wconf 87' lang='lat' dir='ltr'>quodsi</span> <span class='ocrx_word' id='word_1_221' title='bbox 828 2241 948 2274; x_wconf 83' lang='lat' dir='ltr'>spectes</span> 
     </span>
     <span class='ocr_line' id='line_1_37' title="bbox 173 2278 947 2320; baseline -0.001 -12"><span class='ocrx_word' id='word_1_222' title='bbox 173 2278 270 2318; x_wconf 81' lang='lat' dir='ltr'>hujus</span> <span class='ocrx_word' id='word_1_223' title='bbox 307 2278 446 2320; x_wconf 85' lang='lat' dir='ltr'>regionis</span> <span class='ocrx_word' id='word_1_224' title='bbox 483 2278 689 2314; x_wconf 77' lang='lat' dir='ltr'>amoenitates,</span> <span class='ocrx_word' id='word_1_225' title='bbox 727 2279 836 2315; x_wconf 78' lang='lat' dir='ltr'>situm,</span> <span class='ocrx_word' id='word_1_226' title='bbox 865 2279 947 2309; x_wconf 84' lang='lat' dir='ltr'>aeris</span> 
     </span>
     <span class='ocr_line' id='line_1_38' title="bbox 172 2320 946 2361; baseline 0 -9"><span class='ocrx_word' id='word_1_227' title='bbox 172 2321 358 2361; x_wconf 82' lang='lat' dir='ltr'>temperiem</span> <span class='ocrx_word' id='word_1_228' title='bbox 387 2327 420 2352; x_wconf 86' lang='lat' dir='ltr'>et</span> <span class='ocrx_word' id='word_1_229' title='bbox 445 2320 651 2358; x_wconf 79' lang='lat' dir='ltr'>fertilitatem,</span> <span class='ocrx_word' id='word_1_230' title='bbox 683 2321 857 2352; x_wconf 85' lang='lat' dir='ltr'>Tarentum</span> <span class='ocrx_word' id='word_1_231' title='bbox 882 2323 946 2352; x_wconf 88' lang='lat' dir='ltr'>huc</span> 
     </span>
     <span class='ocr_line' id='line_1_39' title="bbox 172 2364 946 2402; baseline -0.001 -6"><span class='ocrx_word' id='word_1_232' title='bbox 172 2365 360 2396; x_wconf 79' lang='lat' dir='ltr'>translatum</span> <span class='ocrx_word' id='word_1_233' title='bbox 375 2375 452 2402; x_wconf 58' lang='lat' dir='ltr'>esse,</span> <span class='ocrx_word' id='word_1_234' title='bbox 477 2364 528 2395; x_wconf 88' lang='lat' dir='ltr'>vel</span> <span class='ocrx_word' id='word_1_235' title='bbox 548 2371 580 2394; x_wconf 86' lang='lat' dir='ltr'>te</span> <span class='ocrx_word' id='word_1_236' title='bbox 605 2364 741 2396; x_wconf 85' lang='lat' dir='ltr'>alterum</span> <span class='ocrx_word' id='word_1_237' title='bbox 768 2365 946 2396; x_wconf 81' lang='lat' dir='ltr'>Tarentum</span> 
     </span>
     <span class='ocr_line' id='line_1_40' title="bbox 172 2408 946 2445; baseline -0.001 -5"><span class='ocrx_word' id='word_1_238' title='bbox 172 2408 227 2440; x_wconf 84' lang='lat' dir='ltr'>hic</span> <span class='ocrx_word' id='word_1_239' title='bbox 241 2409 346 2440; x_wconf 86' lang='lat' dir='ltr'>videre</span> <span class='ocrx_word' id='word_1_240' title='bbox 359 2408 537 2445; x_wconf 65' lang='lat' dir='ltr'>existimes-‚3</span> <span class='ocrx_word' id='word_1_241' title='bbox 564 2408 605 2438; x_wconf 88' lang='lat' dir='ltr'>ad</span> <span class='ocrx_word' id='word_1_242' title='bbox 629 2409 854 2439; x_wconf 73' lang='lat' dir='ltr'>amoenissimas</span> <span class='ocrx_word' id='word_1_243' title='bbox 878 2409 946 2439; x_wconf 76' lang='lat' dir='ltr'>Ita-</span> 
     </span>
     <span class='ocr_line' id='line_1_41' title="bbox 172 2451 946 2493; baseline 0 -11"><span class='ocrx_word' id='word_1_244' title='bbox 172 2452 225 2482; x_wconf 86' lang='lat' dir='ltr'>liae</span> <span class='ocrx_word' id='word_1_245' title='bbox 240 2452 383 2493; x_wconf 84' lang='lat' dir='ltr'>regiones</span> <span class='ocrx_word' id='word_1_246' title='bbox 399 2451 556 2482; x_wconf 76' lang='lat' dir='ltr'>Horatius</span> <span class='ocrx_word' id='word_1_247' title='bbox 577 2451 651 2482; x_wconf 86' lang='lat' dir='ltr'>alibi</span> <span class='ocrx_word' id='word_1_248' title='bbox 673 2462 800 2492; x_wconf 89' lang='lat' dir='ltr'>quoque</span> <span class='ocrx_word' id='word_1_249' title='bbox 824 2452 946 2483; x_wconf 82' lang='lat' dir='ltr'>Taren-</span> 
     </span>
     <span class='ocr_line' id='line_1_42' title="bbox 172 2494 941 2536; baseline 0 -10"><span class='ocrx_word' id='word_1_250' title='bbox 172 2495 274 2527; x_wconf 80' lang='lat' dir='ltr'>tinam</span> <span class='ocrx_word' id='word_1_251' title='bbox 295 2495 409 2532; x_wconf 79' lang='lat' dir='ltr'>refert3</span> <span class='ocrx_word' id='word_1_252' title='bbox 433 2495 474 2526; x_wconf 85' lang='lat' dir='ltr'>cf.</span> <span class='ocrx_word' id='word_1_253' title='bbox 497 2494 560 2526; x_wconf 89' lang='lat' dir='ltr'>od.</span> <span class='ocrx_word' id='word_1_254' title='bbox 582 2495 633 2526; x_wconf 87' lang='grc' dir='ltr'>ΙΙ.</span> <span class='ocrx_word' id='word_1_255' title='bbox 650 2494 680 2526; x_wconf 89' lang='lat'>6.</span> <span class='ocrx_word' id='word_1_256' title='bbox 703 2494 745 2526; x_wconf 88' lang='grc'>10</span> <span class='ocrx_word' id='word_1_257' title='bbox 759 2506 843 2536; x_wconf 88' lang='lat' dir='ltr'>seqq.</span> <span class='ocrx_word' id='word_1_258' title='bbox 870 2496 941 2527; x_wconf 88' lang='lat'>111.</span> 
     </span>
     <span class='ocr_line' id='line_1_43' title="bbox 173 2538 946 2580; baseline -0.001 -10"><span class='ocrx_word' id='word_1_259' title='bbox 173 2539 205 2570; x_wconf 88' lang='lat'>5.</span> <span class='ocrx_word' id='word_1_260' title='bbox 223 2538 278 2580; x_wconf 63' lang='lat'>56,</span> <span class='ocrx_word' id='word_1_261' title='bbox 295 2546 328 2570; x_wconf 86' lang='lat' dir='ltr'>et</span> <span class='ocrx_word' id='word_1_262' title='bbox 341 2539 417 2580; x_wconf 74' lang='lat' dir='ltr'>quia</span> <span class='ocrx_word' id='word_1_263' title='bbox 431 2538 464 2568; x_wconf 87' lang='lat' dir='ltr'>in</span> <span class='ocrx_word' id='word_1_264' title='bbox 479 2540 538 2568; x_wconf 85' lang='lat' dir='ltr'>hac</span> <span class='ocrx_word' id='word_1_265' title='bbox 553 2549 677 2569; x_wconf 83' lang='lat' dir='ltr'>amoena</span> <span class='ocrx_word' id='word_1_266' title='bbox 691 2539 820 2580; x_wconf 86' lang='lat' dir='ltr'>regione</span> <span class='ocrx_word' id='word_1_267' title='bbox 842 2538 946 2569; x_wconf 90' lang='lat' dir='ltr'>homi-</span> 
     </span>
     <span class='ocr_line' id='line_1_44' title="bbox 173 2581 940 2622; baseline -0.001 -9"><span class='ocrx_word' id='word_1_268' title='bbox 173 2593 230 2614; x_wconf 85' lang='lat' dir='ltr'>nes</span> <span class='ocrx_word' id='word_1_269' title='bbox 251 2583 396 2614; x_wconf 83' lang='lat' dir='ltr'>vivebant</span> <span class='ocrx_word' id='word_1_270' title='bbox 413 2581 551 2619; x_wconf 86' lang='lat' dir='ltr'>mollius,</span> <span class='ocrx_word' id='word_1_271' title='bbox 573 2584 747 2614; x_wconf 77' lang='lat' dir='ltr'>Tarentum</span> <span class='ocrx_word' id='word_1_272' title='bbox 763 2592 858 2622; x_wconf 89' lang='lat' dir='ltr'>supra</span> <span class='ocrx_word' id='word_1_273' title='bbox 875 2582 940 2613; x_wconf 83' lang='lat' dir='ltr'>Sat.</span> 
     </span>
     <span class='ocr_line' id='line_1_45' title="bbox 174 2625 943 2668; baseline -0.003 -10"><span class='ocrx_word' id='word_1_274' title='bbox 174 2627 225 2658; x_wconf 89' lang='lat' dir='ltr'>II.</span> <span class='ocrx_word' id='word_1_275' title='bbox 244 2625 276 2657; x_wconf 71' lang='lat'>4⁸.</span> <span class='ocrx_word' id='word_1_276' title='bbox 295 2625 349 2658; x_wconf 66' lang='lat'><strong>34⁴.</strong></span> <span class='ocrx_word' id='word_1_277' title='bbox 374 2632 504 2657; x_wconf 78' lang='lat' dir='ltr'>vocatur</span> <span class='ocrx_word' id='word_1_278' title='bbox 518 2627 616 2658; x_wconf 85' lang='lat' dir='ltr'>molle.</span> <span class='ocrx_word' id='word_1_279' title='bbox 668 2628 842 2658; x_wconf 80' lang='lat' dir='ltr'>adductum</span> <span class='ocrx_word' id='word_1_280' title='bbox 844 2627 943 2668; x_wconf 83' lang='lat' dir='ltr'>fron-</span> 
     </span>
     <span class='ocr_line' id='line_1_46' title="bbox 172 2668 831 2712; baseline -0.005 -10"><span class='ocrx_word' id='word_1_281' title='bbox 172 2673 255 2709; x_wconf 80' lang='lat' dir='ltr'>dere,</span> <span class='ocrx_word' id='word_1_282' title='bbox 271 2669 448 2712; x_wconf 72' lang='lat' dir='ltr'>elegantius</span> <span class='ocrx_word' id='word_1_283' title='bbox 462 2679 540 2709; x_wconf 85' lang='lat' dir='ltr'>pro:</span> <span class='ocrx_word' id='word_1_284' title='bbox 566 2668 738 2700; x_wconf 82' lang='lat' dir='ltr'>adductum</span> <span class='ocrx_word' id='word_1_285' title='bbox 755 2679 831 2699; x_wconf 85' lang='lat' dir='ltr'>esse.</span> 
     </span>
    </p>

    <p class='ocr_par' dir='ltr' id='par_1_15' title="bbox 172 2712 942 2972">
     <span class='ocr_line' id='line_1_47' title="bbox 216 2712 939 2746; baseline -0.001 -3"><span class='ocrx_word' id='word_1_286' title='bbox 216 2725 245 2746; x_wconf 82' lang='lat' dir='ltr'>v.</span> <span class='ocrx_word' id='word_1_287' title='bbox 262 2712 400 2745; x_wconf 71' lang='lat'>12-14,</span> <span class='ocrx_word' id='word_1_288' title='bbox 427 2715 516 2746; x_wconf 75' lang='lat' dir='ltr'>Fam</span> <span class='ocrx_word' id='word_1_289' title='bbox 529 2715 618 2744; x_wconf 76' lang='lat' dir='ltr'>etiam</span> <span class='ocrx_word' id='word_1_290' title='bbox 633 2718 705 2744; x_wconf 79' lang='lat' dir='ltr'>ceu.</span> <span class='ocrx_word' id='word_1_291' title='bbox 744 2712 831 2743; x_wconf 87' lang='lat' dir='ltr'>Fons</span> <span class='ocrx_word' id='word_1_292' title='bbox 845 2713 939 2743; x_wconf 84' lang='lat' dir='ltr'>etiam</span> 
     </span>
     <span class='ocr_line' id='line_1_48' title="bbox 175 2755 942 2798; baseline -0.005 -9"><span class='ocrx_word' id='word_1_293' title='bbox 175 2758 367 2791; x_wconf 82' lang='lat' dir='ltr'>Bandusius.</span> <span class='ocrx_word' id='word_1_294' title='bbox 383 2767 480 2798; x_wconf 88' lang='lat' dir='ltr'>quem</span> <span class='ocrx_word' id='word_1_295' title='bbox 494 2756 660 2788; x_wconf 73' lang='lat' dir='ltr'>celebravit</span> <span class='ocrx_word' id='word_1_296' title='bbox 675 2755 833 2787; x_wconf 82' lang='lat' dir='ltr'>Horatius</span> <span class='ocrx_word' id='word_1_297' title='bbox 847 2767 942 2795; x_wconf 84' lang='lat' dir='ltr'>supra</span> 
     </span>
     <span class='ocr_line' id='line_1_49' title="bbox 175 2799 940 2840; baseline -0.004 -8"><span class='ocrx_word' id='word_1_298' title='bbox 175 2801 239 2832; x_wconf 92' lang='lat' dir='ltr'>Od.</span> <span class='ocrx_word' id='word_1_299' title='bbox 261 2802 334 2833; x_wconf 90' lang='grc' dir='ltr'><strong>ΙΙΙ.</strong></span> <span class='ocrx_word' id='word_1_300' title='bbox 357 2800 422 2836; x_wconf 89' lang='grc'><strong>13.,</strong></span> <span class='ocrx_word' id='word_1_301' title='bbox 441 2803 586 2840; x_wconf 75' lang='lat' dir='ltr'>(idoneus</span> <span class='ocrx_word' id='word_1_302' title='bbox 607 2802 693 2836; x_wconf 83' lang='lat' dir='ltr'>dare,</span> <span class='ocrx_word' id='word_1_303' title='bbox 722 2799 854 2831; x_wconf 78' lang='lat' dir='ltr'>Graece:</span> <span class='ocrx_word' id='word_1_304' title='bbox 884 2800 940 2840; x_wconf 90' lang='lat' dir='ltr'>qui</span> 
     </span>
     <span class='ocr_line' id='line_1_50' title="bbox 172 2843 940 2887; baseline -0.003 -13"><span class='ocrx_word' id='word_1_305' title='bbox 172 2844 252 2882; x_wconf 53' lang='lat' dir='ltr'>den)</span> <span class='ocrx_word' id='word_1_306' title='bbox 267 2852 334 2876; x_wconf 83' lang='lat' dir='ltr'>tam</span> <span class='ocrx_word' id='word_1_307' title='bbox 348 2845 476 2887; x_wconf 78' lang='lat' dir='ltr'>largiter</span> <span class='ocrx_word' id='word_1_308' title='bbox 490 2844 602 2880; x_wconf 75' lang='lat' dir='ltr'>fluens,</span> <span class='ocrx_word' id='word_1_309' title='bbox 617 2850 655 2874; x_wconf 88' lang='lat' dir='ltr'>ut</span> <span class='ocrx_word' id='word_1_310' title='bbox 668 2854 750 2885; x_wconf 80' lang='lat' dir='ltr'>aqua</span> <span class='ocrx_word' id='word_1_311' title='bbox 765 2853 822 2874; x_wconf 86' lang='lat' dir='ltr'>sua</span> <span class='ocrx_word' id='word_1_312' title='bbox 837 2843 940 2873; x_wconf 89' lang='lat' dir='ltr'>rivum</span> 
     </span>
     <span class='ocr_line' id='line_1_51' title="bbox 172 2886 942 2930; baseline -0.003 -12"><span class='ocrx_word' id='word_1_313' title='bbox 172 2889 274 2923; x_wconf 82' lang='lat' dir='ltr'>faciat,</span> <span class='ocrx_word' id='word_1_314' title='bbox 299 2889 391 2930; x_wconf 86' lang='lat' dir='ltr'>eique</span> <span class='ocrx_word' id='word_1_315' title='bbox 421 2898 538 2919; x_wconf 86' lang='lat' dir='ltr'>nomen</span> <span class='ocrx_word' id='word_1_316' title='bbox 566 2890 718 2928; x_wconf 79' lang='lat' dir='ltr'>Digentia</span> <span class='ocrx_word' id='word_1_317' title='bbox 745 2886 805 2920; x_wconf 76' lang='lat' dir='ltr'>det.</span> <span class='ocrx_word' id='word_1_318' title='bbox 837 2892 870 2923; x_wconf 83' lang='lat' dir='ltr'>et</span> <span class='ocrx_word' id='word_1_319' title='bbox 897 2886 942 2917; x_wconf 83' lang='lat' dir='ltr'>ita</span> 
     </span>
     <span class='ocr_line' id='line_1_52' title="bbox 172 2929 942 2972; baseline -0.001 -11"><span class='ocrx_word' id='word_1_320' title='bbox 172 2939 379 2971; x_wconf 49' lang='lat' dir='ltr'>comparatu&amp;</span> <span class='ocrx_word' id='word_1_321' title='bbox 415 2940 452 2964; x_wconf 85' lang='lat' dir='ltr'>ut</span> <span class='ocrx_word' id='word_1_322' title='bbox 481 2942 540 2963; x_wconf 82' lang='lat' dir='ltr'>nec</span> <span class='ocrx_word' id='word_1_323' title='bbox 568 2932 687 2972; x_wconf 86' lang='lat' dir='ltr'>purior,</span> <span class='ocrx_word' id='word_1_324' title='bbox 713 2941 771 2962; x_wconf 86' lang='lat' dir='ltr'>nec</span> <span class='ocrx_word' id='word_1_325' title='bbox 798 2929 942 2972; x_wconf 84' lang='lat' dir='ltr'>frigidior</span> 
     </span>
    </p>
   </div>
   <div class='ocr_carea' id='block_1_9' title="bbox 1543 1559 1584 1598">
    <p class='ocr_par' dir='ltr' id='par_1_16' title="bbox 1543 1559 1584 1598">
     <span class='ocr_line' id='line_1_53' title="bbox 1543 1559 1584 1598; baseline 0 -1"><span class='ocrx_word' id='word_1_326' title='bbox 1543 1559 1584 1598; x_wconf 52' lang='lat' dir='ltr'>v?</span> 
     </span>
    </p>
   </div>
   <div class='ocr_carea' id='block_1_10' title="bbox 983 1621 1768 2970">
    <p class='ocr_par' dir='ltr' id='par_1_17' title="bbox 993 1621 1768 1794">
     <span class='ocr_line' id='line_1_54' title="bbox 995 1621 1768 1664; baseline 0.003 -11"><span class='ocrx_word' id='word_1_327' title='bbox 995 1623 1127 1653; x_wconf 83' lang='lat' dir='ltr'>Hebrus</span> <span class='ocrx_word' id='word_1_328' title='bbox 1154 1623 1321 1654; x_wconf 74' lang='lat' dir='ltr'>Thraciam</span> <span class='ocrx_word' id='word_1_329' title='bbox 1343 1621 1471 1660; x_wconf 81' lang='lat' dir='ltr'>ambiat,</span> <span class='ocrx_word' id='word_1_330' title='bbox 1487 1621 1613 1664; x_wconf 81' lang='lat' dir='ltr'>infirmo</span> <span class='ocrx_word' id='word_1_331' title='bbox 1626 1623 1720 1662; x_wconf 81' lang='lat' dir='ltr'>capiti</span> <span class='ocrx_word' id='word_1_332' title='bbox 1735 1630 1768 1656; x_wconf 90' lang='lat' dir='ltr'>et</span> 
     </span>
     <span class='ocr_line' id='line_1_55' title="bbox 993 1666 1767 1705; baseline 0 -8"><span class='ocrx_word' id='word_1_333' title='bbox 993 1667 1065 1698; x_wconf 79' lang='lat' dir='ltr'>alvo</span> <span class='ocrx_word' id='word_1_334' title='bbox 1090 1666 1223 1697; x_wconf 81' lang='lat' dir='ltr'>salubris</span> <span class='ocrx_word' id='word_1_335' title='bbox 1249 1666 1336 1704; x_wconf 74' lang='lat' dir='ltr'>fluit;</span> <span class='ocrx_word' id='word_1_336' title='bbox 1423 1667 1508 1697; x_wconf 78' lang='lat' dir='ltr'>utilis</span> <span class='ocrx_word' id='word_1_337' title='bbox 1522 1676 1598 1705; x_wconf 86' lang='lat' dir='ltr'>pro:</span> <span class='ocrx_word' id='word_1_338' title='bbox 1624 1666 1767 1704; x_wconf 76' lang='lat' dir='ltr'>salubris,</span> 
     </span>
     <span class='ocr_line' id='line_1_56' title="bbox 995 1708 1767 1750; baseline 0.004 -10"><span class='ocrx_word' id='word_1_339' title='bbox 995 1717 1032 1740; x_wconf 88' lang='lat' dir='ltr'>ut</span> <span class='ocrx_word' id='word_1_340' title='bbox 1054 1710 1138 1750; x_wconf 84' lang='lat' dir='ltr'>apud</span> <span class='ocrx_word' id='word_1_341' title='bbox 1153 1709 1247 1740; x_wconf 85' lang='lat' dir='ltr'>Ovid.</span> <span class='ocrx_word' id='word_1_342' title='bbox 1269 1710 1364 1740; x_wconf 86' lang='lat' dir='ltr'>Trist.</span> <span class='ocrx_word' id='word_1_343' title='bbox 1384 1709 1458 1740; x_wconf 88' lang='lat'>111.</span> <span class='ocrx_word' id='word_1_344' title='bbox 1473 1708 1506 1740; x_wconf 91' lang='lat'>3.</span> <span class='ocrx_word' id='word_1_345' title='bbox 1525 1709 1556 1740; x_wconf 88' lang='lat'>9.</span> <span class='ocrx_word' id='word_1_346' title='bbox 1581 1711 1666 1741; x_wconf 74' lang='lat' dir='ltr'>cibus</span> <span class='ocrx_word' id='word_1_347' title='bbox 1680 1713 1767 1743; x_wconf 73' lang='lat' dir='ltr'>utilis</span> 
     </span>
     <span class='ocr_line' id='line_1_57' title="bbox 995 1751 1756 1794; baseline 0.003 -10"><span class='ocrx_word' id='word_1_348' title='bbox 995 1766 1086 1794; x_wconf 77' lang='lat' dir='ltr'>aegro,</span> <span class='ocrx_word' id='word_1_349' title='bbox 1102 1760 1135 1783; x_wconf 86' lang='lat' dir='ltr'>et</span> <span class='ocrx_word' id='word_1_350' title='bbox 1151 1754 1234 1790; x_wconf 55' lang='lat' dir='ltr'>Met„</span> <span class='ocrx_word' id='word_1_351' title='bbox 1254 1753 1365 1784; x_wconf 86' lang='lat' dir='ltr'>XIII.</span> <span class='ocrx_word' id='word_1_352' title='bbox 1383 1751 1459 1783; x_wconf 86' lang='grc'><strong>630.</strong></span> <span class='ocrx_word' id='word_1_353' title='bbox 1479 1755 1564 1784; x_wconf 75' lang='lat' dir='ltr'>venti</span> <span class='ocrx_word' id='word_1_354' title='bbox 1577 1756 1676 1785; x_wconf 76' lang='lat' dir='ltr'>utiles.</span> <span class='ocrx_word' id='word_1_355' title='bbox 1729 1783 1731 1785; x_wconf 91' lang='lat'>.</span> <span class='ocrx_word' id='word_1_356' title='bbox 1749 1778 1756 1786; x_wconf 78' lang='grc'><em>.</em></span> 
     </span>
    </p>

    <p class='ocr_par' dir='ltr' id='par_1_18' title="bbox 989 1795 1768 2360">
     <span class='ocr_line' id='line_1_58' title="bbox 1039 1795 1768 1839; baseline 0.004 -13"><span class='ocrx_word' id='word_1_357' title='bbox 1039 1808 1068 1826; x_wconf 91' lang='lat' dir='ltr'>v.</span> <span class='ocrx_word' id='word_1_358' title='bbox 1091 1795 1141 1831; x_wconf 89' lang='grc'>15,</span> <span class='ocrx_word' id='word_1_359' title='bbox 1162 1795 1212 1827; x_wconf 92' lang='grc'>16.</span> <span class='ocrx_word' id='word_1_360' title='bbox 1241 1799 1306 1838; x_wconf 74' lang='lat' dir='ltr'>Hae</span> <span class='ocrx_word' id='word_1_361' title='bbox 1331 1798 1466 1839; x_wconf 63' lang='lat' dir='ltr'>latebra»,</span> <span class='ocrx_word' id='word_1_362' title='bbox 1490 1795 1542 1827; x_wconf 89' lang='lat' dir='ltr'>hic</span> <span class='ocrx_word' id='word_1_363' title='bbox 1567 1807 1607 1827; x_wconf 80' lang='lat' dir='ltr'>an</span> <span class='ocrx_word' id='word_1_364' title='bbox 1654 1797 1714 1835; x_wconf 84' lang='lat' dir='ltr'>lus,</span> <span class='ocrx_word' id='word_1_365' title='bbox 1729 1804 1768 1829; x_wconf 78' lang='lat' dir='ltr'>ut</span> 
     </span>
     <span class='ocr_line' id='line_1_59' title="bbox 997 1838 1767 1885; baseline 0 -14"><span class='ocrx_word' id='word_1_366' title='bbox 997 1841 1154 1871; x_wconf 81' lang='lat' dir='ltr'>Horatius</span> <span class='ocrx_word' id='word_1_367' title='bbox 1168 1851 1262 1880; x_wconf 81' lang='lat' dir='ltr'>supra</span> <span class='ocrx_word' id='word_1_368' title='bbox 1279 1839 1344 1872; x_wconf 91' lang='lat' dir='ltr'>od.</span> <span class='ocrx_word' id='word_1_369' title='bbox 1364 1840 1414 1871; x_wconf 87' lang='lat'>11.</span> <span class='ocrx_word' id='word_1_370' title='bbox 1433 1839 1464 1871; x_wconf 89' lang='lat'>6.</span> <span class='ocrx_word' id='word_1_371' title='bbox 1486 1838 1536 1872; x_wconf 86' lang='grc'>10.</span> <span class='ocrx_word' id='word_1_372' title='bbox 1555 1838 1595 1871; x_wconf 86' lang='lat' dir='ltr'>de</span> <span class='ocrx_word' id='word_1_373' title='bbox 1641 1848 1767 1885; x_wconf 55' lang='lat' dir='ltr'>arentoJ</span> 
     </span>
     <span class='ocr_line' id='line_1_60' title="bbox 995 1883 1767 1922; baseline 0 -6"><span class='ocrx_word' id='word_1_374' title='bbox 995 1886 1170 1921; x_wconf 72' lang='lat' dir='ltr'>Bentleius,</span> <span class='ocrx_word' id='word_1_375' title='bbox 1201 1884 1254 1915; x_wconf 91' lang='lat' dir='ltr'>cui</span> <span class='ocrx_word' id='word_1_376' title='bbox 1282 1891 1348 1914; x_wconf 87' lang='lat' dir='ltr'>tam</span> <span class='ocrx_word' id='word_1_377' title='bbox 1372 1883 1465 1915; x_wconf 80' lang='lat' dir='ltr'>lectio</span> <span class='ocrx_word' id='word_1_378' title='bbox 1485 1886 1586 1920; x_wconf 63' lang='lat' dir='ltr'>etiam,</span> <span class='ocrx_word' id='word_1_379' title='bbox 1609 1887 1635 1916; x_wconf 81' lang='lat' dir='ltr'>si</span> <span class='ocrx_word' id='word_1_380' title='bbox 1655 1887 1767 1922; x_wconf 75' lang='lat' dir='ltr'>credis,</span> 
     </span>
     <span class='ocr_line' id='line_1_61' title="bbox 993 1928 1768 1969; baseline 0 -11"><span class='ocrx_word' id='word_1_381' title='bbox 993 1939 1134 1965; x_wconf 83' lang='lat' dir='ltr'>amaenae,</span> <span class='ocrx_word' id='word_1_382' title='bbox 1149 1938 1244 1969; x_wconf 77' lang='lat' dir='ltr'>quam</span> <span class='ocrx_word' id='word_1_383' title='bbox 1259 1928 1381 1969; x_wconf 77' lang='lat' dir='ltr'>etjam,</span> <span class='ocrx_word' id='word_1_384' title='bbox 1396 1930 1423 1959; x_wconf 74' lang='lat' dir='ltr'>si</span> <span class='ocrx_word' id='word_1_385' title='bbox 1435 1930 1544 1965; x_wconf 75' lang='lat' dir='ltr'>credis,</span> <span class='ocrx_word' id='word_1_386' title='bbox 1560 1939 1690 1960; x_wconf 81' lang='lat' dir='ltr'>amoenae</span> <span class='ocrx_word' id='word_1_387' title='bbox 1710 1929 1768 1959; x_wconf 82' lang='lat' dir='ltr'>fri-</span> 
     </span>
     <span class='ocr_line' id='line_1_62' title="bbox 994 1972 1768 2013; baseline 0 -11"><span class='ocrx_word' id='word_1_388' title='bbox 994 1974 1099 2012; x_wconf 80' lang='lat' dir='ltr'>gebat,</span> <span class='ocrx_word' id='word_1_389' title='bbox 1115 1972 1280 2011; x_wconf 84' lang='lat' dir='ltr'>proposuit</span> <span class='ocrx_word' id='word_1_390' title='bbox 1294 1985 1302 2003; x_wconf 83' lang='lat'>:</span> <span class='ocrx_word' id='word_1_391' title='bbox 1328 1978 1369 2008; x_wconf 82' lang='lat' dir='ltr'>et,</span> <span class='ocrx_word' id='word_1_392' title='bbox 1394 1972 1479 2013; x_wconf 83' lang='lat' dir='ltr'>(jam</span> <span class='ocrx_word' id='word_1_393' title='bbox 1495 1974 1522 2002; x_wconf 77' lang='lat' dir='ltr'>si</span> <span class='ocrx_word' id='word_1_394' title='bbox 1543 1974 1661 2013; x_wconf 77' lang='lat' dir='ltr'>credis)</span> <span class='ocrx_word' id='word_1_395' title='bbox 1673 1983 1768 2003; x_wconf 72' lang='grc' dir='ltr'>ωηα-</span> 
     </span>
     <span class='ocr_line' id='line_1_63' title="bbox 995 2012 1767 2056; baseline -0.001 -9"><span class='ocrx_word' id='word_1_396' title='bbox 995 2027 1047 2047; x_wconf 79' lang='lat' dir='ltr'>noe</span> <span class='ocrx_word' id='word_1_397' title='bbox 1058 2031 1070 2052; x_wconf 85' lang='lat'>,·</span> <span class='ocrx_word' id='word_1_398' title='bbox 1094 2015 1149 2045; x_wconf 89' lang='lat' dir='ltr'>sed</span> <span class='ocrx_word' id='word_1_399' title='bbox 1164 2025 1223 2045; x_wconf 86' lang='lat' dir='ltr'>nec</span> <span class='ocrx_word' id='word_1_400' title='bbox 1245 2016 1305 2046; x_wconf 86' lang='lat' dir='ltr'>hoc</span> <span class='ocrx_word' id='word_1_401' title='bbox 1327 2016 1405 2046; x_wconf 88' lang='lat' dir='ltr'>mibi</span> <span class='ocrx_word' id='word_1_402' title='bbox 1430 2018 1554 2056; x_wconf 72' lang='lat' dir='ltr'>placet3</span> <span class='ocrx_word' id='word_1_403' title='bbox 1576 2025 1619 2046; x_wconf 80' lang='lat' dir='ltr'>an</span> <span class='ocrx_word' id='word_1_404' title='bbox 1644 2012 1767 2055; x_wconf 81' lang='lat' dir='ltr'>scripsit</span> 
     </span>
     <span class='ocr_line' id='line_1_64' title="bbox 992 2059 1767 2096; baseline 0.001 -7"><span class='ocrx_word' id='word_1_405' title='bbox 992 2060 1122 2089; x_wconf 73' lang='lat' dir='ltr'>sonasse</span> <span class='ocrx_word' id='word_1_406' title='bbox 1148 2059 1324 2090; x_wconf 78' lang='lat' dir='ltr'>Horatius:</span> <span class='ocrx_word' id='word_1_407' title='bbox 1351 2061 1416 2091; x_wconf 81' lang='lat' dir='ltr'>Hae</span> <span class='ocrx_word' id='word_1_408' title='bbox 1442 2061 1565 2091; x_wconf 71' lang='lat' dir='ltr'>latebrae</span> <span class='ocrx_word' id='word_1_409' title='bbox 1592 2059 1707 2096; x_wconf 69' lang='lat' dir='ltr'>dulces,</span> <span class='ocrx_word' id='word_1_410' title='bbox 1737 2063 1767 2090; x_wconf 70' lang='lat' dir='ltr'>et</span> 
     </span>
     <span class='ocr_line' id='line_1_65' title="bbox 993 2103 1766 2140; baseline -0.001 -6"><span class='ocrx_word' id='word_1_411' title='bbox 993 2110 1071 2138; x_wconf 86' lang='lat' dir='ltr'>tam,</span> <span class='ocrx_word' id='word_1_412' title='bbox 1087 2105 1115 2134; x_wconf 86' lang='lat' dir='ltr'>si</span> <span class='ocrx_word' id='word_1_413' title='bbox 1129 2104 1236 2140; x_wconf 75' lang='lat' dir='ltr'>credis,</span> <span class='ocrx_word' id='word_1_414' title='bbox 1258 2114 1390 2134; x_wconf 81' lang='lat' dir='ltr'>amaenoe</span> <span class='ocrx_word' id='word_1_415' title='bbox 1401 2103 1420 2133; x_wconf 82' lang='lat'><em>?</em></span> <span class='ocrx_word' id='word_1_416' title='bbox 1509 2103 1610 2134; x_wconf 76' lang='lat' dir='ltr'>Incol.</span> <span class='ocrx_word' id='word_1_417' title='bbox 1641 2103 1695 2133; x_wconf 79' lang='lat' dir='ltr'>tibi</span> <span class='ocrx_word' id='word_1_418' title='bbox 1715 2114 1766 2133; x_wconf 82' lang='lat' dir='ltr'>me</span> 
     </span>
     <span class='ocr_line' id='line_1_66' title="bbox 994 2145 1765 2186; baseline 0 -10"><span class='ocrx_word' id='word_1_419' title='bbox 994 2152 1081 2181; x_wconf 82' lang='lat' dir='ltr'>cett..</span> <span class='ocrx_word' id='word_1_420' title='bbox 1112 2156 1220 2176; x_wconf 90' lang='lat' dir='ltr'>mense</span> <span class='ocrx_word' id='word_1_421' title='bbox 1245 2146 1421 2185; x_wconf 86' lang='lat' dir='ltr'>Septembri</span> <span class='ocrx_word' id='word_1_422' title='bbox 1448 2156 1501 2177; x_wconf 88' lang='lat' dir='ltr'>me</span> <span class='ocrx_word' id='word_1_423' title='bbox 1521 2145 1643 2175; x_wconf 77' lang='lat' dir='ltr'>salvum</span> <span class='ocrx_word' id='word_1_424' title='bbox 1669 2151 1765 2186; x_wconf 80' lang='lat' dir='ltr'>atque</span> 
     </span>
     <span class='ocr_line' id='line_1_67' title="bbox 991 2187 1761 2227; baseline -0.003 -7"><span class='ocrx_word' id='word_1_425' title='bbox 991 2190 1185 2220; x_wconf 88' lang='lat' dir='ltr'>incolumem</span> <span class='ocrx_word' id='word_1_426' title='bbox 1199 2190 1256 2220; x_wconf 89' lang='lat' dir='ltr'>tibi</span> <span class='ocrx_word' id='word_1_427' title='bbox 1279 2191 1401 2227; x_wconf 73' lang='lat' dir='ltr'>sistunt,</span> <span class='ocrx_word' id='word_1_428' title='bbox 1425 2189 1457 2220; x_wconf 86' lang='lat' dir='ltr'>h.</span> <span class='ocrx_word' id='word_1_429' title='bbox 1485 2199 1514 2220; x_wconf 86' lang='lat' dir='ltr'>e.</span> <span class='ocrx_word' id='word_1_430' title='bbox 1539 2199 1558 2220; x_wconf 91' lang='lat' dir='ltr'>e</span> <span class='ocrx_word' id='word_1_431' title='bbox 1582 2187 1657 2219; x_wconf 75' lang='lat' dir='ltr'>villa</span> <span class='ocrx_word' id='word_1_432' title='bbox 1678 2198 1761 2226; x_wconf 79' lang='lat' dir='ltr'>mea,</span> 
     </span>
     <span class='ocr_line' id='line_1_68' title="bbox 991 2230 1763 2269; baseline 0 -6"><span class='ocrx_word' id='word_1_433' title='bbox 991 2234 1048 2265; x_wconf 87' lang='lat' dir='ltr'>ubi</span> <span class='ocrx_word' id='word_1_434' title='bbox 1069 2244 1156 2264; x_wconf 88' lang='lat' dir='ltr'>nunc</span> <span class='ocrx_word' id='word_1_435' title='bbox 1177 2233 1336 2268; x_wconf 81' lang='lat' dir='ltr'>delitesco,</span> <span class='ocrx_word' id='word_1_436' title='bbox 1354 2239 1418 2264; x_wconf 84' lang='lat' dir='ltr'>tam</span> <span class='ocrx_word' id='word_1_437' title='bbox 1433 2232 1530 2269; x_wconf 86' lang='lat' dir='ltr'>dulci,</span> <span class='ocrx_word' id='word_1_438' title='bbox 1546 2231 1573 2262; x_wconf 84' lang='lat' dir='ltr'>si</span> <span class='ocrx_word' id='word_1_439' title='bbox 1588 2230 1699 2268; x_wconf 80' lang='lat' dir='ltr'>credis,</span> <span class='ocrx_word' id='word_1_440' title='bbox 1714 2239 1763 2263; x_wconf 80' lang='lat' dir='ltr'>at-</span> 
     </span>
     <span class='ocr_line' id='line_1_69' title="bbox 989 2275 1764 2317; baseline 0 -10"><span class='ocrx_word' id='word_1_441' title='bbox 989 2288 1051 2317; x_wconf 90' lang='lat' dir='ltr'>que</span> <span class='ocrx_word' id='word_1_442' title='bbox 1065 2287 1199 2314; x_wconf 82' lang='lat' dir='ltr'>amoena,</span> <span class='ocrx_word' id='word_1_443' title='bbox 1220 2277 1324 2307; x_wconf 76' lang='lat' dir='ltr'>salvus</span> <span class='ocrx_word' id='word_1_444' title='bbox 1345 2285 1440 2317; x_wconf 76' lang='lat' dir='ltr'>atque</span> <span class='ocrx_word' id='word_1_445' title='bbox 1461 2275 1632 2307; x_wconf 79' lang='lat' dir='ltr'>incolumis</span> <span class='ocrx_word' id='word_1_446' title='bbox 1654 2285 1764 2307; x_wconf 84' lang='lat' dir='ltr'>meuse</span> 
     </span>
     <span class='ocr_line' id='line_1_70' title="bbox 991 2319 1400 2360; baseline -0.005 -8"><span class='ocrx_word' id='word_1_447' title='bbox 991 2321 1167 2360; x_wconf 78' lang='lat' dir='ltr'>Septembri</span> <span class='ocrx_word' id='word_1_448' title='bbox 1181 2320 1268 2354; x_wconf 61' lang='lat' dir='ltr'>adse</span> <span class='ocrx_word' id='word_1_449' title='bbox 1281 2319 1400 2350; x_wconf 89' lang='lat' dir='ltr'>redibo.</span> 
     </span>
    </p>

    <p class='ocr_par' dir='ltr' id='par_1_19' title="bbox 989 2362 1761 2482">
     <span class='ocr_line' id='line_1_71' title="bbox 1033 2362 1761 2404; baseline 0 -10"><span class='ocrx_word' id='word_1_450' title='bbox 1033 2374 1061 2395; x_wconf 80' lang='lat' dir='ltr'>v.</span> <span class='ocrx_word' id='word_1_451' title='bbox 1083 2362 1133 2395; x_wconf 80' lang='lat'>17.</span> <span class='ocrx_word' id='word_1_452' title='bbox 1157 2366 1184 2395; x_wconf 72' lang='lat' dir='ltr'>si</span> <span class='ocrx_word' id='word_1_453' title='bbox 1198 2375 1290 2395; x_wconf 75' lang='lat' dir='ltr'>curas</span> <span class='ocrx_word' id='word_1_454' title='bbox 1303 2374 1377 2400; x_wconf 76' lang='lat' dir='ltr'>esse,</span> <span class='ocrx_word' id='word_1_455' title='bbox 1393 2364 1476 2404; x_wconf 74' lang='lat' dir='ltr'>quod</span> <span class='ocrx_word' id='word_1_456' title='bbox 1489 2363 1588 2399; x_wconf 74' lang='lat' dir='ltr'>audis,</span> <span class='ocrx_word' id='word_1_457' title='bbox 1604 2362 1630 2392; x_wconf 90' lang='lat' dir='ltr'>si</span> <span class='ocrx_word' id='word_1_458' title='bbox 1652 2362 1761 2394; x_wconf 83' lang='lat' dir='ltr'>studes</span> 
     </span>
     <span class='ocr_line' id='line_1_72' title="bbox 989 2405 1761 2448; baseline -0.003 -9"><span class='ocrx_word' id='word_1_459' title='bbox 989 2415 1021 2439; x_wconf 89' lang='lat' dir='ltr'>te</span> <span class='ocrx_word' id='word_1_460' title='bbox 1035 2407 1133 2438; x_wconf 85' lang='lat' dir='ltr'>talem</span> <span class='ocrx_word' id='word_1_461' title='bbox 1153 2409 1300 2447; x_wconf 84' lang='lat' dir='ltr'>praebere,</span> <span class='ocrx_word' id='word_1_462' title='bbox 1310 2429 1313 2431; x_wconf 54' lang='lat'><strong>&gt;</strong></span> <span class='ocrx_word' id='word_1_463' title='bbox 1323 2406 1424 2448; x_wconf 72' lang='lat' dir='ltr'>qualis</span> <span class='ocrx_word' id='word_1_464' title='bbox 1438 2413 1475 2437; x_wconf 85' lang='lat' dir='ltr'>tu</span> <span class='ocrx_word' id='word_1_465' title='bbox 1489 2416 1557 2437; x_wconf 85' lang='lat' dir='ltr'>esse</span> <span class='ocrx_word' id='word_1_466' title='bbox 1572 2405 1693 2448; x_wconf 76' lang='lat' dir='ltr'>(audis)</span> <span class='ocrx_word' id='word_1_467' title='bbox 1711 2405 1761 2437; x_wconf 90' lang='lat' dir='ltr'>di-</span> 
     </span>
     <span class='ocr_line' id='line_1_73' title="bbox 989 2461 1077 2482; baseline 0 0"><span class='ocrx_word' id='word_1_468' title='bbox 989 2461 1077 2482; x_wconf 81' lang='lat' dir='ltr'>cens.</span> 
     </span>
    </p>

    <p class='ocr_par' dir='ltr' id='par_1_20' title="bbox 1033 2492 1755 2528">
     <span class='ocr_line' id='line_1_74' title="bbox 1033 2492 1755 2528; baseline -0.003 -3"><span class='ocrx_word' id='word_1_469' title='bbox 1033 2506 1063 2526; x_wconf 83' lang='lat' dir='ltr'>v.</span> <span class='ocrx_word' id='word_1_470' title='bbox 1084 2493 1134 2525; x_wconf 87' lang='grc'>18.</span> <span class='ocrx_word' id='word_1_471' title='bbox 1160 2495 1260 2524; x_wconf 75' lang='lat' dir='ltr'>omnis</span> <span class='ocrx_word' id='word_1_472' title='bbox 1276 2495 1388 2528; x_wconf 79' lang='lat' dir='ltr'>Roma,</span> <span class='ocrx_word' id='word_1_473' title='bbox 1404 2503 1463 2524; x_wconf 76' lang='lat' dir='ltr'>nos</span> <span class='ocrx_word' id='word_1_474' title='bbox 1477 2502 1588 2523; x_wconf 84' lang='lat' dir='ltr'>omnes</span> <span class='ocrx_word' id='word_1_475' title='bbox 1605 2492 1755 2524; x_wconf 76' lang='lat' dir='ltr'>Romani.</span> 
     </span>
    </p>

    <p class='ocr_par' dir='ltr' id='par_1_21' title="bbox 983 2535 1759 2970">
     <span class='ocr_line' id='line_1_75' title="bbox 1032 2535 1759 2575; baseline 0.003 -8"><span class='ocrx_word' id='word_1_476' title='bbox 1032 2549 1060 2569; x_wconf 87' lang='lat' dir='ltr'>v.</span> <span class='ocrx_word' id='word_1_477' title='bbox 1090 2535 1229 2568; x_wconf 78' lang='lat'><strong>19—23.</strong></span> <span class='ocrx_word' id='word_1_478' title='bbox 1263 2539 1322 2568; x_wconf 83' lang='lat' dir='ltr'>Sed</span> <span class='ocrx_word' id='word_1_479' title='bbox 1343 2548 1458 2575; x_wconf 81' lang='lat' dir='ltr'>vereor,</span> <span class='ocrx_word' id='word_1_480' title='bbox 1488 2548 1530 2568; x_wconf 83' lang='lat' dir='ltr'>ne</span> <span class='ocrx_word' id='word_1_481' title='bbox 1559 2543 1630 2567; x_wconf 80' lang='lat' dir='ltr'>cett.</span> <span class='ocrx_word' id='word_1_482' title='bbox 1695 2537 1759 2569; x_wconf 84' lang='lat' dir='ltr'>Sed</span> 
     </span>
     <span class='ocr_line' id='line_1_76' title="bbox 988 2577 1758 2620; baseline -0.001 -8"><span class='ocrx_word' id='word_1_483' title='bbox 988 2591 1105 2619; x_wconf 82' lang='lat' dir='ltr'>vereor,</span> <span class='ocrx_word' id='word_1_484' title='bbox 1128 2591 1169 2611; x_wconf 89' lang='lat' dir='ltr'>ne</span> <span class='ocrx_word' id='word_1_485' title='bbox 1189 2580 1324 2610; x_wconf 84' lang='lat' dir='ltr'>aliorum</span> <span class='ocrx_word' id='word_1_486' title='bbox 1346 2579 1387 2610; x_wconf 90' lang='lat' dir='ltr'>de</span> <span class='ocrx_word' id='word_1_487' title='bbox 1409 2586 1442 2610; x_wconf 85' lang='lat' dir='ltr'>te</span> <span class='ocrx_word' id='word_1_488' title='bbox 1467 2579 1549 2619; x_wconf 85' lang='lat' dir='ltr'>plus,</span> <span class='ocrx_word' id='word_1_489' title='bbox 1575 2590 1673 2620; x_wconf 67' lang='lat' dir='ltr'>quem</span> <span class='ocrx_word' id='word_1_490' title='bbox 1699 2577 1758 2612; x_wconf 80' lang='lat' dir='ltr'>tuti</span> 
     </span>
     <span class='ocr_line' id='line_1_77' title="bbox 987 2623 1754 2666; baseline -0.001 -10"><span class='ocrx_word' id='word_1_491' title='bbox 987 2625 1086 2666; x_wconf 84' lang='lat' dir='ltr'>ipsius</span> <span class='ocrx_word' id='word_1_492' title='bbox 1102 2623 1226 2666; x_wconf 86' lang='lat' dir='ltr'>judicio</span> <span class='ocrx_word' id='word_1_493' title='bbox 1251 2623 1380 2662; x_wconf 81' lang='lat' dir='ltr'>credas;</span> <span class='ocrx_word' id='word_1_494' title='bbox 1409 2623 1497 2665; x_wconf 79' lang='lat' dir='ltr'>(quia</span> <span class='ocrx_word' id='word_1_495' title='bbox 1519 2625 1615 2663; x_wconf 86' lang='lat' dir='ltr'>probe</span> <span class='ocrx_word' id='word_1_496' title='bbox 1636 2623 1707 2661; x_wconf 79' lang='lat' dir='ltr'>scis,</span> <span class='ocrx_word' id='word_1_497' title='bbox 1721 2631 1754 2655; x_wconf 84' lang='lat' dir='ltr'>te</span> 
     </span>
     <span class='ocr_line' id='line_1_78' title="bbox 987 2666 1757 2711; baseline -0.003 -11"><span class='ocrx_word' id='word_1_498' title='bbox 987 2679 1052 2700; x_wconf 91' lang='lat' dir='ltr'>non</span> <span class='ocrx_word' id='word_1_499' title='bbox 1067 2679 1134 2699; x_wconf 79' lang='lat' dir='ltr'>esse</span> <span class='ocrx_word' id='word_1_500' title='bbox 1148 2677 1234 2704; x_wconf 88' lang='lat' dir='ltr'>eum,</span> <span class='ocrx_word' id='word_1_501' title='bbox 1249 2667 1304 2708; x_wconf 94' lang='lat' dir='ltr'>qui</span> <span class='ocrx_word' id='word_1_502' title='bbox 1319 2677 1385 2697; x_wconf 64' lang='lat' dir='ltr'>esse</span> <span class='ocrx_word' id='word_1_503' title='bbox 1398 2666 1536 2707; x_wconf 85' lang='lat' dir='ltr'>diceris‚)</span> <span class='ocrx_word' id='word_1_504' title='bbox 1553 2677 1660 2698; x_wconf 84' lang='lat' dir='ltr'>vereor</span> <span class='ocrx_word' id='word_1_505' title='bbox 1681 2677 1757 2711; x_wconf 63' lang='lat' dir='ltr'>por-⁴</span> 
     </span>
     <span class='ocr_line' id='line_1_79' title="bbox 984 2711 1755 2751; baseline -0.001 -8"><span class='ocrx_word' id='word_1_506' title='bbox 984 2723 1029 2747; x_wconf 87' lang='lat' dir='ltr'>ro,</span> <span class='ocrx_word' id='word_1_507' title='bbox 1053 2722 1094 2742; x_wconf 89' lang='lat' dir='ltr'>ne</span> <span class='ocrx_word' id='word_1_508' title='bbox 1115 2711 1225 2747; x_wconf 78' lang='lat' dir='ltr'>alium,</span> <span class='ocrx_word' id='word_1_509' title='bbox 1249 2720 1343 2751; x_wconf 85' lang='lat' dir='ltr'>quam</span> <span class='ocrx_word' id='word_1_510' title='bbox 1374 2721 1459 2748; x_wconf 87' lang='lat' dir='ltr'>eum,</span> <span class='ocrx_word' id='word_1_511' title='bbox 1485 2711 1541 2751; x_wconf 92' lang='lat' dir='ltr'>qui</span> <span class='ocrx_word' id='word_1_512' title='bbox 1570 2712 1694 2750; x_wconf 82' lang='lat' dir='ltr'>sapiens</span> <span class='ocrx_word' id='word_1_513' title='bbox 1722 2716 1755 2742; x_wconf 83' lang='lat' dir='ltr'>et</span> 
     </span>
     <span class='ocr_line' id='line_1_80' title="bbox 984 2755 1753 2795; baseline -0.003 -9"><span class='ocrx_word' id='word_1_514' title='bbox 984 2758 1087 2786; x_wconf 80' lang='lat' dir='ltr'>bonus</span> <span class='ocrx_word' id='word_1_515' title='bbox 1101 2755 1151 2793; x_wconf 86' lang='lat' dir='ltr'>sit,</span> <span class='ocrx_word' id='word_1_516' title='bbox 1166 2755 1294 2785; x_wconf 74' lang='lat' dir='ltr'>beatum</span> <span class='ocrx_word' id='word_1_517' title='bbox 1317 2755 1454 2792; x_wconf 75' lang='lat' dir='ltr'>habeas3</span> <span class='ocrx_word' id='word_1_518' title='bbox 1477 2764 1584 2785; x_wconf 83' lang='lat' dir='ltr'>vereor</span> <span class='ocrx_word' id='word_1_519' title='bbox 1605 2755 1753 2795; x_wconf 89' lang='lat' dir='ltr'>denique,</span> 
     </span>
     <span class='ocr_line' id='line_1_81' title="bbox 984 2799 1755 2837; baseline -0.003 -7"><span class='ocrx_word' id='word_1_520' title='bbox 984 2810 1034 2837; x_wconf 90' lang='lat' dir='ltr'>ne,</span> <span class='ocrx_word' id='word_1_521' title='bbox 1058 2799 1132 2829; x_wconf 84' lang='lat' dir='ltr'>licet</span> <span class='ocrx_word' id='word_1_522' title='bbox 1160 2807 1278 2831; x_wconf 89' lang='lat' dir='ltr'>omnes.</span> <span class='ocrx_word' id='word_1_523' title='bbox 1310 2803 1342 2827; x_wconf 84' lang='lat' dir='ltr'>te</span> <span class='ocrx_word' id='word_1_524' title='bbox 1370 2808 1483 2828; x_wconf 88' lang='lat' dir='ltr'>sanum</span> <span class='ocrx_word' id='word_1_525' title='bbox 1512 2808 1579 2829; x_wconf 88' lang='lat' dir='ltr'>esse</span> <span class='ocrx_word' id='word_1_526' title='bbox 1611 2804 1644 2828; x_wconf 91' lang='lat' dir='ltr'>et</span> <span class='ocrx_word' id='word_1_527' title='bbox 1673 2799 1755 2828; x_wconf 86' lang='lat' dir='ltr'>bene</span> 
     </span>
     <span class='ocr_line' id='line_1_82' title="bbox 983 2841 1752 2883; baseline -0.001 -10"><span class='ocrx_word' id='word_1_528' title='bbox 983 2843 1086 2873; x_wconf 76' lang='lat' dir='ltr'>valere</span> <span class='ocrx_word' id='word_1_529' title='bbox 1108 2841 1259 2876; x_wconf 82' lang='lat' dir='ltr'>dictitent,</span> <span class='ocrx_word' id='word_1_530' title='bbox 1282 2850 1389 2880; x_wconf 81' lang='lat' dir='ltr'>reapse</span> <span class='ocrx_word' id='word_1_531' title='bbox 1410 2849 1517 2871; x_wconf 82' lang='lat' dir='ltr'>tamen</span> <span class='ocrx_word' id='word_1_532' title='bbox 1539 2848 1680 2883; x_wconf 50' lang='lat' dir='ltr'>aegrotes</span> <span class='ocrx_word' id='word_1_533' title='bbox 1696 2841 1752 2872; x_wconf 82' lang='lat' dir='ltr'>sed</span> 
     </span>
     <span class='ocr_line' id='line_1_83' title="bbox 984 2884 1752 2926; baseline -0.001 -10"><span class='ocrx_word' id='word_1_534' title='bbox 984 2886 1095 2916; x_wconf 88' lang='lat' dir='ltr'>similis</span> <span class='ocrx_word' id='word_1_535' title='bbox 1109 2885 1150 2915; x_wconf 81' lang='lat' dir='ltr'>sis</span> <span class='ocrx_word' id='word_1_536' title='bbox 1165 2885 1193 2915; x_wconf 88' lang='lat' dir='ltr'>ei</span> <span class='ocrx_word' id='word_1_537' title='bbox 1209 2891 1337 2925; x_wconf 79' lang='lat' dir='ltr'>aegrotO,</span> <span class='ocrx_word' id='word_1_538' title='bbox 1353 2885 1407 2926; x_wconf 91' lang='lat' dir='ltr'>qui</span> <span class='ocrx_word' id='word_1_539' title='bbox 1423 2885 1541 2915; x_wconf 80' lang='lat' dir='ltr'>febrem</span> <span class='ocrx_word' id='word_1_540' title='bbox 1556 2887 1616 2916; x_wconf 86' lang='lat' dir='ltr'>sub</span> <span class='ocrx_word' id='word_1_541' title='bbox 1638 2884 1752 2915; x_wconf 88' lang='lat' dir='ltr'>edendi</span> 
     </span>
     <span class='ocr_line' id='line_1_84' title="bbox 985 2922 1747 2970; baseline -0.001 -9"><span class='ocrx_word' id='word_1_542' title='bbox 985 2936 1120 2970; x_wconf 71' lang='lat' dir='ltr'>tempus,</span> <span class='ocrx_word' id='word_1_543' title='bbox 1142 2938 1183 2959; x_wconf 87' lang='lat' dir='ltr'>ne</span> <span class='ocrx_word' id='word_1_544' title='bbox 1205 2928 1265 2959; x_wconf 86' lang='lat' dir='ltr'>cibi</span> <span class='ocrx_word' id='word_1_545' title='bbox 1292 2928 1350 2959; x_wconf 86' lang='lat' dir='ltr'>sibi</span> <span class='ocrx_word' id='word_1_546' title='bbox 1375 2922 1581 2970; x_wconf 72' lang='lat' dir='ltr'>denegentur,</span> <span class='ocrx_word' id='word_1_547' title='bbox 1604 2928 1747 2965; x_wconf 71' lang='lat' dir='ltr'>occultat,</span> 
     </span>
    </p>
   </div>
   <div class='ocr_carea' id='block_1_11' title="bbox 1886 2734 1904 2995">
    <p class='ocr_par' dir='ltr' id='par_1_22' title="bbox 1886 2734 1904 2995">
     <span class='ocr_line' id='line_1_85' title="bbox 1886 2734 1904 2995; textangle 90"><span class='ocrx_word' id='word_1_548' title='bbox 1891 2987 1896 2995; x_wconf 67' lang='lat'>⁷</span> <span class='ocrx_word' id='word_1_549' title='bbox 1886 2760 1904 2959; x_wconf 47' lang='lat' dir='ltr'>..siznmvssw</span> <span class='ocrx_word' id='word_1_550' title='bbox 1893 2734 1904 2740; x_wconf 81' lang='grc' dir='ltr'><strong><em>ι</em></strong></span> 
     </span>
    </p>
   </div>
  </div>
 </body>
</html>
