1904 3250
206 127 262 164 34.

839 123 1145 166 HORATII

1613 130 1723 179 [Lm.
1746 141 1777 170 1.

326 250 497 303 Hastas,
521 257 562 307 et
584 251 731 306 calami
754 250 915 306 spicula
937 249 1088 291 Gnosii

325 323 502 375 vitabis,
526 325 843 381 strepitumque,
867 330 909 364 et
929 321 1108 363 celerem
1130 323 1247 378 sequi

326 394 526 451 Ajacem:
558 402 713 445 tamen,
735 394 832 443 heu,
856 406 974 433 serus
995 390 1208 432 adulteros

236 471 292 508 20

442 467 592 509 Crines
612 466 786 523 pulvere
807 463 992 506 collines.

324 540 425 582 Non
446 540 713 590 Laertiaden,
736 538 912 580 exitium
938 544 1023 578 tuae

325 614 490 665 Gentis,
512 629 599 655 non
621 612 790 669 Pylium
812 610 996 652 Nestora
1010 610 1218 667 respicis?

325 685 523 743 Urguent
542 682 743 740 impavidi
762 690 804 723 te
828 680 1080 723 Salaminius

440 753 619 804 Teucer,
642 760 683 794 te
707 750 932 794 Sthenelus
953 750 1087 793 sciens

236 827 291 865 25
324 824 501 881 Pugnae,
524 823 611 865 sive
631 837 739 879 opus
761 828 824 863 est
844 821 1086 877 imperitare
1106 822 1238 879 equis,

324 893 423 934 Non
444 893 592 950 auriga
611 893 745 950 piger.

323 962 499 1005 Nosces.

440 1036 645 1094 Tydides,
667 1036 817 1079 melior
836 1028 979 1092 patre:

808 891 1035 934 Merionen
1057 908 1225 949 quoque

563 963 676 1006 Ecce
696 963 799 1005 furit
819 971 860 1004 te
881 963 1067 1019 reperire
1089 971 1211 1005 atrox

324 1107 467 1157 Quem
487 1115 547 1158 tu,
570 1123 717 1150 cervus
740 1108 801 1149 uti
821 1107 940 1149 vallis
960 1108 1004 1148 in
1024 1107 1156 1149 altera

236 1179 292 1217 30
325 1177 476 1219 Visum
495 1185 616 1234 parte
636 1177 785 1234 lupum
806 1177 1008 1234 graminis
1028 1177 1264 1227 immemor,

327 1249 506 1292 Sublimi
526 1249 660 1307 fugies
680 1249 819 1291 mollis
840 1250 1051 1301 anhelitu3

442 1319 542 1361 Non
562 1319 643 1362 hoc
662 1320 874 1376 pollicitus
893 1329 991 1363 tuae.

211 1444 348 1478 Achillis
390 1445 540 1477 citharam
579 1446 685 1478 videre
728 1445 863 1478 voluisse
898 1446 975 1477 dici-

208 1497 270 1521 tur.
360 1500 457 1521 carm.
474 1490 565 1522 divid.
575 1492 659 1534 fem.
678 1508 721 1515 —
735 1492 877 1522 carmina
899 1492 976 1522 divi-

207 1536 281 1565 dere
296 1534 433 1576 fiminis
457 1540 524 1565 est.
561 1534 656 1565 modo
683 1534 767 1571 huic,
797 1533 894 1565 modo
922 1533 977 1564 alii

210 1576 338 1608 feminae
351 1587 478 1608 carmen
492 1587 628 1617 canere3
649 1577 744 1609 simili
758 1577 855 1609 modo
869 1580 974 1610 oscula

208 1622 344 1652 dividere
368 1620 441 1651 infr.
468 1621 497 1651 1.
515 1621 568 1652 36.
587 1621 617 1652 5.
729 1620 810 1652 .16.
837 1623 973 1653 thalamo

209 1665 242 1694 h.
255 1674 284 1694 e.
303 1664 337 1694 in
352 1664 499 1700 thalamo,
512 1666 567 1696 ubi
585 1666 694 1696 Venus
708 1633 869 1702 Paridem,
880 1675 976 1706 quem

211 1708 280 1747 ipsa
308 1718 349 1738 ex
377 1718 486 1748 pugna
515 1709 682 1749 eripuerat,
710 1715 818 1740 tutum
840 1719 860 1739 a
889 1708 976 1739 caede

210 1758 358 1791 praestare
379 1752 502 1782 volebat
523 1752 700 1784 secundum
717 1753 817 1783 Hom.
837 1752 878 1782 11.
899 1752 970 1783 111.

210 1794 286 1825 382.
372 1806 484 1835 graves
498 1796 528 1827 h.
547 1807 575 1827 e.
593 1796 758 1831 timendas,
775 1802 812 1827 ut
830 1806 915 1836 supr.
939 1794 971 1826 2.

211 1837 264 1869 22.
280 1840 386 1870 Persae
397 1850 515 1878 graves.
605 1841 720 1871 calami
734 1841 862 1880 spicula,
878 1839 975 1880 sagit-

211 1889 270 1920 tas,
285 1881 357 1916 tela.
377 1884 483 1914 Gnosii
503 1894 577 1923 pro:
610 1883 736 1918 Cretici,
753 1894 773 1914 a
786 1883 860 1914 satis
875 1883 974 1914 nobili

215 1926 319 1958 Cretae
334 1927 411 1956 urbe
431 1927 533 1959 Gnoso
542 1943 554 1964 ;
572 1927 693 1969 sagittae
708 1927 836 1963 scilicet,
848 1937 866 1957 e
877 1937 979 1958 canna.

215 1969 340 2001 Cretica
361 1969 463 2006 factae,
483 1971 515 2000 in
539 1970 801 2010 praestantissimis
821 1971 978 2001 habeban-

213 2019 275 2047 tur,
300 2018 331 2042 et
352 2012 412 2052 ipsi
437 2014 554 2051 Cretes,
583 2025 662 2054 quos
686 2021 796 2045 contra
823 2014 977 2054 Trojanos

212 2056 305 2088 duxit
328 2055 529 2095 Idomeneus,
547 2058 665 2100 (Hom.
684 2057 724 2088 11.
742 2058 792 2089 11.
809 2056 904 2098 645.)
919 2067 976 2097 op-

213 2100 283 2131 timi
297 2099 447 2141 sagittarii
461 2101 557 2132 fuisse
570 2102 792 2141 perhibentur3
816 2101 891 2132 hinc
903 2100 976 2132 infr.

214 2154 343 2185 quoque
364 2154 459 2175 arcus
490 2147 646 2185 Cydonius
667 2146 731 2176 IV.
753 2145 784 2176 9.
806 2144 858 2176 17.
945 2156 976 2175 v.

217 2186 268 2218 18.
285 2188 459 2227 strepitum,
486 2188 660 2219 tumultum
686 2189 848 2227 bellicum,
876 2198 978 2220 armo-

212 2241 287 2262 rum
300 2230 460 2269 sonitum3
533 2234 660 2263 celerem
674 2234 759 2274 sequi
775 2233 885 2264 Graece
899 2243 974 2272 pro:

215 2274 349 2306 celerem
374 2273 409 2303 in
434 2275 648 2315 persequendo
673 2277 772 2307 hoste.
860 2283 977 2313 tamen,

215 2321 287 2356 heu,
302 2329 390 2350 serus
403 2323 475 2348 cett.
494 2328 568 2348 cum
583 2319 744 2358 particulae
765 2321 978 2361 nequidquam

217 2380 263 2396 t-
274 2363 381 2394 vitabis
393 2378 439 2386 —
452 2367 557 2393 tamen
570 2380 613 2386 —-
627 2365 751 2395 collines
779 2373 892 2403 parum
919 2363 978 2394 sibi

217 2404 437 2445 respondeant,
464 2406 498 2436 τὸ
523 2411 630 2437 tamen
658 2407 739 2437 refer
761 2407 802 2437 ad
830 2407 978 2437 emissem

218 2448 402 2489 particulam
418 2450 569 2490 quamvis,
585 2456 617 2479 et
626 2450 728 2491 junge
741 2463 748 2481 ε
775 2450 918 2491 quamvis
930 2462 979 2482 se-

219 2504 285 2530 rus,
293 2499 404 2524 ,tamen
417 2509 462 2517 —
471 2494 602 2523 collines.
652 2493 818 2524 Simillima
831 2493 980 2525 orationis

219 2542 377 2568 structura
389 2541 437 2566 est
449 2536 536 2575 apud
557 2535 647 2577 Virg.
663 2537 777 2579 Eclog.
797 2536 825 2567 Ι.
842 2536 895 2567 28.
922 2538 980 2569 Li-

220 2582 331 2617 bertas,
353 2591 433 2621 quw,
455 2591 538 2618 sera,
560 2586 663 2611 tamen
687 2582 815 2621 respexit
838 2582 980 2618 inertem,

219 2623 274 2654 ubi
290 2622 404 2664 pariter
417 2622 459 2654 ad
472 2634 539 2654 sera
553 2623 766 2663 supplendum
780 2629 845 2655 est:
872 2636 982 2665 quam-

221 2668 273 2698 vis.
363 2668 462 2698 adult.
479 2668 559 2698 crin.
570 2669 655 2707 pulv.
674 2669 741 2698 coll.
759 2668 790 2697 h.
809 2677 836 2696 e.
854 2667 982 2706 pulvere

222 2710 354 2741 foedabis
363 2710 472 2741 ‘crines
488 2710 648 2752 eleganter
661 2710 876 2741 adulterorum
896 2721 983 2743 more

222 2760 353 2792 comtos,
367 2754 390 2784 i.
405 2764 432 2784 e.
450 2753 653 2785 trucidaberis
672 2760 704 2784 et
723 2760 824 2784 morte
838 2753 983 2786 adulterii

224 2806 348 2835 poenam
369 2797 448 2828 lues.
468 2797 559 2839 Virg.
578 2797 657 2828 AEn.
683 2797 772 2827 XII.
791 2797 844 2828 99.
928 2801 984 2830 Da

223 2846 360 2872 sternere
382 2853 493 2883 corpus
505 2858 551 2867 —
564 2842 703 2874 Semiviri
718 2843 861 2882 Phrygis,
881 2848 911 2873 et
919 2843 985 2883 soe-

225 2885 300 2914 aare
315 2886 349 2916 in
359 2887 487 2925 pulvere
501 2886 611 2918 crines.

267 2936 296 2956 v.
314 2927 453 2960 21-28.
479 2931 556 2963 Non
568 2928 762 2962 Laertiaden
775 2946 818 2956 —
832 2931 955 2971 respicis
967 2931 984 2959 ?

1018 1455 1126 1477 annon
1148 1451 1180 1477 te
1199 1445 1376 1488 fugientem
1398 1445 1543 1488 persequi
1564 1445 1784 1479 animadvertis

1022 1489 1180 1530 Ulyssem,
1197 1490 1322 1521 Laertia
1339 1490 1441 1522 filium
1452 1489 1644 1532 ?—Ulysses
1666 1498 1782 1526 autem,

1018 1533 1093 1574 quia
1106 1534 1220 1573 partim
1238 1533 1382 1566 Palladio
1392 1541 1544 1574 surrepto,
1557 1535 1670 1575 partim
1681 1534 1783 1566 consi-

1017 1576 1071 1614 lio,
1087 1576 1127 1607 de
1141 1577 1197 1608 illo
1211 1588 1292 1619 equo
1307 1578 1414 1619 ligneo
1425 1578 1611 1610 aediflcando
1621 1579 1706 1616 dato,
1715 1578 1784 1609 exi-

1017 1621 1097 1652 tium
1113 1621 1233 1660 paravit
1245 1621 1333 1663 genti
1349 1622 1532 1664 Trojanae,’
1522 1633 1590 1662 lpse
1610 1632 1697 1654 nunc
1711 1632 1784 1663 gra-

1018 1664 1097 1695 viter
1104 1666 1205 1705 gentis
1222 1665 1367 1706 Trojanae
1380 1668 1508 1698 exitium
1525 1672 1662 1696 vocatur.
1699 1666 1783 1702 Nos-

1018 1714 1103 1738 trum
1117 1709 1258 1739 imitatus
1271 1715 1318 1739 est
1335 1709 1471 1741 Ovidius
1483 1710 1564 1741 Met.
1583 1709 1694 1740 XIII.
1708 1708 1784 1740 500.

1019 1751 1074 1782 ubi
1091 1751 1228 1783 Hecuba
1245 1752 1405 1784 Achillem
1419 1755 1544 1785 exitium
1561 1753 1665 1794 Troice
1674 1753 1783 1794 appel-

1018 1794 1079 1834 lat3
1094 1796 1180 1827 etsie
1192 1794 1277 1836 apud
1290 1796 1399 1827 Senec.
1414 1796 1514 1828 Herc.
1531 1797 1607 1828 Fur.
1619 1795 1695 1828 358.
1709 1796 1784 1827 Me-

1017 1849 1093 1880 gara
1103 1838 1143 1870 de
1159 1839 1268 1880 Lyco:
1299 1842 1458 1875 Quidnam
1471 1842 1538 1878 isle,
1551 1842 1650 1872 nostri
1659 1842 1784 1881 generis

1017 1885 1146 1914 exitium
1156 1895 1193 1914 ac
1205 1885 1283 1920 lues
1298 1885 1384 1916 Novi
1392 1890 1504 1925 parat.
1498 1884 1515 1907 ε’
1531 1882 1626 1915 simili
1635 1883 1785 1925 loquendi

1020 1936 1136 1967 genere
1155 1928 1249 1958 Thais
1269 1927 1355 1967 apud
1375 1927 1503 1959 Terent.
1531 1927 1731 1959 Eunuch.1.
1752 1925 1781 1958 l.

1021 1968 1075 2000 34.
1108 1969 1223 2001 dicitur
1239 1971 1346 2013 fundi
1369 1972 1554 2008 calamicas,·
1587 1970 1694 2012 itaque
1719 1981 1785 2002 nou

1019 2024 1108 2053 opus.
1124 2019 1162 2044 ut
1175 2013 1209 2044 in
1223 2021 1330 2045 nostro
1343 2013 1414 2045 loco
1427 2024 1485 2055 pro
1495 2016 1598 2056 gentis
1618 2025 1694 2046 cum
1713 2013 1785 2056 qui-

1020 2057 1154 2089 busdam
1176 2057 1300 2099 legatur
1319 2060 1414 2099 genti,
1437 2069 1509 2100 quae
1533 2058 1684 2100 loquendi
1704 2057 1785 2089 ratio

1022 2101 1119 2140 paulo
1138 2101 1246 2132 durior
1260 2100 1392 2132 videtur.
1483 2103 1613 2143 Pylium
1635 2103 1783 2139 Nestora,

1025 2145 1109 2185 Pyli,
1131 2145 1270 2186 antiquae
1291 2144 1424 2177 civitatis
1437 2145 1472 2175 in
1489 2145 1719 2186 Peloponneso,
1734 2155 1784 2175 re-

1022 2198 1107 2230 gem.
1197 2190 1386 2220 Salaminius
1429 2191 1556 2224 Teucer,
1591 2188 1783 2226 Telamonis,

1022 2232 1105 2273 regis
1133 2231 1309 2269 Salaminis,
1335 2231 1431 2263 filius.
1520 2234 1691 2270 Sthenelus,
1722 2232 1785 2263 Ca-

1021 2275 1114 2316 panei
1143 2274 1246 2306 filius:
1281 2276 1380 2307 sciens
1406 2287 1528 2317 pugnoe
1551 2275 1643 2318 (1:335
1665 2276 1785 2317 μάχης,

1024 2318 1144 2359 Hom.)
1157 2329 1227 2358 pro:
1246 2318 1344 2350 fortis.
1410 2331 1476 2351 non.
1488 2321 1599 2359 auriga
1608 2322 1708 2361 piger,
1723 2319 1787 2351 fuit

1021 2372 1137 2402 nempe
1161 2361 1328 2393 Sthenelus
1349 2362 1460 2404 auriga
1485 2363 1662 2394 Diomedis.
1752 2373 1782 2394 v.

1022 2405 1075 2437 26.
1095 2407 1270 2442 Merionen,
1286 2406 1327 2436 cf.
1344 2416 1429 2446 supr.
1443 2406 1484 2437 ad
1497 2406 1526 2437 1.
1542 2406 1572 2437 6.
1588 2405 1638 2438 15.
1701 2408 1785 2439 Nos-

1022 2461 1072 2482 ces
1085 2450 1117 2480 h.
1136 2459 1164 2480 e.
1183 2449 1285 2480 virum
1305 2449 1421 2480 fortem
1435 2460 1502 2481 esse
1515 2450 1630 2482 senties
1645 2456 1678 2482 et
1691 2460 1785 2491 expe-

1021 2493 1119 2525 rieris.
1196 2494 1287 2536 furit
1309 2499 1338 2524 te
1359 2495 1493 2534 reperire
1513 2494 1546 2524 h.
1563 2504 1591 2525 e.
1617 2493 1698 2525 furit
1720 2503 1786 2533 prae

1022 2536 1195 2577 cupiditate
1218 2543 1251 2567 te
1274 2536 1449 2576 reperiendi
1471 2543 1504 2568 et
1525 2543 1631 2572 tecum
1653 2546 1786 2579 congre-

1025 2580 1142 2612 diendi.
1165 2580 1283 2623 (Hom-
1305 2580 1424 2621 μεμυκὸς
1447 2581 1578 2622 maxim.)
1604 2588 1701 2619 atrox,
1724 2586 1781 2611 ut:

1025 2636 1134 2662 soevus,
1159 2630 1310 2656 memus
1328 2630 1400 2655 cett.
1423 2634 1505 2664 pro:
1527 2625 1626 2655 sortis.
1722 2625 1785 2664 Zy-

1025 2670 1119 2705 dides,
1138 2668 1320 2705 Diomedes,
1337 2667 1438 2708 Tydei
1451 2667 1545 2699 filius.
1571 2669 1680 2700 melior
1695 2673 1787 2709 patre

1025 2713 1057 2743 h.
1077 2722 1104 2743 e.
1121 2711 1232 2742 fortior
1247 2712 1371 2754 (wau-335
1388 2711 1516 2752 ἀμύνων,
1533 2710 1694 2754 uenirem.)

1068 2765 1098 2786 v.
1125 2754 1266 2786 29-36.
1294 2757 1394 2791 Quem
1427 2761 1474 2791 tu,
1497 2766 1607 2787 cervus
1627 2756 1678 2787 uli
1700 2757 1787 2787 vallis

1027 2805 1100 2830 cett.
1129 2809 1256 2831 sensus:
1297 2809 1392 2840 quem
1414 2798 1546 2830 simulac
1574 2797 1684 2838 procul
1709 2809 1786 2830 con-

1029 2844 1175 2882 spexeris,
1190 2842 1301 2874 eadem
1320 2842 1436 2880 statim,
1458 2847 1496 2873 ut
1516 2843 1612 2873 homo
1629 2841 1734 2874 mollis
1754 2848 1787 2874 et

1029 2885 1173 2926 ignavus,
1189 2886 1346 2922 celeritate
1366 2885 1480 2928 fugies,
1501 2895 1566 2927 qua
1587 2886 1651 2916 fere
1665 2895 1785 2923 cervus,

1028 2929 1160 2963 simulac
1184 2930 1298 2971 lupum
1322 2930 1357 2961 iu
1380 2929 1478 2962 altem
1497 2928 1694 2971 vallis'parte
1715 2937 1785 2970 pro-
