1904 3250
194 162 280 200 448

831 125 1138 200 HORATIl

1609 162 1718 210 [Lm.
1742 172 1774 200 1.

782 349 1094 394 EPISTOLA
1126 352 1186 395 ΙΙ.

816 509 886 540 AD
910 501 1153 542 LOLLIU'M.

310 640 519 682 TROJANr
541 637 643 680 belli
664 638 928 694 scriptorem,
950 640 1134 682 maxime
1157 639 1284 691 Lolli,

303 714 427 759 Dum
448 720 495 753 tu
515 711 725 753 declamas
750 711 915 763 Romae,
940 712 1157 754 Praeneste
1178 713 1326 771 relegi3

307 783 409 833 Qui,
432 781 534 840 quid
556 783 609 823 sit
628 782 869 838 pulchrum,
893 783 996 842 quid
1015 792 1154 839 turpe,
1177 783 1279 841 quid
1300 783 1415 835 utile,
1438 784 1540 841 quid
1560 799 1660 835 non,

310 853 482 894 Planius
498 867 548 893 ac
567 852 717 893 melius
741 851 985 909 Chrysippo
1005 861 1047 894 et
1070 853 1278 895 Crantore
1299 853 1412 895 dicit.

249 926 274 963 5
309 922 398 963 Cur
413 922 472 963 ita
492 921 758 972 crediderim,
780 922 861 963 nisi
882 922 984 978 quid
1000 930 1042 963 te
1063 922 1235 973 detinet,
1258 922 1370 965 audi.

309 995 484 1045 Fabula,
507 1010 591 1052 qua
614 994 779 1036 Paridis
799 1003 975 1051 propter
995 1003 1192 1037 narratur
1213 1010 1401 1038 amorem

309 1065 478 1107 Graecia
503 1064 722 1106 Barbariae
741 1064 857 1106 lento
878 1064 1023 1107 collisa
1043 1064 1199 1116 duello,

309 1137 545 1179 Stultorum
566 1152 716 1194 regum
737 1145 779 1178 et
798 1137 1055 1193 populorum
1077 1138 1263 1180 continet
1283 1144 1423 1179 aestus.

308 1209 503 1250 Antenor
524 1216 665 1249 censet
686 1207 786 1249 belli
806 1209 1039 1264 praecidere
1060 1224 1253 1251 causam:

201 1305 205 1312 ·
226 1284 276 1322 10
309 1280 428 1331 Quid
453 1279 607 1322 Paris?
636 1288 683 1322 ut
699 1281 838 1323 salvus
860 1290 1010 1339 regnet
1030 1281 1225 1338 vivatque
1245 1281 1407 1332 beatus,

311 1354 421 1412 Cogi
441 1369 565 1411 posse
585 1361 725 1411 negat.

790 1354 947 1396 Nestor
968 1369 1223 1410 componere
1244 1354 1337 1396 lites

311 1423 430 1465 Inter
453 1422 630 1465 Peliden
650 1421 821 1465 festinat
841 1432 884 1466 et
904 1425 1015 1466 inter
1038 1424 1220 1465 Atriden
1238 1444 1248 1467 :

312 1495 444 1537 Hunc
465 1510 596 1547 amor,
619 1496 683 1537 ira
703 1497 874 1552 quidem
896 1497 1176 1538 communiter
1195 1496 1281 1538 urit
1301 1502 1539 1552 utrumque.

190 1639 308 1679 pituita
324 1636 424 1667 tribus
437 1636 576 1677 syllabis,
591 1643 628 1668 ut
643 1647 737 1678 supra
761 1638 826 1669 Sat.
853 1637 903 1669 ΙΙ.
932 1637 965 1669 2.

196 1681 248 1712 76,
267 1680 507 1721 pronuncianda
522 1687 578 1711 est,

421 1767 671 1800 EPISTOLA
697 1768 748 1799 11.

461 1855 517 1885 An
534 1855 704 1888 Lemma.

244 1942 418 1983 Postquam
434 1947 528 1982 poeta
550 1942 624 1974 vitae
648 1948 814 1982 praecepta,
840 1952 913 1983 quae
934 1941 969 1971 in

200 1986 346 2017 Homero
371 1986 582 2022 continentur.
607 1986 749 2025 planiora
777 1992 810 2016 et
839 1984 971 2016 meliora

202 2029 252 2067 iis,
282 2039 354 2070 quae
377 2029 556 2069 philosophi
584 2029 725 2066 tradunt,
755 2039 822 2060 esse
851 2028 969 2064 docuit,

199 2074 266 2113 ipse
280 2083 376 2103 aurea
392 2078 556 2113 praecepta,
573 2072 613 2104 ad
629 2083 701 2114 quae
723 2073 787 2104 vita
806 2071 972 2113 dirigenda

199 2116 249 2153 sit,
265 2116 372 2156 pueris
385 2116 544 2156 praecipue
558 2117 717 2156 proponit.

243 2171 271 2190 v.
294 2158 388 2190 1—4«.
414 2171 493 2191 maz.
514 2161 595 2191 Loll.
609 2178 654 2185 --
669 2162 804 2197 Lollius,
821 2159 872 2190 Μ.
893 2158 971 2190 Lol-

198 2203 235 2234 lii
264 2203 416 2241 Palicani,
441 2209 478 2233 ut
503 2197 651 2242 videtur,
666 2203 805 2235 consulis
826 2212 902 2234 cum
925 2203 967 2238 Q,

203 2246 338 2279 AEmilio
355 2246 489 2286 Lepido,
505 2246 600 2277 filius.
666 2249 811 2284 maa-ime,
826 2256 868 2277 sc.
881 2252 969 2283 natu,

201 2297 240 2322 ut
259 2297 343 2322 recte
374 2292 533 2322 Gesner-us
552 2291 712 2328 observat;
737 2300 811 2321 nam
834 2290 917 2320 infra
937 2289 971 2319 in

202 2333 349 2374 Epistola
366 2333 417 2365 18.
433 2333 475 2364 ad
489 2333 626 2364 eundem
643 2334 787 2364 Lollium
801 2333 916 2373 scripta
937 2343 966 2363 v.

202 2378 256 2409 63.
273 2377 378 2409 fratris
391 2377 524 2419 alicujus
538 2377 574 2407 fit
588 2378 720 2409 mentio.

245 2432 274 2452 v.
292 2421 324 2452 2.
351 2423 514 2458 declamas,
530 2420 656 2451 dicendi
671 2427 738 2452 arte
752 2420 913 2451 exerceris.
926 2437 971 2445 —

165 2462 173 2471 ⁸
204 2468 374 2501 Praeneste,
397 2474 435 2495 eo
457 2464 543 2494 enim
567 2464 725 2495 Horatius
745 2464 891 2494 secedere
911 2462 970 2494 ibi-

201 2520 267 2551 que
279 2508 339 2540 sihi
352 2508 519 2549 Musisque
529 2507 633 2538 vivere
647 2508 783 2545 solebat3
800 2507 863 2538 vid.
877 2517 972 2547 supra

205 2552 269 2585 od.
290 2552 363 2584 111.
379 2550 412 2582 4.
429 2550 484 2582 23.

246 2607 276 2627 v.
293 2596 325 2628 3.
350 2597 428 2638 quid
448 2597 489 2626 sit
506 2596 676 2636 pulchrum
701 2594 836 2636 (καλῶ),
858 2594 971 2624 hones-

203 2646 297 2679 tum3
385 2646 486 2680 turpe,
501 2639 589 2674 utile,
613 2637 653 2669 de
674 2637 791 2679 quibus
813 2637 974 2677 disputant

203 2682 392 2723 philosophi.

248 2737 277 2758 v.
305 2725 337 2758 4,
368 2727 513 2763 Planius,
539 2725 658 2766 majore
682 2723 912 2764 perspicuitate.
930 2742 974 2749 —

207 2773 387 2812 Chrysippo,
410 2769 451 2801 de
472 2779 511 2800 eo
533 2769 604 2799 vide
625 2778 720 2807 supra
741 2767 781 2798 ad
807 2768 869 2798 Sat.
891 2767 920 2798 Ι.
939 2767 970 2798 3.

208 2813 280 2845 127.
385 2817 544 2851 Crantore,
583 2811 773 2843 Xenocratis
809 2811 972 2851 discipulo,

207 2857 306 2889 nobili
322 2857 508 2897 philosopho
524 2854 726 2888 Academico.

251 2911 279 2931 v.
316 2901 338 2932 6
370 2907 442 2934 cett.
484 2900 539 2937 Iis,
569 2910 640 2942 quae
669 2908 756 2929 nunc
786 2904 970 2939 sequuntur,

208 2944 339 2984 pulchre
385 2944 541 2976 Horatius
583 2942 745 2975 exornavit
787 2942 973 2973 sententiam

1011 1638 1115 1668 hanc:
1159 1637 1323 1668 Homerus
1352 1637 1504 1678 exemplis
1531 1644 1598 1669 tam
1626 1638 1778 1677 stultitia»,

1011 1724 1147 1765 pietatis,
1184 1724 1308 1755 virtutis
1341 1731 1375 1755 et
1409 1725 1611 1761 continentiae
1654 1727 1780 1768 egregie

1011 1767 1216 1804 adumbratis,
1241 1773 1274 1798 et
1294 1774 1369 1799 ante
1389 1768 1501 1799 oculos
1521 1768 1640 1809 positis,
1654 1765 1782 1811 planius

1011 1818 1044 1842 et
1068 1810 1193 1848 melius,
1219 1821 1316 1853 quam
1341 1810 1528 1852 philosophi,
1552 1813 1630 1855 quid
1649 1813 1691 1844 sit
1707 1815 1781 1855 pul-

1012 1857 1132 1888 chrum.
1146 1856 1223 1896 quid
1237 1861 1338 1896 turpe,
1352 1856 1432 1896 quid
1445 1857 1533 1893 utile,
1548 1855 1667 1887 docuit.

1055 1909 1085 1929 v.
1114 1897 1210 1929 6—8.
1252 1899 1388 1936 Fabula,
1425 1910 1490 1940 qua
1522 1906 1595 1931 cett.
1644 1895 1782 1932 Homeri

1014 1941 1103 1979 Ilias,
1118 1942 1174 1973 ubi
1195 1941 1320 1972 insertis
1341 1941 1458 1973 fabulis
1479 1948 1642 1975 enarratur
1660 1942 1781 1975 bellum

1013 1991 1140 2025 propter
1157 1984 1282 2016 Paridis
1295 1995 1435 2016 amorem
1453 1985 1518 2017 sive
1539 1993 1665 2026 propter
1680 1987 1782 2020 Hele-

1014 2039 1065 2059 nae
1078 2035 1205 2068 raptum
1219 2029 1303 2059 inter
1320 2029 1450 2060 Graecos
1468 2035 1500 2061 et
1523 2029 1678 2072 Trojanos
1691 2041 1782 2062 exor-

1014 2079 1086 2103 tum
1115 2078 1147 2103 et
1176 2072 1210 2102 in
1239 2071 1350 2103 decem
1378 2082 1478 2104 annos
1503 2078 1690 2110 extractum,
1715 2081 1781 2106 tam

1013 2114 1204 2156 principum,
1220 2125 1317 2157 quam
1331 2116 1523 2155 populorum
1535 2116 1633 2148 stulta
1652 2117 1784 2149 consilia

1013 2165 1046 2190 et
1060 2159 1213 2189 insaniam
1227 2166 1302 2190 ante
1315 2159 1424 2191 oculos
1437 2159 1537 2200 ponit.
1626 2161 1783 2192 Barbaria

1014 2214 1034 2234 a
1059 2203 1180 2233 Graecis
1200 2202 1320 2244 quaevis
1339 2202 1429 2244 regio
1450 2207 1538 2234 'extra
1561 2202 1728 2240 Graeciam,
1751 2210 1783 2236 et

1013 2257 1034 2277 a
1051 2246 1206 2277 Romanis
1219 2245 1338 2287 quaevis
1358 2245 1447 2288 regio
1467 2252 1555 2277 extra
1570 2245 1696 2278 Italiam
1711 2247 1781 2286 sita,

1014 2289 1203 2321 nominatim
1234 2288 1384 2331 Phrygia,
1409 2289 1594 2330 appellatur.
1631 2320 1635 2324 ,
1679 2292 1782 2323 collisa

1014 2332 1142 2375 gravius
1166 2338 1199 2363 et
1223 2332 1453 2374 significantius
1476 2343 1554 2374 pro:
1586 2334 1782 2374 commixta3

1013 2377 1070 2417 qui
1090 2376 1227 2407 invicem
1249 2386 1283 2407 se
1304 2381 1428 2416 petunt,
1452 2377 1667 2414 comelantum
1698 2385 1782 2409 cete-

1013 2430 1086 2451 rum
1110 2419 1163 2450 hic
1187 2429 1296 2450 versus
1320 2425 1387 2450 tam
1407 2420 1450 2450 ob
1469 2419 1552 2451 hanc
1577 2419 1781 2460 locutionem,

1014 2473 1110 2504 quam
1131 2464 1172 2493 ob
1194 2462 1328 2502 priscam
1351 2471 1462 2494 vocem
1485 2464 1626 2495 duellum
1649 2465 1783 2504 prodere

1014 2506 1139 2538 videtur
1154 2505 1310 2537 Ennium.

1060 2560 1088 2580 v.
1106 2549 1139 2581 8.
1162 2559 1218 2589 per
1238 2555 1352 2581 aestum
1372 2547 1515 2591 intellige
1535 2550 1784 2583 vehementiores

1014 2593 1112 2625 animi
1132 2593 1312 2624 affectiones
1332 2597 1364 2623 et
1384 2593 1460 2624 vitia
1480 2593 1515 2624 in
1529 2603 1558 2625 v.
1579 2592 1630 2625 15.
1644 2591 1784 2627 ωῐιιωεᾲ

1015 2643 1145 2668 morata.

1059 2691 1089 2710 v.
1116 2679 1148 2710 9.
1188 2681 1335 2711 Antenor
1364 2686 1466 2712 censet
1494 2686 1567 2712 cett.
1625 2683 1781 2724 Antenor,

1016 2733 1112 2755 senex
1141 2722 1351 2764 Trojanorum
1376 2722 1647 2763 prudentissimus
1677 2731 1784 2759 censet

1017 2776 1153 2804 causam,
1181 2776 1219 2797 ex
1246 2777 1309 2807 qua
1332 2765 1415 2797 bello
1441 2777 1460 2798 a
1493 2767 1611 2799 Graecis
1635 2775 1783 2809 petantur

1018 2809 1157 2852 Trojani,
1173 2819 1192 2840 e
1207 2809 1314 2840 medio
1334 2809 1506 2841 tollendam
1527 2822 1594 2843 esse
1605 2824 1615 2850 ;
1638 2813 1784 2844 censebat

1017 2853 1134 2885 scilicet
1151 2854 1307 2890 Antenor,
1322 2852 1483 2884 Helenam
1497 2854 1689 2887 reddendam
1704 2866 1782 2895 esse,

1019 2898 1118 2928 Hom.
1140 2896 1181 2928 Il.
1207 2896 1293 2928 VII.
1317 2894 1382 2928 348
1404 2907 1488 2939 seqq.
1557 2899 1596 2931 ad
1613 2901 1783 2942 proecidere

1018 2941 1148 2983 supple:
1177 2940 1331 2982 Trojanos
1345 2941 1467 2974 debere.
