1904 3250
245 164 327 202 566

874 162 1180 206 HORATII

244 281 327 319 285
361 279 431 320 Nil
452 281 698 322 intentatum
719 281 851 321 nostri
880 281 1039 337 liquere
1059 289 1218 337 poetae:

358 351 447 394 Nec
467 353 683 414 minimum
704 368 894 395 meruere
914 353 1042 395 decus
1063 353 1236 410 vestigia
1257 353 1410 397 Graeca

358 426 462 466 Ausi
483 424 687 476 deserere,
710 434 752 467 et
772 426 982 469 celebrare
1003 427 1232 469 domestica
1250 426 1369 478 facta,

358 497 435 538 Vel
457 497 527 554 qui
547 505 786 553 praetextas,
809 499 875 541 vel
896 501 968 557 qui
989 500 1170 542 docuere
1185 508 1359 557 togatas.

357 565 446 607 Nec
467 566 618 609 virtute
638 567 746 610 foret
765 568 938 611 clarisve
965 570 1175 625 potentius
1196 570 1335 620 armis,

241 639 324 676 290

357 635 498 685 Quam
517 636 674 695 lingua,
698 637 882 690 Latium,
905 639 939 680 si
959 654 1044 680 non
1062 638 1298 681 ,offenderet
1317 653 1467 681 unum·-

355 706 576 764 Quemque
596 716 816 765 poetarum
835 710 947 753 limae
967 711 1088 753 labor
1108 719 1150 753 et
1169 727 1298 753 mora.
1361 710 1462 762 Vos,
1487 711 1528 753 O

356 779 587 835 Pompilius
609 782 791 839 sanguis,
815 798 982 825 carmen
1003 784 1310 840 reprehendite,
1334 783 1447 841 quod
1468 799 1552 825 non

355 851 497 894 Multa
516 853 604 895 dies
626 862 667 896 et
686 855 819 896 multa
838 855 964 898 litura
980 858 1176 908 coercuit,
1199 865 1324 914 atque

321 962 324 964 Α
354 920 610 964 Praesectum
630 923 768 977 decies
788 940 876 966 non
896 926 1112 983 castigavit
1131 925 1186 967 ad
1206 940 1415 983 unguem..

239 994 321 1032 295

412 991 635 1050 Ingenium
655 994 808 1036 misera
832 995 930 1051 quia
948 995 1199 1037 fortunatius
1220 1003 1308 1036 arte

354 1064 513 1116 Credit,
535 1073 577 1107 et
596 1066 783 1108 excludit
803 1083 926 1109 sanos
950 1067 1156 1110 Helicone
1175 1075 1320 1123 poetas

351 1137 635 1190 Democritus,
658 1139 770 1182 bona
788 1155 886 1196 pars
907 1156 993 1182 non
1013 1156 1175 1199 ungues
1201 1155 1357 1197 ponere
1378 1147 1507 1190 curat,

352 1207 451 1250 Non
471 1209 659 1261 barbam,
683 1218 842 1252 secreta
860 1211 966 1267 petit
984 1210 1090 1262 loca,
1109 1211 1258 1253 balnea
1278 1211 1391 1252 vitat.

356 1280 631 1324 Nanciscetur
651 1283 760 1324 enim
782 1281 964 1338 pretium
985 1298 1222 1340 nomenque
1242 1290 1393 1338 poetae,

276 1418 303 1438 v.
331 1407 513 1440 286—288.
544 1412 679 1442 deserere
708 1412 832 1451 vestigia
873 1412 993 1446 Graeca,

234 1452 377 1484 recedere
405 1463 425 1483 a
452 1452 629 1484 fabularum
659 1454 861 1494 argumentis,
891 1454 996 1496 qualia

237 1495 341 1527 Graeci
368 1498 551 1527 tractabant.
641 1499 802 1528 domestica
817 1498 922 1540 sacta,
947 1508 997 1528 res

232 1539 378 1579 praeclare
391 1541 431 1570 ab
444 1540 518 1579 ipsis
543 1539 696 1571 Romanis
716 1546 828 1580 gestas.
910 1553 996 1583 prae-

233 1589 337 1620 tea-tas,
359 1583 392 1613 in
414 1584 529 1625 quibus
542 1584 681 1623 supremi
702 1583 820 1615 ordinis
834 1583 900 1620 viri,
917 1595 996 1625 prae-

232 1633 318 1657 texta
331 1628 442 1664 ornati,
460 1627 704 1658 celebrabantur.
794 1634 920 1669 togatas,
941 1628 996 1658 ubi

232 1680 291 1706 res,
311 1680 382 1710 quae
407 1672 568 1712 agebatur,
594 1673 751 1710 spectabat
778 1671 819 1702 ad
843 1671 995 1708 homines,

234 1713 408 1754 simplicem
421 1721 529 1756 togam
551 1720 673 1745 tantum
689 1720 853 1754 gestantes.
943 1717 997 1746 do-

232 1768 334 1794 cuere,
351 1756 484 1797 ἰδὶδαξιιν,
500 1757 562 1788 vid.
577 1757 654 1788 adv.
672 1757 746 1788 280.

275 1812 305 1832 v.
321 1800 396 1831 290.
421 1803 448 1832 si
469 1812 534 1833 non
555 1802 723 1845 offenderet
742 1807 828 1839 cett„
851 1801 910 1831 nisi
925 1801 997 1832 dili.

232 1844 349 1885 genitia,
378 1844 466 1875 labor
494 1851 525 1874 et
553 1851 687 1884 tempus,
720 1845 805 1886 quod
834 1844 999 1875 elimandis

233 1887 424 1918 carminibus
452 1887 702 1927 impendendum
731 1895 787 1924 est,
825 1887 997 1929 unicuique

233 1938 396 1971 poetarum
425 1941 474 1962 res
502 1930 611 1969 invisa,
648 1930 771 1972 ingrata
800 1939 831 1963 et
866 1932 996 1963 molesta

234 1981 323 2005 esset.

276 2030 305 2049 v.
324 2017 398 2049 292.
425 2020 595 2059 Pompilius
610 2021 747 2060 sanguis.
792 2019 864 2050 Vet.
892 2018 995 2050 Schol.

237 2065 318 2097 Quia
344 2064 458 2103 colpus
466 2063 560 2104 filius
582 2069 628 2094 est
650 2065 771 2095 Numae
802 2064 955 2104 Pompilii,
977 2075 996 2093 a

233 2119 294 2148 quo
310 2108 471 2147 Calpurnii
485 2107 612 2137 Pisones
627 2112 787 2138 traxerunt
800 2118 923 2138 nomen.

277 2162 304 2182 v.
320 2149 395 2181 293.
421 2151 521 2181 mulla
535 2151 644 2188 litura,
668 2150 707 2180 cf.
728 2159 822 2190 supra
836 2149 876 2180 ad
893 2149 994 2189 Epist.

236 2195 287 2226 ΙΙ.
315 2193 343 2225 I.
377 2192 447 2224 167.
476 2195 620 2230 coercuit,
637 2194 738 2231 abiis,
763 2204 834 2234 quae
848 2193 882 2223 in
897 2203 999 2233 repre-

235 2239 418 2270 hensionem
433 2237 607 2274 incurrunt,
623 2237 772 2274 cohibuit,
796 2237 827 2267 h.
846 2247 873 2267 e.
892 2246 998 2267 emen-

235 2282 340 2314 dando
354 2281 507 2323 purgavit.

280 2338 308 2357 v.
326 2323 401 2356 294.
449 2327 638 2356 Praeseccum
653 2327 693 2355 ad
707 2335 857 2365 unguem,
883 2325 1000 2364 unguis

236 2371 321 2401 enim
342 2373 509 2409 praesectus
523 2367 572 2398 vel
587 2368 734 2407 praecisus
755 2367 883 2398 mollius
907 2368 1000 2398 sentit

236 2414 432 2455 asperitatem
446 2411 600 2452 aliquam;
623 2411 730 2452 imago
751 2410 898 2442 translata
919 2417 965 2441 est
978 2421 997 2441 a

236 2456 400 2492 statuariis,
417 2455 472 2496 qui
486 2464 575 2494 opuS,
591 2455 675 2495 quod
690 2454 838 2496 laevigant
856 2461 888 2485 et
901 2464 997 2494 expo-

236 2502 330 2537 liunt,
354 2509 393 2530 ne
409 2497 488 2540 quid
512 2498 683 2538 asperitatis
712 2498 743 2528 in
769 2508 807 2529 eo
828 2503 997 2535 remaneat,

235 2544 399 2586 unguibus
412 2547 607 2582 percurrunt,
624 2547 800 2581 pertentant
825 2547 856 2572 et
876 2541 998 2581 explor-

238 2595 313 2626 ant;
336 2587 376 2618 cf.
395 2596 489 2626 supra
510 2585 550 2616 ad
567 2585 630 2616 Sat.
652 2585 679 2616 1.
698 2584 730 2616 5.
746 2584 799 2616 32.
847 2587 913 2616 Fea
936 2584 998 2615 lec-

238 2633 356 2663 tionem
373 2630 561 2672 Perfectum,
583 2639 640 2668 pro
655 2641 663 2660 ε
690 2631 881 2660 Praeseclum
899 2628 940 2659 ad
962 2628 999 2658 fi-

239 2676 311 2707 dem
327 2674 466 2715 plurium
483 2672 584 2704 Codd.
609 2671 771 2708 revocavit,
795 2677 827 2702 et
841 2681 910 2702 eam
925 2681 998 2703 con-

240 2728 287 2750 tra
301 2719 482 2750 Bentleium
496 2726 583 2747 more
604 2726 662 2746 suo
676 2714 826 2746 defendit.

281 2773 311 2792 v.
332 2759 515 2793 295-308.
542 2762 737 2800 Praeceptum
757 2760 912 2790 decimum
933 2769 998 2799 sep-

238 2809 348 2838 timum
362 2821 372 2837 :
399 2811 420 2826 ‘⁶
435 2803 599 2840 Horatius,
617 2802 823 2835 alienissimus
837 2804 876 2833 ab
890 2812 999 2833 eorum

239 2849 380 2886 stultitia,
410 2849 465 2890 qui
494 2848 600 2888 poesin
622 2857 687 2878 non
708 2852 774 2877 arte
796 2853 827 2876 et
848 2845 997 2884 doctrina,

240 2893 294 2924 sed
318 2893 385 2924 solo
406 2891 533 2933 ingenio
546 2897 577 2922 et
591 2889 696 2922 furore
718 2889 839 2930 poetico
863 2889 999 2920 metiun-

241 2943 301 2972 tur,
319 2936 438 2967 mavult
453 2935 569 2968 docere,
586 2935 698 2975 quibus
712 2932 862 2973 praesidiis
870 2932 998 2963 futurus

237 2987 327 3019 pocta
342 2981 510 3011 instructus
524 2978 563 3009 ad
579 2978 685 3018 poesin
708 2976 852 3008 accedere
877 2975 996 3014 debeat,

1038 1420 1133 1452 quam
1146 1409 1281 1440 insanire
1295 1419 1368 1440 cum
1383 1407 1617 1439 insanientibus.
1661 1408 1800 1439 Breviter

1038 1454 1136 1496 igitur
1162 1453 1228 1494 agit
1251 1452 1291 1483 de
1317 1452 1491 1488 virtutibus,
1517 1462 1588 1491 quae
1610 1452 1650 1482 ab
1674 1461 1722 1488 eo,
1744 1452 1799 1492 qui

1038 1503 1138 1538 poetae
1152 1496 1280 1527 nomine
1293 1507 1326 1526 se
1340 1495 1473 1537 dignum
1489 1494 1616 1525 reddere
1638 1494 1715 1532 vult,
1734 1496 1798 1526 exi-

1085 1540 1195 1571 ntur.'’

1039 1552 1110 1615 guv·
1141 1582 1322 1614 295—298.
1369 1583 1540 1623 Ingenium
1575 1583 1686 1613 misera
1723 1588 1795 1613 cett.

1043 1627 1129 1664 Quia
1151 1627 1360 1663 Democritus
1385 1627 1457 1665 plus
1476 1624 1614 1666 ingenio,
1629 1635 1725 1666 quam
1739 1626 1799 1656 mi-

1039 1681 1116 1702 serae
1130 1670 1188 1702 arti
1202 1669 1404 1701 tribuendum
1417 1678 1484 1699 esse
1497 1678 1636 1706 censens,
1659 1678 1722 1706 eos,
1744 1669 1799 1710 qui

1039 1724 1104 1745 non
1117 1714 1289 1751 insaniunt,
1311 1723 1330 1743 a
1351 1710 1578 1743 consuetudine
1597 1721 1672 1742 cum
1695 1713 1799 1744 Musis

1039 1764 1170 1793 coercet,
1192 1759 1275 1788 bona
1298 1766 1370 1797 pars
1393 1761 1556 1795 poem-um
1584 1762 1712 1786 externo
1731 1765 1800 1787 cor-

1040 1801 1124 1840 poris
1140 1800 1228 1831 cultu
1254 1805 1286 1831 et
1305 1798 1446 1830 moribus
1460 1798 1626 1829 hominum
1639 1798 1748 1830 oeulos
1760 1800 1801 1831 ad

1040 1854 1074 1875 se
1098 1844 1257 1876 advertere
1277 1843 1402 1880 studet3
1421 1852 1486 1872 non
1509 1851 1635 1883 ungues
1655 1841 1801 1877 degemu-

1039 1887 1104 1923 dos,
1122 1898 1187 1918 non
1198 1888 1324 1918 barbam
1339 1884 1555 1917 demetendam
1570 1891 1678 1923 cumt3
1691 1886 1802 1927 recipit

1039 1941 1072 1962 se
1086 1932 1119 1961 in
1134 1932 1202 1962 loca
1215 1930 1281 1962 sola
1294 1936 1327 1961 et
1339 1935 1465 1966 secreta,
1488 1935 1520 1959 et
1540 1928 1609 1959 loca
1626 1928 1801 1970 frequentia

1040 1974 1133 2016 fugit.
1197 1978 1199 1980 '
1222 1985 1284 2012 ars,
1311 1973 1375 2004 sive
1399 1972 1549 2009 doctrina,
1574 1972 1663 2013 quasi
1689 1982 1801 2013 parum

1036 2019 1126 2060 juvet
1140 2023 1256 2058 poetas,
1272 2016 1332 2048 nisi
1345 2018 1506 2057 ingenium
1521 2015 1689 2053 accemefit,
1709 2018 1749 2048 ab
1762 2016 1801 2047 iis

1041 2061 1206 2101 praecipue,
1228 2060 1283 2102 qui
1297 2060 1390 2092 unice
1399 2060 1516 2101 jactare
1530 2065 1660 2099 posunt
1679 2060 1798 2102 ingeni-

1041 2116 1106 2143 um,
1122 2104 1302 2136 contemtim
1317 2106 1428 2136 misera
1443 2105 1535 2146 (nost
1553 2102 1709 2144 armselig)
1725 2103 1801 2134 dici-

1041 2156 1104 2186 tur,
1125 2149 1174 2180 uti
1188 2149 1253 2179 fere
1269 2157 1364 2188 supra
1386 2147 1450 2178 Sat.
1477 2146 1527 2178 11.
1554 2145 1586 2177 8.
1612 2145 1662 2177 18.
1683 2149 1800 2179 divitiae

1042 2193 1176 2223 hominis
1189 2191 1272 2222 avari
1283 2193 1410 2223 miseroe.
1498 2201 1598 2227 sanos,
1610 2199 1663 2220 eos
1672 2190 1799 2229 scilicet,

1042 2237 1096 2277 qui
1111 2246 1176 2266 non
1190 2236 1386 2267 concitantur
1393 2235 1520 2277 fiat-ore,
1543 2233 1576 2264 h.
1593 2243 1619 2264 e.
1638 2233 1746 2274 spiritu
1769 2242 1802 2265 et

1041 2280 1170 2321 ingenio
1193 2278 1323 2319 poetico.
1371 2277 1545 2309 Commode
1567 2276 1602 2307 iu
1625 2277 1706 2308 hanc
1732 2287 1800 2308 rem

1037 2323 1104 2364 jam
1119 2324 1295 2358 Lambinus
1308 2321 1414 2353 attulit
1434 2321 1539 2352 locum
1564 2320 1723 2352 ciceronis
1736 2323 1798 2353 Di-

1041 2368 1134 2399 vinnt.
1156 2365 1184 2397 1.
1202 2365 1256 2397 37.
1278 2371 1371 2406 negat
1392 2367 1487 2402 enim,
1509 2366 1574 2395 sine
1584 2365 1710 2406 farore,
1734 2366 1799 2396 De-

1040 2412 1195 2446 mocritus,
1213 2421 1401 2451 quemquam
1421 2419 1573 2448 magnum
1589 2413 1713 2448 poetam
1734 2419 1797 2440 esse

1033 2465 1129 2495 posse.
1179 2452 1270 2484 Idem
1285 2455 1322 2484 de
1340 2454 1424 2485 Orat.
1444 2451 1494 2482 11.
1510 2448 1564 2481 46.
1609 2453 1694 2492 Scepe
1715 2454 1799 2484 enim

1039 2498 1155 2534 audivi,
1174 2503 1294 2537 poetam
1308 2497 1423 2527 bonum
1437 2496 1593 2526 neminem
1614 2496 1661 2536 (id
1685 2498 1766 2536 quod
1778 2508 1798 2527 a

1040 2542 1218 2573 Democrito
1242 2546 1270 2571 ee
1294 2541 1426 2571 Platone
1453 2540 1487 2570 in
1514 2539 1632 2578 scriptis
1658 2540 1798 2570 relictum

1041 2595 1102 2616 esse
1127 2583 1250 2624 dicunt)
1271 2583 1335 2614 sine
1356 2583 1602 2625 inflammatione
1620 2583 1799 2614 animorum

1041 2629 1178 2659 exsistere
1187 2637 1281 2668 posse,
1305 2632 1335 2657 et
1349 2628 1414 2658 sine
1433 2627 1569 2667 quodam
1583 2626 1696 2667 qfflatu
1709 2628 1800 2668 quasi

1029 2672 1155 2714 suroris
1165 2686 1176 2707 ;
1201 2671 1241 2701 cf.
1262 2669 1391 2700 Aristot.
1412 2669 1501 2700 Poet-
1519 2679 1546 2700 c.
1567 2667 1616 2699 16.
1708 2671 1798 2702 Heli-

1042 2726 1126 2752 cone,
1141 2714 1182 2744 cf.
1200 2723 1293 2754 supra
1309 2713 1410 2753 Epist.
1427 2712 1476 2744 11.
1494 2710 1521 2742 1.
1539 2711 1614 2744 218.

1083 2769 1113 2789 v.
1130 2756 1204 2789 298.
1228 2758 1346 2792 balnea,
1361 2756 1416 2787 ubi
1437 2756 1584 2798 frequens
1608 2762 1674 2787 erat
1698 2756 1798 2787 homi-

1041 2812 1120 2833 num
1129 2799 1487 2832 conventus—Poterat
1499 2799 1652 2831 Horatius
1660 2799 1774 2831 addere
1785 2812 1794 2830 ι

1043 2851 1064 2866 “
1078 2846 1186 2876 vinum
1200 2843 1312 2875 bibit.”
1360 2844 1460 2883 Supra
1473 2844 1559 2874 enim
1573 2843 1677 2883 Epist.
1698 2843 1725 2874 1.
1744 2842 1793 2874 19.

1041 2889 1063 2919 2
1085 2898 1168 2929 seqq.
1197 2897 1271 2924 esse,
1295 2887 1348 2924 ait,
1371 2887 1434 2928 qui,
1459 2887 1554 2918 modo
1580 2886 1713 2928 largiore
1734 2887 1797 2917 vini

1040 2934 1153 2963 haustu
1189 2931 1384 2971 conceperint
1419 2931 1570 2969 furorem,
1606 2941 1639 2961 se
1667 2929 1796 2970 pulchre

1041 2982 1139 3016 poetae
1154 2981 1254 3015 partes
1269 2974 1392 3015 explere
1405 2985 1495 3015 posse
1505 2974 1680 3016 opinentur.
