1904 3250
219 141 305 180 498

854 141 1160 184 HORATII

1631 147 1740 196 [Lm.
1765 158 1795 185 1.

247 267 303 306 30
336 266 467 308 Arcta
488 267 608 308 decet
629 282 776 309 sanum
798 268 994 309 comitem
1015 275 1138 324 toga3
1169 268 1312 310 desine
1333 284 1499 311 mecum

336 336 523 379 Certare.

585 337 853 394 Eutrapelus,
877 339 1112 396 cuicunque
1132 355 1284 382 nocere
1305 341 1484 392 volebat,

336 406 597 448 Vestimenta
616 407 745 448 dabat
763 408 972 463 pretiosa:
1004 409 1152 450 beatus
1173 409 1285 450 enim
1299 410 1388 465 jam

337 478 446 520 Cum
467 478 655 534 pulchris
677 481 830 521 tunicis
851 489 989 522 sumet
1008 496 1119 522 nova
1139 480 1326 531 consilia,
1348 490 1390 522 et
1410 496 1530 538 spes;

334 550 532 591 Dormiet
552 551 595 592 in
616 551 779 602 lucem3
812 560 952 594 scorto
972 561 1200 609 postponet
1219 552 1445 596 honestum

246 621 302 659 35

336 617 549 669 Officium,
571 634 767 662 nummos
787 621 946 662 alienos
967 628 1133 677 pascet3
1165 620 1220 662 ad
1239 621 1372 662 imum

338 690 488 733 Tfflex
509 693 601 743 erit,
624 702 697 735 aut
717 694 878 736 olitoris
900 702 998 751 aget
1017 694 1213 736 mercede
1234 693 1456 737 caballum.

335 760 553 802 Arcanum
574 777 711 819 neque
732 763 1051 813 tuscrutaberis
1072 762 1184 804 illius
1205 778 1392 819 unquam
1409 779 1419 813 3

337 831 704 890 Commissumque
724 842 855 892 teges,
878 843 920 876 et
941 835 1039 876 vino
1059 842 1195 877 tortus
1217 843 1259 876 et
1278 835 1354 877 ira.

336 902 429 946 Nec
449 912 522 946 tua
540 905 732 949 laudabis
755 907 906 959 studia,
929 917 1001 950 aut
1021 907 1158 949 alie'na
1178 907 1406 964 reprendes
1423 924 1433 949 :

247 979 304 1016 40

336 975 442 1028 Nec,
465 993 561 1019 cum
583 980 727 1021 venari
747 980 860 1022 volet
879 980 963 1031 ille,
985 988 1181 1036 poemata
1199 995 1372 1038 panges.

337 1049 489 1092 Gratia
509 1051 568 1092 sic
588 1051 766 1094 fratrum
786 1052 1065 1110 geminorum,
1090 1053 1344 1109 Amphionis
1365 1060 1496 1109 atque

338 1122 474 1174 Zethi,
496 1123 692 1175 dissiluit,
713 1124 850 1167 donec
872 1133 1067 1181 suspecta
1087 1140 1234 1167 severo

338 1189 554 1234 Conticuit
573 1193 679 1250 lyra.

744 1192 960 1235 Fraternis
983 1194 1158 1236 cessisse
1177 1202 1351 1250 putatur

337 1262 535 1306 Moribus
558 1266 803 1323 Amphion3
835 1275 882 1307 tu
903 1266 1006 1308 cede
1026 1268 1210 1323 potentis
1232 1267 1356 1309 amici

249 1338 305 1377 45
338 1335 527 1379 Lenibus
549 1338 763 1395 imperiis3
796 1339 1043 1396 quotiesque
1065 1338 1217 1381 educet
1237 1339 1281 1380 in
1302 1353 1428 1396 agros
1484 1334 1487 1336 ’

261 1476 291 1497 v.
330 1467 383 1499 30.
420 1469 521 1501 Arcta
550 1476 629 1511 toga,
659 1479 756 1511 quam
787 1469 988 1509 pauperiores

216 1511 392 1551 gestabant,
408 1513 567 1554 (exiguam
590 1520 693 1554 togam
716 1517 853 1552 gestasse
873 1512 990 1544 dicitur

221 1554 312 1589 Cato,
330 1554 391 1585 vid.
419 1555 521 1595 Epist.
547 1567 633 1597 sequ.
662 1567 691 1586 v.
720 1555 792 1597 30.)
816 1556 987 1596 opponitur

218 1603 296 1637 togae
308 1600 395 1637 laaeae,
421 1609 494 1640 quae
518 1609 584 1631 erat
605 1599 756 1631 ditiorum
768 1612 779 1638 ;
805 1599 866 1631 vid.
893 1609 987 1640 supra

218 1640 260 1672 ad
277 1641 381 1681 Epod.
394 1641 425 1673 4·-
444 1641 476 1673 8.

261 1694 292 1715 v.
331 1684 473 1717 31—36.
515 1689 708 1727 Eutrapelus
744 1692 816 1718 cett.
870 1685 986 1719 Laudi.

219 1737 315 1768 quam
330 1729 426 1760 homo
441 1729 529 1760 dives
542 1730 656 1770 opibus
669 1730 735 1761 suis
743 1737 895 1770 tanquam
907 1730 989 1760 stul-

217 1771 296 1802 titiae
310 1772 421 1813 clypeo
434 1773 553 1811 tribuit,
569 1773 675 1804 statim
699 1773 857 1805 Horatius
878 1774 912 1803 in
938 1772 986 1803 di-

218 1814 366 1846 vitiatum
382 1823 582 1847 contemtum
596 1817 754 1847 subnectit
776 1817 987 1847 narrationem

218 1857 260 1888 de
282 1860 467 1900 Eutrapelo,
482 1860 536 1900 qui
558 1861 606 1897 iis,
632 1860 747 1901 quibus
764 1869 878 1891 nocere
902 1860 987 1890 vole-

219 1903 283 1939 bat,
299 1902 433 1941 pretiosa
447 1903 632 1934 vestimenta
645 1903 769 1935 dedisse
790 1909 823 1934 et
846 1903 895 1934 his
920 1914 989 1934 cor-

219 1945 415 1985 ruptelarum
450 1946 604 1978 illecebris
639 1958 658 1977 a
689 1947 812 1978 virtutis
839 1946 890 1977 via
918 1946 990 1977 illos

220 1988 375 2020 abducere
389 1996 525 2021 tentasse
539 1990 664 2021 dicitur.
714 1991 768 2022 De
791 1992 830 2022 P.
863 1992 988 2022 Volum-

218 2034 272 2064 nio
303 2035 488 2074 Eutrapelo,
522 2034 656 2064 Antonii
685 2034 840 2064 triumviri
876 2034 988 2069 amico,

219 2076 282 2107 vid.
311 2078 441 2109 Ernest.
472 2077 561 2108 Clav.
589 2078 656 2109 Cic.
686 2078 759 2109 Ind.
790 2077 877 2108 Hist.
907 2089 930 2108 s.
956 2087 985 2108 v.

226 2122 419 2159 Volumnius,
435 2126 466 2151 et
479 2120 514 2151 in
531 2120 603 2152 Ind.
625 2121 730 2152 Graec.
748 2133 772 2152 s.
790 2131 819 2152 v.
847 2122 988 2165 ιῦτραστε-

221 2163 286 2195 λῖα,

263 2217 292 2237 v.
318 2207 371 2238 32.
396 2209 504 2240 beatus
517 2210 603 2239 enim
619 2208 704 2248 jam,
726 2208 771 2239 sic
796 2208 837 2240 ad
859 2207 990 2248 vulgare

218 2250 387 2282 hominum
408 2252 574 2293 ingenium
594 2252 707 2283 callide
727 2251 890 2293 judicabat
917 2252 988 2283 Eu-

220 2294 368 2334 trapelus.

263 2349 292 2369 v.
317 2337 372 2375 34,
402 2338 456 2370 35.
480 2345 575 2370 scorto
601 2345 700 2379 postp.
726 2341 797 2371 lum.
834 2340 988 2381 Officium,

219 2381 403 2413 libidinibus
417 2381 531 2421 potius,
547 2392 644 2422 quam
658 2392 765 2413 rerum
787 2384 989 2414 honestarum

220 2425 493 2462 administrationi,
508 2435 637 2464 operam
656 2425 752 2457 dabit.
843 2437 991 2458 nummos

220 2471 335 2500 alienos
344 2475 463 2510 pascet,
478 2479 628 2500 nummos
653 2476 769 2500 mutuo
795 2476 916 2500 sumtos
939 2471 995 2500 ab·

220 2519 325 2543 sumet
338 2519 371 2543 et
392 2512 580 2554 abliguriet;
668 2515 710 2543 ad
734 2514 846 2549 imum,
873 2512 914 2543 ad
936 2523 991 2544 ex·

219 2562 370 2586 tremum.

263 2610 294 2630 v.
318 2599 371 2631 36.
403 2601 515 2636 Threx,
545 2599 585 2629 cf.
618 2599 658 2630 de
686 2600 747 2630 hoc
779 2598 991 2640 gladiatorum

219 2651 336 2684 genere
350 2653 444 2684 supra
461 2643 524 2674 Sat.
546 2642 596 2673 II.
614 2642 646 2673 6.
664 2641 718 2673 44«.
808 2649 867 2674 aut
889 2645 985 2674 alitor.

220 2694 291 2727 aget
305 2698 398 2719 merc.
417 2688 581 2723 caballum,
597 2686 757 2727 eleganter
771 2695 829 2725 pro
843 2686 965 2727 vulgari
977 2699 984 2718 :

220 2737 278 2761 aut
291 2731 350 2761 erit
364 2731 476 2771 auriga
491 2729 713 2773 (sahrkneclzt)
724 2728 809 2769 apud
820 2729 973 2760 olitorem.

264 2785 292 2805 v.
319 2774 372 2805 38.
399 2776 663 2815 Commi-§sumque
676 2781 736 2813 teg.
762 2779 790 2803 et
811 2784 839 2804 v.
864 2779 932 2804 tore.
958 2779 987 2805 et

219 2819 279 2854 ira,
295 2825 336 2855 et,
353 2818 438 2859 quod
454 2817 527 2849 fidei
541 2824 605 2848 tuae
619 2823 651 2848 et
664 2815 870 2847 taciturnitati
885 2816 985 2847 credi-

222 2867 293 2891 tum
307 2868 364 2899 est,
380 2861 551 2892 occultabis
565 2867 629 2892 tam
644 2860 727 2896 vino,
749 2869 845 2900 quam
867 2859 913 2890 ira
936 2870 988 2890 ac-

223 2913 346 2942 census,
363 2905 394 2935 h.
413 2915 440 2936 e.
460 2915 562 2947 neque
576 2904 659 2935 intei‘
672 2903 794 2944 pocula,
818 2913 922 2944 neque
943 2904 990 2934 ira

222 2948 369 2988 abreptus
383 2955 512 2990 reteges.
563 2948 677 2980 Horat.
700 2957 795 2988 supra
823 2947 887 2979 Od.
913 2946 984 2978 ΙΙΙ.

1031 1468 1084 1499 21.
1112 1468 1152 1499 ad
1181 1470 1387 1510 Amphoram,
1411 1478 1440 1499 v.
1473 1467 1523 1499 16.
1549 1472 1586 1500 tu
1611 1468 1799 1509 saffientz‘um

1034 1515 1146 1548 Curas,
1161 1518 1190 1543 et
1206 1524 1363 1545 arcanum
1373 1512 1477 1553 jocoso
1502 1513 1672 1545 Consilium
1689 1514 1799 1552 retegis

1030 1559 1138 1598 Lyoeo.
1201 1557 1272 1587 vino
1284 1562 1394 1592 tortus,
1409 1555 1492 1586 infra
1506 1556 1540 1585 in
1557 1555 1659 1595 Epist.
1674 1555 1715 1586 ad
1730 1555 1794 1586 Pis.

1029 1610 1059 1629 v.
1077 1598 1152 1630 435.
1181 1601 1280 1639 Reges
1303 1600 1455 1631 dicuntur
1476 1600 1583 1631 multis
1603 1610 1716 1639 urgere
1740 1610 1798 1631 cu-

1031 1644 1124 1678 lullis,
1142 1643 1187 1674 Ec
1214 1649 1356 1683 torquere
1380 1653 1474 1680 mero,
1501 1653 1596 1683 quem
1615 1644 1800 1683 perspexisse

1013 1702 1019 1709 ·
1031 1688 1183 1717 laborant.

1074 1740 1103 1760 v.
1124 1728 1265 1759 til-44.
1296 1730 1405 1761 Gratia
1424 1730 1468 1761 sic
1476 1730 1580 1772 fiatr-
1603 1740 1685 1770 gem.
1710 1735 1799 1766 cett„

1026 1773 1103 1815 jam,
1129 1779 1168 1804 ut
1187 1772 1307 1809 doceat,
1331 1773 1415 1803 inter
1441 1772 1523 1803 duos
1543 1771 1665 1803 divam
1692 1772 1797 1803 studia

1031 1822 1184 1847 sectantes
1216 1826 1282 1846 non
1315 1822 1458 1849 constare
1615 1815 1797 1853 amicitiam,

1031 1861 1215 1901 Amphionis
1229 1866 1259 1891 et
1275 1861 1373 1893 Zethi,
1390 1858 1481 1891 Jovis
1494 1869 1533 1890 ex
1550 1859 1693 1899 Antiopa
1715 1858 1798 1890 filio-

1033 1913 1117 1940 rum,
1131 1902 1313 1942 exemplum
1327 1902 1427 1934 affert.
1476 1903 1644 1943 Amphion,
1661 1901 1800 1934 celebra-

1033 1947 1173 1977 tissimus
1186 1946 1312 1984 fidicen,
1327 1953 1392 1977 erat
1407 1947 1504 1977 homo
1517 1946 1650 1977 mitioris
1663 1952 1696 1976 et
1719 1946 1802 1976 mol-

1033 1990 1120 2021 lioris
1148 1989 1290 2031 ingenii;
1331 1992 1456 2027 Zethus,
1493 1996 1599 2030 pastor
1633 1995 1666 2020 et
1692 1999 1801 2020 rerum

1033 2033 1205 2075 agrestium
1221 2033 1390 2070 studiosus,
1405 2035 1494 2065 homo
1511 2035 1615 2064 durus
1635 2032 1796 2074 (Propert.

1035 2077 1110 2108 111.
1144 2075 1195 2107 15.
1222 2076 1290 2116 20.)
1319 2077 1464 2119 etseras
1493 2077 1589 2118 (Stat.
1622 2076 1721 2107 Theb.
1751 2075 1796 2106 X.

1032 2119 1137 2160 443.)-
1188 2120 1264 2151 Fuit
1285 2120 1383 2162 igitur
1402 2120 1483 2151 inter
1505 2120 1562 2151 hos
1590 2118 1672 2150 duos
1690 2119 1802 2150 {intres

1032 2163 1197 2201 discordia,
1227 2164 1328 2195 donec
1360 2163 1534 2203 Amphion,
1567 2162 1669 2203 lyram
1698 2168 1801 2193 tacere

1029 2209 1156 2249 jubens,
1178 2207 1322 2239 fraternis
1343 2206 1483 2238 moribus
1502 2205 1603 2237 cessit.
1684 2207 1800 2246 gratim

1032 2250 1209 2288 concordia,
1226 2258 1359 2282 mutuus
1372 2260 1471 2282 amor.

1074 2306 1103 2326 v.
1128 2293 1182 2325 42.
1207 2301 1348 2334 suspecta
1370 2305 1479 2328 severo,
1504 2290 1603 2323 invisa
1625 2291 1714 2322 fratri
1739 2292 1800 2323 Ze-

1034 2340 1100 2377 tho,
1116 2348 1182 2368 non
1205 2338 1383 2368 mitioribus
1405 2336 1518 2368 studiis
1541 2335 1617 2376 (arti
1641 2335 1800 2376 musicae),

1034 2382 1090 2414 sed
1117 2381 1322 2412 severioribus
1351 2380 1454 2422 (operi
1481 2378 1613 2418 rustico)
1646 2378 1799 2416 adsuet03

1033 2425 1119 2465 apud
1136 2425 1323 2455 Lucretium
1336 2433 1463 2466 quoque
1478 2422 1520 2454 V.
1542 2421 1635 2457 1356.
1653 2421 1801 2464 agricola!

1036 2469 1187 2500 dicuntur
1200 2470 1304 2499 severi.

1078 2523 1106 2543 v.
1133 2510 1188 2542 46.
1213 2513 1337 2547 AEtolis,
1349 2509 1510 2550 epitheton
1519 2519 1646 2546 ornans,
1657 2514 1801 2549 respectu

1035 2555 1143 2587 habito
1165 2556 1328 2595 Meleagri,
1357 2553 1441 2595 regis
1469 2553 1607 2591 AEtoliae‚
1632 2563 1728 2594 quo-
1753 2552 1803 2582 in-

1033 2605 1162 2641 gentem
1190 2607 1302 2638 aprum
1333 2596 1547 2637 Calydonium
1575 2596 1696 2637 cepisse
1724 2605 1801 2627 oon-

1032 2649 1101 2674 stat.
1129 2640 1224 2672 Ovid.
1244 2641 1326 2672 Met.
1346 2639 1452 2671 VIII.
1471 2639 1537 2671 270
1551 2650 1634 2681 seqq.

1077 2697 1106 2716 v.
1126 2683 1181 2716 47.
1206 2690 1237 2716 et
1257 2686 1379 2716 irnham.
1409 2694 1474 2716 sen.
1495 2686 1611 2724 depone
1635 2686 1800 2720 camoenae,

1035 2735 1068 2760 et
1081 2729 1204 2769 depone
1217 2728 1439 2764 morositatem,
1455 2738 1519 2769 qua
1532 2726 1662 2758 versaris
1677 2726 1711 2756 in
1732 2732 1800 2757 stu-

1031 2773 1092 2804 diis
1104 2783 1123 2803 a
1138 2771 1284 2803 comitate
1309 2777 1340 2801 et
1364 2771 1514 2802 facilitate
1533 2770 1663 2808 alienis3
1752 2780 1798 2800 se-

1029 2818 1132 2854 nium,
1149 2815 1191 2846 de
1205 2814 1296 2845 senili
1310 2814 1499 2853 morositate,
1523 2822 1555 2845 et
1578 2814 1688 2845 tetrica
1709 2823 1798 2843 seve-

1031 2861 1132 2896 ritate,
1148 2865 1186 2890 ut
1199 2860 1285 2890 triste
1299 2860 1423 2890 senium
1437 2869 1563 2891 morum
1575 2857 1661 2898 apud
1686 2856 1798 2888 Senec-

1036 2902 1170 2943 Hippol.
1189 2913 1217 2933 v.
1237 2900 1312 2932 917.
1600 2903 1611 2911 “

1076 2957 1105 2978 v.
1130 2944 1183 2976 48.
1205 2948 1383 2987 pulmenta,
1399 2955 1438 2977 ex
1453 2955 1547 2979 carne
1559 2944 1661 2977 ferina
1674 2941 1800 2975 confec·
