1904 3250
231 181 309 219 134

854 182 1154 225 HORATII

1575 188 1685 236 [ma.
1708 197 1777 225 111.
1793 219 1798 225 .

283 308 308 345 5
341 306 539 348 Auditis?
570 323 621 348 an
643 323 708 349 me
730 307 837 349 ludit
857 309 1046 350 amabilis

341 375 542 418 Insania?
574 378 734 419 Audire
755 386 796 419 et
815 378 960 419 videor
980 378 1071 434 pios

458 439 611 488 Errare
631 461 707 501 per
727 446 857 497 lucos,
880 462 1057 488 amoenae
1107 495 1110 499 ⁴

572 518 691 567 Quos
713 527 754 559 et
774 534 894 576 aquae
911 520 1090 561 subeunt
1110 528 1151 562 et
1171 534 1301 562 aurae.
1327 569 1332 573 .

342 588 416 629 Me
436 588 636 629 fabulosae
659 588 834 630 Volture
855 590 898 630 in
920 589 1091 645 Appulo

259 663 308 701 10
341 660 510 702 Altricis
532 668 651 703 extra
671 661 797 703 limen
819 662 988 718 Apuliae

455 729 580 771 Ludo
601 730 904 788 fatigatumque
923 747 1070 774 somno

573 799 740 842 Fronde
761 817 869 843 nova
889 817 1067 857 puerum
1088 802 1304 858 palumbes

226 947 291 968 sam
306 948 394 968 suam
408 939 576 976 conversio,
600 946 632 970 et
645 947 772 980 repente
787 951 980 981 compressus

225 982 369 1021 impetus,
395 992 459 1023 quo
472 993 506 1012 se
519 989 635 1013 temere
658 990 693 1014 ut
714 990 837 1023 poetam
852 991 981 1016 tenuem

225 1025 265 1055 ad
282 1035 347 1055 rem
361 1026 532 1065 graviorem
544 1027 747 1058 enarrandam
762 1028 860 1068 abripi
875 1039 983 1067 passus

227 1069 277 1106 sit,
308 1069 438 1099 mirifice
463 1069 560 1100 totius
585 1070 730 1101 carminis
759 1071 982 1102 sublimitatem

226 1117 329 1153 auget.
375 1112 522 1144 Similiter
536 1124 555 1144 a
568 1113 716 1155 gravioris
737 1115 782 1145 rei
802 1115 984 1146 tractatione

230 1156 360 1186 Musam
376 1166 465 1187 suam
481 1163 604 1188 revocat
618 1168 701 1198 supr.
731 1158 780 1189 ΙΙ.
803 1157 830 1189 l.
849 1165 925 1189 extr.
941 1177 984 1183 —

221 1201 375 1239 pervicax,
391 1207 429 1230 ut
442 1210 526 1240 supr.
544 1199 565 1231 l.
576 1200 595 1231 l.
607 1212 720 1241 procax
734 1202 773 1232 de
790 1203 897 1239 Musa,
913 1213 984 1243 quae

227 1249 343 1273 temere
357 1249 389 1274 et
403 1242 552 1274 audacius
566 1243 683 1285 aliquid
704 1245 843 1283 molitur,
869 1252 901 1276 et
914 1256 987 1286 per-

226 1286 371 1317 vicaciter
394 1286 428 1317 in
451 1287 608 1327 proposito
633 1289 773 1328 persistit.
872 1301 987 1330 magna

226 1332 306 1361 mod.
325 1337 454 1362 tenuare
463 1333 580 1371 parvis,
595 1332 740 1363 sublimia
751 1333 889 1364 carmine
897 1334 985 1364 tenui

230 1373 269 1404 ad
284 1373 492 1404 humilitatem
508 1374 688 1413 deprimere.

457 1461 667 1493 CARMEN
691 1463 752 1494 IV.

275 1547 371 1583 Quod
401 1547 434 1577 in
467 1549 667 1589 Argumento
699 1551 844 1581 carminis
865 1558 986 1582 antece-

229 1590 330 1621 dentis
345 1593 500 1622 monitum
517 1599 562 1623 est
578 1592 617 1623 de
633 1600 698 1625 arte
712 1600 744 1624 et
757 1594 902 1631 sollertia,
925 1606 987 1636 qua

227 1639 327 1674 poetae
342 1634 429 1674 lyrici
451 1636 647 1673 sententiam,
670 1637 702 1667 in
727 1647 789 1678 qua
811 1638 906 1669 totius
921 1649 986 1670 car-

227 1677 322 1708 minis
342 1678 414 1708 finis
439 1679 602 1718 ponendus
626 1686 682 1716 est,
709 1680 840 1712 breviter
863 1688 986 1712 tantum

227 1727 365 1762 tangere,
391 1721 425 1752 in
446 1722 554 1753 ceteris
568 1733 641 1754 vero
655 1723 693 1754 ad
720 1734 788 1755 eam
811 1735 986 1757 accommo-

228 1764 339 1795 dandis
349 1771 381 1795 et
392 1766 559 1797 referendis
570 1766 698 1797 liberius
708 1767 862 1798 exsultare
872 1768 983 1806 solent,

227 1807 259 1838 id
274 1808 307 1838 in
322 1809 382 1839 hoc
396 1819 520 1851 quoque
534 1810 671 1841 carmine
689 1818 771 1842 recte
784 1811 986 1853 dijudicando

227 1851 325 1882 teneri
340 1851 441 1883 debet.
491 1853 585 1891 Nam,
613 1854 639 1884 si
664 1853 740 1895 quid
763 1854 863 1892 video,
889 1855 985 1886 totius

227 1896 323 1937 hujus
336 1896 491 1933 carminis,
506 1902 544 1927 ut
557 1897 600 1928 ita
614 1897 726 1935 dicam,
750 1898 842 1929 cardo
857 1899 986 1930 vertitur

229 1939 261 1968 in
276 1941 377 1975 laude,
404 1950 499 1981 quam
514 1946 606 1980 poeta
629 1942 766 1981 Augusti
788 1944 912 1982 ingenio
934 1945 983 1974 lit-

227 1989 368 2014 terarum
394 1986 503 2015 studiis
516 1986 631 2015 exculto
651 1985 768 2016 tribuit.
817 1986 890 2017 Jam
913 1996 986 2017 vero

229 2036 301 2056 cum
317 2032 418 2066 poetae
446 2028 557 2058 Musas
582 2027 732 2058 doctrinae
755 2030 918 2071 magistras
939 2030 986 2061 fa-

229 2069 321 2106 ciant,
345 2070 484 2111 adeoque
498 2081 607 2101 earum
627 2071 697 2102 laus
711 2082 784 2103 cum
808 2072 901 2103 laude
915 2072 988 2104 doc-

229 2112 319 2143 trinae
328 2119 413 2144 arcto
422 2114 548 2144 vinculo
560 2114 728 2156 conjuncta
739 2115 778 2146 sit
789 2128 799 2155 ;
825 2116 989 2154 Horatius,

233 2156 373 2198 Augusti
409 2156 580 2188 doctrinam
608 2165 640 2188 et
669 2158 851 2199 sapientiam
881 2160 988 2191 lauda-

229 2207 328 2236 turus,
344 2201 424 2230 banc
435 2208 641 2240 opportunam
656 2202 690 2232 in
702 2203 811 2233 laudes
822 2203 988 2244 Musarum

229 2243 414 2274 excurrendi
450 2244 642 2275 occasionem
679 2246 792 2286 cupide
827 2247 990 2286 amplexus

229 2293 284 2318 est.
333 2286 511 2318 Exordiens
522 2287 617 2328 igitur
628 2288 687 2319 hoc
698 2299 822 2320 carmen
833 2290 990 2321 incalescit

229 2330 332 2363 statim
348 2330 516 2361 Musarum
538 2332 744 2372 cogitatione;
767 2332 897 2364 advocat
913 2333 985 2365 Cal-

230 2373 345 2414 liopen,
362 2379 398 2404 ut
407 2373 463 2404 sibi
479 2384 604 2404 carmen
619 2384 731 2413 canat;
765 2376 858 2407 sentit
872 2376 984 2416 adpro-

231 2415 408 2458 pinquantis
424 2417 530 2448 Musae
544 2419 749 2457 praesentiam,
766 2419 855 2450 audit
869 2419 986 2451 dulcis-

231 2460 326 2492 simos
333 2460 400 2503 ejus
409 2460 525 2496 modos¹
543 2469 574 2491 et
584 2461 641 2491 hac
652 2461 737 2492 dulci
749 2462 869 2493 insania
877 2463 989 2502 plenus

231 2505 266 2535 in
280 2504 354 2544 ipsis
369 2503 536 2535 Musarum
557 2503 635 2535 lucis
649 2505 706 2536 sibi
729 2515 829 2537 errare
844 2506 986 2545 videtur;

232 2547 352 2579 -dum
366 2553 470 2588 smpet
484 2547 643 2584 attonitus,
660 2555 803 2588 reputare
818 2559 924 2580 secum
940 2549 989 2580 in-

231 2591 316 2632 cipit,
332 2601 402 2632 quae
415 2590 473 2622 sibi
487 2601 507 2621 a
519 2590 620 2630 prima
634 2591 766 2630 pueritia
792 2593 896 2622 Musae
911 2603 989 2632 prae-

231 2635 387 2674 stiterint3
409 2642 511 2665 narrat
523 2633 629 2676 igitur,
645 2635 803 2675 quomodo
814 2645 877 2666 non
887 2637 990 2666 solum

231 2689 310 2718 puer
324 2677 400 2709 olim
422 2677 454 2708 in
478 2683 585 2708 monte
610 2677 747 2708 Vulture
765 2677 922 2709 dormiens
936 2679 989 2711 de-

231 2722 339 2753 fensus
359 2722 399 2752 ab
422 2721 460 2752 iis
479 2727 586 2752 contra
604 2730 700 2751 saevas
724 2721 845 2759 bestias,
873 2722 926 2752 sed
949 2733 987 2753 ex

231 2765 331 2796 tribus
352 2764 420 2796 aliis
433 2774 556 2806 quoque
580 2766 652 2795 vitae
672 2765 816 2804 periculis
838 2764 987 2804 peculiari

230 2808 400 2841 earundem
426 2807 525 2839 tutela
546 2813 683 2839 servatus
704 2808 810 2839 fuerit.
860 2809 984 2844 Quibus

230 2852 360 2883 narratis
373 2851 480 2882 animo
492 2850 645 2893 adsurgit.
663 2857 694 2882 et
708 2850 823 2892 ubique
839 2851 885 2882 vel
900 2854 983 2891 apud

232 2906 372 2937 quosque
386 2895 519 2936 populos
531 2894 612 2926 feros
626 2900 658 2925 et
671 2895 814 2925 barbaros
829 2905 861 2925 se
879 2901 984 2925 tutum

232 2940 271 2968 ab
292 2939 378 2969 omni
404 2938 542 2979 periculo
565 2939 623 2969 sub
649 2937 815 2969 Musarum
845 2938 986 2977 praesidio

232 2983 297 3013 fore
311 2982 466 3022 praedicat.
517 2982 600 3016 Tum
616 2982 656 3015 ad
672 2993 717 3020 ea,
733 2992 803 3025 quae
820 2984 986 3023 Augustus

615 3033 619 3037 ·
912 3028 923 3055 l
933 3028 943 3054 1

1025 942 1194 973 Musarum
1214 941 1311 972 favori
1324 940 1444 978 debeat,
1453 939 1612 977 transiens,
1628 940 1784 982 quomodo

1024 985 1078 1016 ille
1092 984 1212 1015 militiae
1237 984 1395 1016 laboribus
1417 984 1517 1015 fessus
1539 994 1605 1015 non
1625 983 1726 1015 solnm
1749 984 1781 1014 in

1025 1039 1132 1059 earum
1148 1029 1302 1059 consortio
1312 1034 1480 1064 recreetur,
1497 1027 1550 1058 sed
1561 1028 1648 1059 abiis
1660 1037 1784 1068 quoque

1026 1072 1210 1112 sapientiore
1223 1071 1352 1103 consilio
1376 1078 1503 1112 regatur
1524 1080 1556 1102 et
1582 1078 1782 1107 sustentetur,

1026 1116 1158 1147 breviter
1179 1115 1317 1155 exponit.
1366 1115 1412 1146 Ut
1433 1125 1471 1145 eo
1497 1115 1597 1156 magis
1610 1122 1715 1145 antem
1730 1124 1785 1153 ap-

1027 1166 1143 1200 pareat,
1159 1165 1313 1200 quantum
1328 1164 1452 1198 praestet
1465 1159 1602 1198 potentia
1612 1157 1740 1190 consilio
1754 1165 1786 1188 et

1027 1202 1193 1243 prudentia
1209 1208 1379 1242 temperata
1404 1201 1544 1232 stultitiae
1565 1209 1597 1232 et
1619 1201 1786 1232 temeritati

1030 1256 1150 1284 eorum,
1179 1246 1233 1287 qui
1262 1246 1396 1276 nimium
1425 1245 1542 1276 viribus
1577 1245 1642 1275 suis
1677 1243 1784 1282 confisi

1031 1300 1095 1330 prae
1116 1300 1149 1321 se
1177 1295 1386 1320 contemnunt
1412 1289 1529 1323 omnia.
1559 1289 1725 1330 gigantum
1754 1294 1786 1317 et

1029 1333 1172 1370 aliorum,
1203 1333 1257 1374 qui
1286 1343 1395 1374 graves
1417 1331 1556 1362 audaciae
1587 1343 1652 1362 suae
1681 1341 1787 1371 poenas

1030 1377 1193 1413 dederunt,
1225 1376 1368 1415 exempla
1389 1375 1645 1416 proponit.—Sic
1670 1375 1703 1404 in
1725 1375 1785 1405 hoc

1030 1430 1154 1462 quoque
1169 1421 1316 1456 carmine,
1342 1429 1435 1459 super
1458 1419 1548 1461 cujus
1570 1418 1701 1449 consilio
1721 1424 1785 1449 tam

1029 1464 1129 1495 multa
1158 1464 1314 1503 disputata
1343 1469 1425 1499 sunt,
1457 1462 1556 1492 amice
1579 1462 1687 1493 omnia
1710 1471 1785 1492 oon—

1029 1508 1143 1547 spirare
1158 1506 1311 1538 existimo.

1074 1562 1101 1581 v.
1125 1550 1230 1581 l.—8.
1250 1551 1410 1582 Descende
1422 1551 1503 1585 coelo,
1515 1555 1695 1589 comparant
1709 1548 1787 1579 Alc·

1030 1594 1131 1626 manis
1171 1594 1295 1635 Fragm.
1335 1592 1420 1633 apud
1458 1593 1620 1632 Hephaest.
1660 1603 1689 1632 p.
1730 1591 1782 1622 22.

1034 1639 1110 1669 Mffioe’
1127 1640 1184 1678 ἄγε
1202 1637 1364 1668 Καλλιόπα
1379 1636 1514 1678 θύγατερ
1530 1636 1603 1673 Διός,
1617 1636 1709 1679 ”Αςχ“
1725 1637 1787 1679 ἰξα-

1031 1683 1086 1712 ebir
1103 1682 1197 1717 ἒτέων,
1222 1682 1268 1712 ἰπὶ
1294 1679 1316 1711 δ’
1338 1681 1431 1724 ἵμερον
1447 1680 1547 1719 ’Ὕμνῳ
1569 1681 1620 1709 καὶ
1643 1678 1788 1722 χαςῖιντα

1032 1726 1098 1756 τίθει
1123 1725 1216 1768 χορόν.
1307 1725 1387 1759 caelo,
1417 1723 1523 1754 Musae
1545 1723 1630 1752 enim
1653 1722 1687 1752 in
1709 1721 1787 1753 caelo

1029 1778 1154 1809 quoque
1168 1769 1248 1798 inter
1262 1773 1380 1798 ceteros
1393 1766 1468 1797 deos
1479 1764 1591 1796 versari
1600 1765 1765 1807 finguntur
1776 1778 1787 1804 ;

1029 1811 1103 1842 hinc
1117 1809 1313 1851 Ὀλυμπιάδος
1329 1809 1477 1840 dicuntur
1493 1809 1594 1840 Hom.
1615 1808 1707 1839 Iliad.
1734 1808 1784 1839 11.

1029 1854 1103 1885 491.
1123 1861 1154 1886 et
1170 1854 1293 1885 Ennio:
1331 1855 1444 1889 Musoe,
1472 1863 1543 1894 quae
1557 1853 1687 1893 pedibu
1699 1863 1787 1893 mag·

1027 1910 1109 1931 num
1119 1899 1250 1940 pulsatis
1265 1898 1442 1939 Olympum.
1514 1897 1643 1936 Regina,
1659 1901 1696 1927 ut
1704 1895 1784 1934 dea;

1032 1942 1195 1982 Calliopen
1210 1941 1294 1972 enim
1321 1940 1391 1971 ideo
1417 1939 1557 1982 reginam
1582 1939 1696 1970 dictam
1710 1949 1786 1975 esse,

1031 1985 1117 2027 quod
1131 1986 1180 2021 sit,
1197 1991 1234 2016 ut
1248 1984 1302 2015 illa
1317 1983 1460 2014 Hesiodo
1471 1983 1591 2025 Tbeog.
1611 1981 1787 2013 79.—dici-

1030 2037 1092 2066 tur,
1108 2029 1326 2072 τροφέριστοὶτη
1341 2027 1485 2064 ἀπαισίων,
1507 2036 1618 2066 parum
1632 2025 1788 2067 probabile

1035 2079 1090 2104 est.
1200 2075 1337 2113 longum,
1362 2070 1537 2110 explicant:
1577 2069 1672 2111 longe
1693 2069 1787 2100 dura-

1034 2125 1152 2153 turum,
1169 2121 1342 2152 aeternum3
1366 2120 1398 2144 et
1411 2114 1460 2144 sic
1468 2113 1553 2144 ferel
1661 2123 1787 2144 somnus

1034 2160 1104 2190 infr.
1120 2159 1192 2190 111.
1213 2157 1262 2189 ll.
1292 2157 1344 2188 38.
1382 2156 1438 2188 sed
1459 2156 1539 2187 nihil
1562 2155 1702 2196 impedit,
1724 2166 1788 2196 quo
1810 2166 1813 2168 ·

1034 2203 1142 2234 minus
1153 2204 1280 2243 longum
1294 2203 1386 2232 melos
1396 2200 1437 2231 de
1451 2199 1588 2230 carmine
1597 2198 1747 2239 ampliore
1757 2205 1790 2230 et

1034 2246 1204 2287 copiosiore
1217 2244 1409 2285 explicetur;
1439 2252 1504 2284 quo
1517 2241 1647 2284 longius
1657 2241 1742 2273 enim
1757 2250 1790 2273 et

1034 2289 1160 2321 uberius
1187 2289 1284 2319 Musa
1306 2288 1435 2318 canebat
1457 2295 1592 2322 carmen,
1623 2296 1662 2316 eo
1690 2285 1790 2328 major
1803 2316 1807 2320 ,

1031 2339 1132 2372 poetae
1145 2331 1225 2362 illud
1239 2330 1393 2361 audientis
1416 2329 1548 2360 debebat
1568 2338 1634 2360 esse
1655 2327 1791 2360 delecta-

1031 2377 1084 2407 tio.
1174 2380 1277 2411 acuta,
1293 2379 1401 2404 acutos
1411 2380 1442 2403 et
1453 2373 1552 2404 claros
1563 2382 1656 2404 sonos
1666 2371 1787 2411 edente,

1030 2420 1062 2450 h.
1081 2429 1108 2450 e.
1126 2419 1288 2453 clarisona,
1309 2423 1346 2447 ut
1360 2415 1511 2457 ejusmodi
1534 2425 1639 2447 vocem
1654 2414 1790 2456 adpellat

1036 2461 1181 2494 Catullus
1203 2461 1336 2492 LXIV.
1355 2458 1430 2490 321.
1504 2460 1631 2491 Auditis
1644 2459 1662 2490 ε’
1686 2464 1787 2499 poeta,

1033 2505 1122 2547 quasi
1136 2511 1242 2535 vocata
1257 2514 1274 2534 e
1289 2503 1366 2534 caelo
1376 2504 1443 2546 jam
1458 2502 1499 2534 ad
1513 2513 1586 2545 eum
1596 2501 1789 2534 descenderit

1037 2548 1186 2588 Calliope,
1201 2547 1285 2578 videt
1298 2553 1329 2578 et
1343 2547 1440 2583 audit,
1455 2556 1526 2587 quae
1538 2544 1644 2576 divino
1657 2545 1803 2577 numine

1034 2591 1118 2632 pleni
1132 2590 1240 2622 audire
1254 2597 1286 2622 et
1300 2590 1403 2621 videre
1417 2590 1474 2621 sibi
1489 2589 1653 2627 videntur3
1677 2590 1790 2630 quaerit
1799 2590 1806 2635 :-

1034 2635 1130 2677 igitur
1152 2644 1170 2664 e
1198 2633 1468 2665 circumstantibus
1492 2631 1635 2664 auditis?
1672 2631 1790 2664 scilicet

1034 2684 1196 2710 canentem
1228 2677 1400 2717 Calliopen.
1497 2675 1634 2707 amabilis
1654 2676 1802 2714 insania„

1032 2721 1133 2753 dulcis
1146 2720 1242 2751 furor.
1327 2722 1402 2761 pios,
1426 2718 1485 2759 piis
1497 2727 1609 2749 novem
1633 2717 1790 2750 sororibus

1032 2775 1142 2801 sacros,
1165 2773 1224 2794 nec
1239 2763 1297 2794 nisi
1320 2763 1379 2803 piis
1393 2772 1500 2794 earum
1521 2761 1657 2792 alumnis
1670 2761 1788 2794 adeun-

1028 2808 1103 2846 dos;
1190 2818 1301 2838 amaen.
1329 2819 1380 2848 qu.
1399 2813 1428 2838 ec
1442 2817 1516 2847 aqu.
1534 2807 1600 2837 sub.
1618 2811 1647 2837 et
1660 2816 1730 2837 aur.
1744 2805 1790 2836 ad-

1028 2851 1166 2882 locorum
1182 2851 1266 2881 enim
1282 2850 1491 2881 amoenitatem
1507 2849 1670 2888 pertinent·
1682 2855 1781 2881 trans-

1030 2901 1139 2926 euntes
1153 2904 1242 2935 aquae
1257 2900 1289 2924 et
1301 2903 1386 2924 aurae
1399 2892 1530 2923 mitioris
1543 2891 1646 2923 flatus.
1798 2924 1802 2929 ,

1073 2949 1099 2968 ν.
1121 2936 1237 2968 9-20.
1266 2937 1319 2968 Ad
1334 2936 1501 2967 nectendas
1521 2936 1602 2966 inter
1615 2946 1647 2973 se
1661 2940 1784 2966 senten-

1032 2981 1088 3012 tias
1103 2982 1211 3022 supple
1227 2981 1291 3011 fere
1306 2981 1372 3011 haec
1386 2993 1392 3011 :
1424 2978 1546 3011 Scilicet
1563 2990 1581 3011 a
1595 2978 1695 3019 prima
1708 2989 1784 3020 pue·
