1904 3250
218 167 296 206 164
839 164 1141 208 HORATII

332 291 415 334 Hic
435 292 524 334 dies
544 307 640 334 vere
661 292 762 334 mihi
782 290 910 332 festus
931 298 1041 332 atras

330 364 499 407 Eximet
519 380 660 407 curas:
693 379 772 420 ego
791 377 869 404 nec
889 362 1127 413 tumultum,

248 437 298 476 15
330 434 422 476 Nec
442 435 549 476 mori
568 449 644 490 per
664 433 747 475 vim
767 440 963 482 metuam,
984 439 1151 473 tenente

735 502 903 544 Caesare
922 509 1067 544 terras.

331 579 366 628 I,
388 586 482 634 pete
503 583 776 634 unguentum,
798 590 917 631 puer,
940 582 982 617 et
1001 589 1190 625 coronas,

330 651 386 693 Et
406 650 555 692 cadum
579 649 714 691 Marsi
734 664 963 691 memorem
983 647 1125 699 duelli,

331 721 575 775 Spartacum
598 720 631 760 si
653 734 735 775 qua
754 719 892 775 potuit
908 726 1130 778 'vagantem

242 797 296 833 20
736 791 898 834 Fallere
918 799 1036 833 testa.

328 865 413 907 Dic
433 873 475 907 et
494 873 654 923 argutae
675 873 873 921 properet
894 864 1061 906 Neaerae

330 934 582 992 Myrrheum
602 934 715 976 nodo
736 935 932 977 cohibere
952 935 1131 977 crinem:

331 1008 375 1050 Si
395 1023 471 1064 per
491 1008 669 1050 invisum
690 1021 808 1050 mora
820 1008 1046 1065 janitorem

704 1133 710 1138 ι
735 1077 840 1130 Fiet,
863 1078 987 1120 abito.

241 1153 305 1191 25>
328 1149 455 1191 Lenit
474 1149 687 1191 albescens
709 1148 869 1190 animos
890 1148 1064 1204 capillus

329 1220 488 1262 Litium
507 1228 550 1262 et
569 1220 673 1261 rixae
694 1219 869 1276 cupidos
889 1226 1120 1275 protervae:

329 1289 428 1332 Non
448 1305 528 1347 ego
547 1289 628 1332 hoc
648 1288 802 1331 ferrem
821 1288 980 1331 calidus
995 1290 1179 1344 juventa,

734 1358 917 1401 Consule
940 1358 1108 1400 Planco.

211 1537 288 1558 usus
312 1524 462 1567 loquendi
485 1524 560 1556 huic
585 1523 784 1564 explicationi
806 1530 970 1566 repugnat.
1019 1526 1185 1556 Comment.
1215 1523 1255 1554 ad
1277 1525 1309 1555 h.
1335 1524 1355 1555 l.

1565 170 1674 219 [ΜΒ.
1697 180 1764 208 ιιι.
1793 191 1797 195 >

1418 1527 1557 1566 Spartae.
1583 1527 1610 1557 .ςί
1630 1538 1691 1568 qua
1701 1531 1769 1566 pot.

213 1572 324 1603 Puella
340 1569 426 1601 enim
439 1570 498 1601 mri
510 1579 613 1618 emt-ers
632 1579 670 1599 ea
683 1566 813 1599 demum
826 1574 909 1599 recte
930 1567 974 1598 ita
1015 1579 1082 1608 vag.
1073 1569 1165 1610 ..fall
1182 1573 1247 1599 test.
1267 1568 1293 1599 si
1307 1579 1369 1609 qua
1382 1569 1500 1600 ratione
1521 1569 1588 1600 fieri
1609 1570 1718 1609 potuit,
1734 1576 1772 1601 ut

211 1613 336 1651 dicitur,
350 1623 422 1654 quae
443 1622 517 1642 cum
539 1612 605 1642 viro
626 1621 689 1642 non
705 1611 888 1647 consuescit,
910 1611 970 1648 vel,

212 1665 249 1689 ut
270 1667 343 1688 cum
361 1655 496 1698 Virgilio
512 1656 589 1686 AEn.
610 1655 672 1686 IV.
693 1654 767 1686 550.
787 1654 904 1696 loquar,
926 1657 972 1686 vi-

211 1707 275 1732 tam
291 1702 421 1731 thalami
443 1706 593 1740 expertem
618 1698 715 1740 degit,
740 1708 806 1728 non
830 1708 876 1734 ea,
900 1708 972 1739 quae

211 1744 278 1775 viro
291 1745 399 1775 orbata
410 1749 465 1774 est.
515 1743 560 1775 Et
573 1743 644 1784 quis
652 1753 766 1782 pueros
777 1748 920 1782 expertes,
933 1752 973 1772 ne

211 1798 288 1819 voce
301 1787 429 1828 quidem
440 1793 573 1827 patrum
586 1786 714 1827 adjecta,
730 1786 770 1816 de
784 1785 899 1825 pueris,
915 1785 971 1826 qui

210 1831 351 1872 patribus
365 1830 429 1861 suis
442 1830 475 1860 in
489 1829 572 1861 bello
585 1829 694 1869 privati
709 1829 781 1864 sint,
792 1835 875 1859 recte
889 1828 970 1859 acci-

211 1875 299 1915 piat?
345 1874 415 1905 Nec
442 1873 556 1904 melius
581 1872 720 1913 procedit
746 1872 825 1903 ratio
850 1882 968 1908 eorum,

211 1917 267 1960 qui
277 1919 398 1958 puellm
412 1917 485 1957 jam
507 1915 609 1952 virtssm
622 1923 755 1956 aperies
776 1915 840 1947 de
830 1916 972 1956 innuptis

211 1962 462 2002 interpretantur,
478 1960 523 1991 ita
537 1967 574 1991 ut
588 1961 622 1991 τὸ
636 1959 710 2000 jam
724 1969 797 1999 pro.
817 1968 904 1990 nunc
918 1958 974 1990 ad-

211 2006 285 2041 huc,
300 2004 436 2045 positum
451 2003 500 2034 sit.
538 2003 686 2034 Profecto
699 2003 726 2033 si
742 2002 975 2043 Horatiusjam

213 2047 314 2081 m'rfim
328 2054 460 2088 eaperees
473 2047 652 2086 scripsisset,
674 2046 759 2078 haud
780 2046 875 2077 dubie
889 2056 970 2086 nup-

213 2099 270 2127 tas.
285 2102 358 2133 quae
371 2090 607 2122 consuetudinis
628 2100 703 2121 cum
718 2090 829 2121 marito
842 2090 905 2120 huc
918 2100 972 2120 us-

211 2146 274 2186 quc
288 2141 424 2166 exsortes
436 2135 579 2171 vixerint,
599 2133 811 2164 intellexisset.
859 2133 973 2164 Donec

212 2179 311 2220 igitur
325 2188 389 2208 non
403 2178 532 2208 meliora
545 2177 724 2214 afferentur,
736 2176 897 2218 antiquam
910 2177 972 2207 lec-

212 2222 332 2255 tionem
347 2221 528 2252 servandam
543 2231 609 2251 esse
622 2220 776 2251 existimo.

259 2276 288 2296 v.
307 2263 444 2297 13-20.
460 2266 644 2301 tumultum,
659 2264 699 2295 de
714 2263 797 2294 bello
810 2263 860 2294 vel
874 2262 969 2299 domi,

213 2309 287 2340 vel'
277 2319 311 2340 ιιι
325 2307 474 2349 proximis
496 2308 620 2345 finibus,
647 2308 750 2338 subito
763 2314 881 2338 exorto.
894 2308 974 2339 mori

208 2364 268 2394 per
281 2353 343 2385 vim
356 2362 414 2392 pro
427 2351 567 2392 vulgari.
587 2358 720 2382 mortem
734 2350 913 2382 violentam.
929 2367 974 2376 —

210 2403 396 2438 peteungu.
410 2412 455 2420 —
471 2405 572 2427 coron.
588 2394 672 2425 conf.
690 2404 774 2434 supr.
795 2394 845 2424 Il.
871 2392 901 2425 7.
929 2392 992 2443 25·

215 2450 298 2490 seqq.
368 2444 416 2473 et
429 2440 496 2470 cad.
511 2440 614 2470 Marsi
627 2449 719 2469 mem.
737 2439 840 2474 duelli,
863 2437 974 2478 exqui-

216 2484 276 2517 site
289 2492 364 2524 pro.
388 2481 497 2514 vinum
523 2491 617 2519 anno,
639 2491 703 2522 quo
723 2480 841 2511 bellum
858 2480 974 2511 Marsi.

217 2537 292 2558 cum
318 2525 426 2563 mut,
455 2505 617 2556 condituiri
645 2523 784 2565 adeoque
806 2523 975 2554 vetustissi-

216 2580 329 2608 mum;
351 2569 476 2601 debello
485 2570 629 2605 Marsico,
641 2578 661 2598 a
674 2568 799 2604 Marsis,
811 2567 975 2607 praecipuis

218 2614 287 2655 ejus
299 2593 487 2650 auctoribus,
500 2611 544 2643 ita
558 2611 724 2651 appellato,
746 2588 806 2648 vei,
828 2610 876 2641 uti
889 2610 974 2641 idem

216 2657 320 2689 vocari
333 2656 421 2693 uolet,
435 2657 543 2688 Italico
555 2665 613 2685 seu
628 2655 747 2691 Sociali,
769 2652 854 2694 quod
871 2653 913 2684 U.
935 2653 972 2685 C.

221 2700 368 2732 DCLX-
385 2698 549 2741 usquead
557 2708 631 2730 ann.
654 2696 841 2729 DCLXII.
859 2696 976 2737 insigni

219 2745 381 2776 atrocitate
395 2743 448 2776 de
453 2741 584 2774 civitatis
600 2741 672 2782 jure
693 2746 818 2789 gestum
838 2746 894 2777 est,
910 2739 972 2771 vid.

222 2785 466 2819 Flor.111.18.
502 2785 637 2816 Videtur
650 2791 756 2814 autem
769 2782 877 2813 vinum
892 2783 976 2814 bello

222 2831 335 2864 Sociali
348 2837 458 2862 natum
473 2827 648 2870 prestantia
660 2837 718 2858 sua
730 2826 872 2866 inprimis
885 2826 975 2857 nobi-

221 2874 250 2905 le
279 2874 386 2912 fuisse,
411 2884 486 2906 cum
511 2871 672 2907 Iuvenalis
693 2880 818 2911 quoque
850 2869 889 2900 V.
917 2868 970 2901 31.

220 2928 288 2949 uvae
301 2919 383 2950 bellis
393 2918 554 2950 socialibus
567 2917 689 2950 catcatae
698 2923 771 2945 cum
783 2913 874 2945 laude
884 2923 972 2944 meu-

222 2960 339 2992 tionem
352 2952 492 3001 'fecerim
523 2958 606 2993 conf.
630 2958 675 2991 ibi
700 2957 750 2991 cl.
780 2959 911 2999 Rupert.
939 2957 974 2988 in

1013 1610 1296 1652 circumvagantem
1314 1613 1495 1652 Spartacum
1510 1612 1619 1644 lateret
1632 1613 1706 1644 vino
1714 1613 1771 1645 illo

1004 1653 1141 1694 ‚impleta
1170 1655 1339 1694 amphora·
1376 1655 1416 1687 dc
1441 1658 1595 1698 Sertaco,
1618 1656 1771 1697 pernicio-

1014 1697 1126 1728 sissimi
1161 1698 1246 1728 illius
1279 1699 1314 1730 in
1358 1699 1451 1730 Italia
1493 1699 1577 1738 belli,
1625 1700 1685 1743 (U.
1730 1700 1768 1732 C.

1018 1741 1259 1773 DCLXXIX.
1266 1741 1278 1781 )
1296 1742 1381 1783 quod
1396 1745 1506 1775 Ser-vile
1525 1742 1672 1784 appellari
1683 1743 1770 1780 solet,

1013 1785 1208 1822 concitatore,
1235 1795 1285 1816 res
1308 1793 1401 1824 nota3
1430 1786 1493 1817 vid.
1523 1787 1607 1818 Veu.
1627 1787 1686 1818 11.
1713 1786 1768 1818 m.

1017 1827 1283 1860 Flor.111.20.
1372 1841 1434 1871 qua
1460 1840 1502 1861 sc.
1534 1830 1663 1869 ratione,
1692 1840 1766 1871 pro·

1012 1872 1102 1903 forte.

1056 1926 1085 1945 v.
1099 1913 1238 1945 21-28.
1252 1917 1318 1947 Dic
1331 1922 1361 1947 et
1374 1922 1478 1957 argue.
1490 1927 1578 1958 prop.
1592 1922 1663 1948 cett.
1679 1893 1774 1958 plane

1016 1959 1063 1990 uti
1085 1969 1169 1998 supr.
1190 1959 1239 1990 11.
1261 1957 1311 1990 ll.
1339 1958 1379 1990 21
1403 1966 1490 2010 seqq.
1516 1960 1584 1992 ubi
1593 1961 1707 2001 pariter
1730 1961 1772 1992 ad

1016 2002 1115 2033 hilare
1139 2001 1318 2033 convivium
1344 2003 1456 2035 arcessi
1479 2003 1609 2045 jubetur
1635 2003 1771 2045 psaltria,

1015 2045 1116 2087 Lyde,
1132 2057 1203 2087 quae
1217 2045 1256 2077 ad
1270 2045 1467 2086 psaltriarum
1481 2047 1636 2079 levitatem
1649 2054 1681 2079 et
1693 2057 1770 2079 eau-

1014 2100 1081 2120 sam
1106 2090 1211 2127 simul,
1235 2099 1275 2120 ex
1298 2100 1362 2131 qua
1374 2089 1437 2120 111ae
1457 2090 1600 2122 advocari
1619 2091 1770 2130 solebant,

1014 2132 1213 2164 indicandam
1227 2139 1361 2165 scortum
1377 2133 1420 2164 ibi
1434 2140 1570 2165 vocatur.
1651 2140 1772 2175 argulae

1014 2177 1047 2207 h
1066 2186 1094 2207 e.
1111 2186 1252 2214 canorae;
1267 2175 1465 2208 notissimum
1479 2184 1526 2208 eut
1539 2176 1620 2208 illud
1633 2177 1771 2218 Virgilii.

1014 2226 1142 2260 argutos
1165 2221 1352 2260 interstrepit
1372 2230 1465 2251 anser·
1487 2222 1602 2257 olm-es,-
1630 2220 1772 2252 similiter

1014 2262 1099 2303 apud
1117 2263 1266 2294 Graecos·
1257 2273 1291 2293 ιιι
1304 2262 1430 2293 laudem
1451 2263 1565 2303 passim
1586 2263 1699 2295 dicitur
1713 2272 1771 2296 aa·

1014 2321 1056 2348 pu
1056 2320 1099 2349 eof
1115 2313 1147 2338 et
1160 2307 1286 2341 λα’λιοςς
1310 2305 1371 2336 vid.
1390 2308 1559 2339 Ruhnken.
1576 2306 1619 2338 nd
1633 2307 1772 2339 Herme-

1014 2349 1091 2381 sian.
1110 2349 1204 2391 Eleg.
1222 2360 1250 2380 v.
1269 2347 1320 2379 78.
1382 2356 1522 2390 properet
1534 2353 1613 2382 mdo
1627 2352 1770 2389 cohibere,

1014 2392 1234 2430 festinantius
1224 2403 1258 2423 m
1272 2391 1392 2423 nodum
1407 2393 1555 2435 colligat;
1578 2394 1661 2425 conf.
1682 2404 1768 2435 supr.

1015 2436 1077 2467 1.ι.
1095 2446 1124 2466 v.
1141 2434 1194 2467 24«.
1281 2438 1461 2477 myrrheum
1481 2438 1513 2468 b.
1531 2447 1559 2468 e.
1574 2440 1773 2479 mmmmm

1018 2479 1106 2520 Virg.
1124 2479 1200 2510 AEn.
1221 2479 1308 2511 XII.
1330 2477 1402 2510 100.
1419 2479 1460 2511 de
1480 2489 1571 2512 coma
1590 2481 1681 2519 dix-it,
1702 2493 1772 2514 ma-

1015 2526 1157 2559 dentem,·
1182 2522 1289 2553 minus
1308 2524 1389 2554 bene
1408 2523 1462 2555 alii
1482 2534 1503 2555 a
1522 2525 1658 2565 myrrho
1669 2524 1774 2557 colore

1015 2566 1056 2598 ad
1069 2566 1193 2597 fuscum
1207 2565 1302 2596 crinis
1314 2566 1449 2599 colorem
1460 2567 1609 2599 referunt.
1692 2569 1771 2600 invi-

1015 2621 1094 2646 sum,
1109 2609 1267 2640 difficilem
1290 2620 1412 2650 nempe.
1500 2612 1599 2643 Leni!
1619 2612 1771 2643 albescens

1018 2658 1090 2684 cett.
1105 2663 1200 2694 quam
1222 2653 1385 2692 praeclare·
1408 2653 1442 2684 in
1463 2654 1543 2686 hanc
1560 2653 1627 2687 fere
1645 2661 1772 2686 seuten-

1017 2696 1108 2729 tim.
1132 2695 1279 2738 juvenilis
1301 2697 1387 2729 enim
1408 2696 1463 2728 iu·
1481 2697 1576 2734 calor,
1598 2707 1663 2739 quo
1686 2698 1770 2739 ojus-

1018 2739 1104 2770 modi
1118 2750 1220 2771 moras
1241 2749 1306 2770 non
1325 2740 1475 2778 tulissem,
1495 2718 1660 2778 defe’rbuit,
1675 2747 1714 2773 et
1727 2750 1771 2772 n-

1018 2788 1080 2814 tate
1094 2793 1125 2814 ιι
1118 2783 1254 2824 itigatus
1267 2789 1322 2814 est.
1397 2783 1520 2826 finem
1533 2793 1602 2824 pro:
1617 2783 1767 2816 tuli-em.

1017 2828 1201 2858 -consule
1216 2829 1333 2859 Planco
1350 2826 1392 2860 U.
1413 2826 1453 2858 G.
1470 2826 1656 2859 Dccxll.
1673 2827 1769 2859 collo-

1016 2876 1058 2911 ga
1081 2870 1130 2902 M.
1150 2870 1283 2901 AEmilio
1304 2869 1444 2910 Lepidm
1462 2869 1529 2902 fuit
1545 2871 1644 2913 igitur
1664 2871 1771 2902 Hora-

1016 2914 1079 2944 tius
1092 2914 1150 2944 sub
1174 2913 1285 2945 Planci
1298 2912 1491 2947 consulatu·
1475 2915 1602 2956 juvenis
1614 2924 1771 2947 annorum

1015 2956 1113 2988 ferme
1129 2957 1274 2990 XXIII.
1520 2976 1524 2980 ·
