1904 3250
93 2842 133 2869 :Q
193 2852 268 2884 tulit
306 2852 376 2884 Cel.
414 2853 547 2884 Beckius
581 2852 617 2882 in
641 2865 669 2903 ζ

289 471 842 533 CARMEN
938 438 1661 532 SAECULARE

933 655 1007 680 PRO

524 771 1079 847 INCOLU'MITATE
1120 803 1417 846 IMPERII.

301 1140 508 1205 PHOEBE,
532 1153 815 1210 silvarumque
835 1161 985 1209 potens
1007 1153 1161 1205 Diana,

290 1226 512 1269 Lucidum
532 1227 629 1269 coeli
649 1226 792 1277 decus,
816 1225 858 1268 O
879 1215 1045 1267 colendi

302 1296 479 1352 Semper
500 1303 543 1338 et
562 1295 678 1346 culti,
701 1295 814 1346 date,
836 1309 932 1351 quae
951 1310 1175 1350 precamur

649 1363 864 1420 Tempore
885 1378 1027 1404 sacro:

308 1505 521 1539 CARMEN
546 1505 832 1539 SAECULARE.

217 1595 316 1626 Cum
342 1594 383 1626 U.
412 1594 450 1625 C.
479 1593 779 1624 DCCXXXVII.
806 1591 955 1624 ludorum

185 1637 383 1669 saecularium
404 1637 538 1667 instaret
559 1637 735 1674 celebratio,
758 1643 790 1667 et
811 1635 851 1666 ad
865 1636 954 1671 ritus,

185 1691 266 1722 quos
293 1681 327 1711 in
348 1681 388 1711 iis
409 1680 603 1711 celebrandis
626 1680 780 1711 observari
802 1681 957 1721 jubebant

185 1724 258 1755 libri
290 1723 445 1765 Sibyllini,
476 1723 654 1763 pertineret*
673 1733 800 1765 quoque
829 1724 889 1758 hic,
920 1729 957 1752 ut

186 1778 360 1808 puerorum
375 1766 616 1808 puellarumque
627 1768 741 1797 chorus
751 1768 906 1807 hymnum
922 1765 956 1795 in

189 1810 374 1850 Apollinem
397 1816 429 1841 et
453 1810 592 1841 Dianam
614 1818 758 1848 caneret;
785 1811 956 1850 Augustus

187 1865 263 1885 sane
290 1865 337 1889 eo,
370 1853 455 1895 quod
484 1853 580 1895 hujus
608 1854 720 1894 hymni
745 1852 956 1893 componendi

186 1908 306 1929 munus
323 1897 470 1935 Horatio,
487 1903 524 1927 ut
539 1897 635 1928 tradit
659 1897 827 1928 Suetonius
840 1896 874 1926 in
888 1897 956 1936 ejus

187 1942 260 1979 vita,
275 1941 465 1982 injungeret,
487 1946 636 1971 aeternam
657 1941 707 1970 his
727 1940 811 1971 ludis
825 1940 950 1971 saecula-

187 1985 275 2016 ribus
301 1984 420 2024 paravit
440 1983 634 2015 memoriam.
684 1983 849 2020 Quamdiu
870 1984 955 2014 enim

190 2028 297 2060 Musis
325 2029 426 2058 bonor
453 2037 531 2058 suus
559 2028 662 2065 stabit,
692 2027 814 2058 tamdiu
837 2027 871 2057 in
895 2028 956 2057 hoc

190 2071 318 2103 Horatii
333 2071 471 2102 carmine
480 2070 735 2111 praestantissimo
745 2069 955 2108 saecularium,

188 2125 269 2156 quos
292 2116 461 2155 Augustus
481 2114 674 2151 instauravit,
697 2114 848 2145 ludorum
870 2113 954 2155 vige·

189 2158 237 2189 b‘it
258 2159 418 2188 memoria.
463 2157 727 2188 Elaboratissimis
750 2164 856 2188 autem
884 2158 956 2188 Ho-

189 2201 261 2233 ratii
275 2201 464 2232 carminibus
475 2202 534 2231 hoc
545 2211 672 2231 carmen
683 2201 833 2232 saeculare
846 2211 956 2232 accen-

191 2244 325 2276 sendum
341 2255 418 2282 esse,
434 2244 483 2274 vel
500 2244 572 2274 inde
586 2244 720 2285 intelligi
735 2251 847 2284 potest,
871 2245 957 2285 quod

191 2288 234 2320 ad
261 2289 322 2318 hoc
349 2288 408 2318 rite
436 2287 612 2318 canendum
643 2288 795 2328 singulari
819 2288 958 2319 carmine

191 2342 287 2372 supra
304 2331 364 2362 1V.
383 2330 415 2361 6.
454 2331 612 2370 Apollinis
627 2341 719 2370 opem
734 2331 912 2370 imploravit
926 2338 957 2363 et

193 2375 252 2406 sibi
267 2374 404 2415 expetiit.
453 2374 522 2404 Nec
536 2375 664 2411 mirum,
681 2375 706 2404 si
722 2382 815 2414 poeta
835 2376 868 2404 in
890 2385 957 2406 car-

192 2420 280 2450 mine
294 2417 418 2459 publice
437 2417 471 2448 in
493 2417 619 2456 publica
632 2418 741 2449 laetitia
755 2429 774 2449 a
787 2428 958 2458 puerorum

194 2462 433 2503 puellarumque
446 2461 542 2492 choro
560 2460 755 2491 decantando
777 2472 872 2492 omne
892 2471 959 2492 stu-

193 2506 283 2547 ¹dium
300 2504 447 2545 posufflitg
463 2510 496 2535 et
516 2514 627 2534 omnes
647 2504 767 2545 ingenii
786 2506 866 2535 vires
887 2515 958 2535 ner-

193 2552 311 2590 vosque
325 2547 501 2579 intenderit.
519 2564 563 2572 —
579 2548 675 2584 Quod
686 2554 792 2580 autem
807 2548 847 2578 ad
861 2548 956 2578 ludos

194 2593 360 2624 saeculares
383 2591 502 2628 attinet,
528 2601 603 2621 cum
625 2591 658 2620 in
684 2591 866 2622 universum
889 2597 955 2622 tam

163 2672 165 2677 Α
194 2637 235 2667 de
249 2645 359 2667 eorum
373 2634 503 2676 origine,
525 2644 620 2675 quam
638 2634 677 2664 de
691 2640 782 2671 stato,
796 2645 861 2674 quo
874 2635 955 2665 cele-

161 2676 275 2721 *fflirati
297 2680 370 2716 snt,
395 2687 535 2718 ternpore
556 2677 636 2708 nihil
657 2679 732 2707 certi
757 2676 956 2716 pronunciari

174 2717 300 2770 ‘bossin
317 2721 393 2764 (vid.
413 2732 492 2763 quos
506 2720 546 2752 de
566 2722 650 2752 ludis
671 2722 875 2760 soecularibus
892 2724 955 2752 Ro-

99 2774 127 2814 d'.
179 2769 283 2801 »jutan—
302 2766 442 2797 laudavit
457 2765 579 2798 Mitsch.
599 2775 629 2804 p.
649 2762 724 2795 643.
742 2758 855 2804 ἤμυσε.
875 2774 906 2794 n.
925 2763 956 2795 3.

194 2816 227 2843 et
241 2809 332 2846 adde,
353 2819 425 2850 quae
439 2808 618 2848 nuperrime
636 2807 673 2842 in
690 2808 772 2853 hane
784 2817 859 2853 ,rem
881 2817 956 2837 con-

195 2898 375 2929 Academia
409 2898 498 2936 Lips.
529 2897 564 2926 in
642 2933 659 2936 Π
690 2894 726 2942 33

187 2942 314 2980 pietatis
326 2939 639 2998 monum-entdZLim-
654 2939 766 3012 ’ταί
787 2973 794 2983 ,ἡ
829 2980 838 2987 ι

197 2981 309 3023 1801.)
343 2974 617 3056 Augustumgeoa
650 2991 669 3013 a
728 2973 952 3021 Sibyllinorum

994 1505 1194 1536 oraculorum
1231 1503 1446 1536 auctoritatem
1481 1516 1520 1537 eo
1548 1506 1687 1544 consilio,
1723 1513 1760 1538 ut

993 1548 1131 1589 populus
1163 1549 1329 1579 Romanus
1358 1548 1399 1579 de
1426 1559 1552 1591 magna,
1582 1560 1646 1591 qua
1673 1561 1764 1582 nunc

997 1592 1164 1629 frueretur,
1189 1591 1338 1623 felicitate
1365 1592 1530 1630 laetaretur,
1559 1593 1698 1635 deosque
1719 1594 1760 1625 de

998 1635 1122 1675 imperii
1145 1635 1362 1667 incolumitate
1385 1642 1422 1667 et·
1437 1642 1588 1677 perpetua
1607 1637 1767 1678 prosperi-2

997 1685 1062 1710 tate
1077 1679 1127 1719 pie
1142 1685 1348 1713 veneraretur.
1363 1688 1536 1719 apparasse,
1551 1687 1658 1714 tenere
1671 1681 1759 1712 suffi-

999 1722 1070 1753 ciat.
1117 1723 1193 1755 Jam
1208 1733 1282 1754 vero
1296 1733 1370 1754 cum
1391 1723 1507 1763 Apollo
1527 1730 1559 1755 et
1575 1724 1682 1756 Diana
1697 1732 1762 1756 non

1000 1766 1103 1797 solum
1118 1766 1162 1796 dii
1176 1765 1349 1803 averrunci,
1361 1767 1542 1806 ὶλεξίιακω,
1558 1769 1762 1809 dabreiamin&

997 1811 1195 1847 haberemur,
1211 1809 1265 1840 sed
1278 1809 1375 1840 etiam
1395 1816 1433 1841 ut
1446 1809 1470 1840 ii
1483 1811 1670 1849 colerentur,
1684 1821 1762 1853 quo-

998 1863 1070 1883 rum
1102 1853 1327 1884 benevolentiae
1353 1851 1403 1884 vel
1431 1853 1570 1884 maxime
1597 1854 1763 1886 deberetur

999 1903 1063 1926 tam
1079 1896 1158 1927 aeris
1170 1896 1344 1934 salubritas,
1365 1906 1462 1938 quam
1483 1907 1631 1938 agrorum
1652 1898 1763 1929 fertili-

999 1946 1055 1975 tas,
1088 1941 1144 1981 (ob
1167 1950 1277 1970 causas
1305 1940 1450 1980 physicas
1474 1941 1602 1979 scilicet,
1629 1941 1694 1972 sive
1721 1944 1762 1973 ob

998 1984 1072 2020 vim,
1088 1993 1184 2024 quam
1201 1983 1249 2013 sol
1269 1989 1302 2014 et
1322 1983 1400 2014 luna
1412 1982 1598 2024 insertam,
1621 1983 1762 2026 adeoque

997 2027 1032 2057 in
1047 2027 1126 2057 aeris
1140 2026 1352 2058 salubritatem
1368 2031 1400 2058 et
1412 2027 1604 2059 fertilitatem
1618 2028 1760 2070 habena)

998 2080 1101 2107 causa,
1128 2080 1185 2101 cur
1208 2080 1319 2101 eorum
1346 2070 1542 2110 pot-‘ssimum
1571 2071 1704 2103 numina
1727 2072 1761 2102 in

998 2113 1084 2145 ludis
1111 2113 1313 2145 saecularibus
1339 2113 1552 2152 adorarentur,
1581 2121 1614 2145 et
1640 2115 1761 2155 hymno

999 2157 1238 2195 celebrarentur,
1254 2156 1346 2188 facile
1358 2158 1550 2198 perspicitur.
1577 2158 1642 2190 Ter
1654 2165 1762 2189 autem

999 2201 1113 2232 chorus
1126 2200 1160 2231 iu
1174 2201 1235 2231 hoc
1248 2201 1367 2241 hymno
1382 2198 1567 2241 Apollinem
1577 2206 1610 2232 et
1621 2201 1760 2233 Dianam

999 2244 1145 2284 appellat,
1169 2250 1202 2275 et
1225 2251 1273 2275 ter
1296 2242 1507 2285 singularibus
1526 2244 1671 2285 precibus
1694 2245 1762 2276 Ro-

999 2298 1130 2318 manum
1156 2287 1323 2327 imperium
1347 2297 1457 2318 eorum
1481 2288 1589 2318 tutelae
1610 2294 1642 2320 et
1662 2288 1762 2320 favori

999 2331 1094 2362 tradit
1107 2338 1140 2362 et
1152 2337 1327 2368 consecrat3
1342 2331 1481 2369 primum
1495 2331 1623 2372 quidem
1637 2343 1656 2363 a
1670 2342 1762 2363 versu

1003 2373 1015 2405 l
1034 2392 1079 2401 -—
1092 2384 1194 2416 usque
1207 2373 1248 2405 ad
1262 2385 1290 2404 v.
1308 2373 1362 2405 32.
1373 2381 1481 2416 rogat:
1508 2381 1545 2406 ut
1570 2375 1707 2406 Phoebus
1727 2376 1762 2406 in

999 2424 1068 2449 toto
1087 2425 1241 2454 terrarum
1262 2419 1336 2449 orbe
1356 2417 1502 2459 nuspiam
1522 2420 1633 2449 urbem
1658 2419 1762 2449 Roma

1000 2462 1152 2502 majorem
1178 2460 1323 2499 illustret,
1352 2461 1457 2492 Diana
1481 2471 1554 2492 vero
1579 2461 1693 2492 sobolis
1720 2471 1759 2492 ex

1001 2504 1151 2546 legitimis
1171 2505 1327 2546 conjugiis
1346 2505 1544 2544 procreandae
1564 2510 1682 2535 tantam
1704 2515 1762 2535 cu.

996 2558 1063 2578 ram
1079 2549 1200 2585 babeat,
1214 2555 1252 2578 ut
1270 2546 1380 2578 exa'cto
1404 2546 1469 2580 CX
1489 2557 1644 2580 annorum
1659 2548 1759 2587 spatio

997 2590 1113 2622 iterum
1142 2590 1216 2621 laeta
1230 2591 1252 2613 ν’
1277 2591 1365 2622 tersit
1391 2591 1476 2622 ludia
1501 2591 1710 2628 saecularibus,
1740 2603 1760 2622 a

997 2634 1115 2674 populo
1143 2600 1307 2805 Βοξῗ),Δ
1324 2635 1433 2675 quovis
1460 2633 1615 2665 felicitatis
1643 2644 1759 2675 genere

1764 2188 1780 2201 Q

997 2683 1143 2714 mactato,
1164 2686 1200 2707 ce
1309 2677 1375 2715 dis;
1398 2677 1512 2708 deinde
1531 2687 1551 2708 a
1572 2687 1600 2707 v.
1627 2677 1680 2709 33.
1706 2689 1760 2709 us-

999 2730 1060 2761 que
1081 2719 1122 2750 ad
1142 2730 1171 2751 v.
1285 2727 1308 2758 t,
1333 2719 1483 2759 Apolline
1504 2726 1537 2751 et
1559 2720 1666 2752 Diana
1691 2722 1758 2752 Ro-

998 2773 1084 2794 mam
1106 2763 1232 2794 tuentib'
1255 2799 1256 2802 ¹
1303 2763 1448 2794 Romana
1466 2763 1617 2805 juventus
1638 2771 1759 2796 mature

998 2806 1032 2836 in
1061 2805 1222 2845 probitatis
1249 2806 1354 2837 studio
1389 2814 1577 2845 exerceatur,
1614 2816 1758 2839 senectus

942 2863 950 2881 ι
999 2849 1122 2890 placida
1141 2849 1363 2890 tranquillitate
1384 2850 1570 2890 perfruatur,
1594 2858 1680 2882 totus
1699 2862 1756 2891 po-

937 2896 943 2902 ·
1000 2893 1094 2933 pulus
1111 2893 1275 2923 Romanus
1295 2893 1382 2924 omni
1396 2894 1597 2933 prosperitate
1609 2895 1755 2936 gaudeat,

876 2939 949 2972 nitz-
995 2943 1027 2967 et
1050 2935 1216 2975 imperium
1244 2937 1426 2968 Romanum
1447 2938 1489 2968 ad
1509 2947 1668 2969 summum
1698 2940 1757 2969 sub

996 2979 1161 3024 laetissimis
1177 2979 1318 3022 Augusti
1338 2980 1649 3021 auspicii8.potentiae
1670 2981 1757 3013 fasti-
