1904 3250
205 159 290 197 546

843 155 1146 198 HORATII

326 284 489 325 Scimus
510 292 551 324 et
572 283 681 324 hanc
702 282 866 323 veniam
885 282 1152 339 petimusque
1172 283 1403 342 damusque
1425 286 1618 328 vicissim.

384 356 469 398 Sed
489 370 589 405 non,
611 362 659 395 ut
678 353 855 409 placidis
877 362 1027 395 coeant
1046 354 1245 404 immitia3
1274 370 1374 408 non,
1396 366 1442 399 ut

325 427 550 483 Serpentes
571 425 717 467 avibus
738 426 1020 483 geminentur,
1044 425 1224 483 tigribus
1245 428 1356 484 agni.

324 497 508 552 Inceptis
529 496 728 553 gravibus
749 494 999 552 plerumque
1020 503 1062 537 et
1082 510 1238 553 magna
1256 496 1454 551 professis

240 573 290 611 15

326 570 584 624 Purpureus,
606 568 689 610 late
710 568 783 625 qui
804 568 1036 624 splendeat,
1059 583 1168 610 unus
1190 576 1233 610 et
1253 568 1360 610 alter

322 639 522 681 Assuitur
542 653 720 695 pannus,
743 654 841 680 cum
861 639 981 681 lucus
1002 647 1045 680 et
1065 653 1139 680 ara
1158 637 1328 690 Dianae‚

324 712 381 754 Et
400 713 666 768 properantis
687 727 809 769 aquae
829 727 907 768 per
927 727 1115 754 amoenos
1137 712 1318 754 ambitus
1340 727 1479 770 agros,

323 785 414 826 Aut
432 785 588 827 flumen
614 784 827 836 Rhenum,
851 794 923 827 aut
942 785 1110 842 pluvius
1131 785 1384 827 describitur
1404 800 1539 837 arcuS,

323 854 409 897 Sed
428 870 542 897 nunc
562 870 649 896 non
670 863 760 896 erat
779 854 844 896 his
865 854 1007 905 lo‘cus3

325 927 415 970 Scis
437 927 634 969 simulare
646 943 658 978 3
691 927 793 985 quid
813 927 909 978 hoc,
933 925 968 969 si
988 927 1130 969 fractis
1151 935 1293 969 enatat
1312 943 1463 984 exspes

235 931 290 969 20

1041 862 1083 896 et
1102 854 1278 896 fortasse
1300 870 1548 911 cupressum

323 988 527 1053 Navibus,
551 1017 636 1044 aere
657 1002 757 1044 dato
778 1002 851 1059 qui
870 1001 1092 1060 pingitur?
1124 1002 1348 1059 Amphora
1368 1003 1496 1058 coepit

204 1149 388 1180 purpureos,
403 1140 533 1171 aliunde
546 1139 669 1180 petitos,
693 1138 823 1170 carmini
844 1149 902 1170 suo
927 1149 976 1169 as-

205 1194 306 1221 suere,
325 1183 380 1214 sed
392 1183 425 1214 id
438 1189 575 1222 tantum,
586 1182 673 1225 quod
683 1183 817 1223 simplex
829 1189 859 1214 et
871 1192 977 1214 unum

207 1233 264 1264 est,
279 1227 427 1259 sectante·

248 1281 278 1301 vt
307 1270 358 1309 12,
387 1270 437 1302 13.
465 1273 522 1302 Sed
545 1283 623 1308 non,
648 1277 686 1302 ut
711 1275 783 1301 cett.

207 1314 331 1346 Verum
357 1315 443 1345 enim
468 1324 542 1346 vero
566 1325 632 1345 non
661 1315 729 1344 haec
756 1315 855 1354 poetis
883 1313 978 1344 datur

205 1357 343 1396 lieentia,
359 1364 397 1390 ut
414 1358 545 1399 fingant,
560 1368 633 1399 quai
647 1364 761 1388 natura
778 1357 837 1388 sibi
859 1367 976 1398 repug-

206 1408 292 1438 nant,
331 1408 368 1433 ut
399 1402 489 1433 mitia
520 1401 668 1433 animalia
697 1410 772 1432 cum
802 1400 977 1431 immitibus

206 1445 318 1489 (coire)
338 1445 496 1477 Venerem
505 1445 652 1487 jungere,
668 1451 701 1475 et
714 1454 786 1476 aves
799 1450 895 1484 atque
912 1454 976 1474 ser-

205 1495 326 1530 penteS,
349 1488 479 1531 tigrides
500 1495 532 1519 et
557 1498 656 1530 agnos
682 1487 866 1530 (geminari)
890 1487 977 1527 paria

204 1533 273 1564 fieri
282 1533 426 1575 jubeant.
439 1550 483 1559 —
497 1533 550 1563 De
571 1538 724 1572 serpente,
747 1530 888 1567 animali,
909 1531 974 1561 avi-

206 1578 268 1607 bus
292 1575 440 1616 inprimis
467 1576 592 1612 infesto,
622 1585 718 1615 supra
747 1574 852 1614 Epod.
884 1572 913 1604 1.
943 1584 972 1605 v.

209 1619 262 1657 19,
292 1619 346 1650 20.
401 1621 444 1651 Ue
470 1621 608 1651 assidens
640 1620 842 1659 implumibus
865 1619 973 1658 pullis,

205 1666 271 1696 avis
286 1666 473 1704 Serpentum
486 1665 623 1704 allapsus
636 1664 732 1694 timet.

249 1717 278 1738 v.
300 1706 342 1738 14·
362 1716 445 1748 seqq.
483 1708 622 1747 Inceptis
631 1707 777 1747 gravibus
792 1710 863 1736 cett.
898 1705 976 1736 Non

204 1760 276 1782 raro
305 1750 446 1781 accidere
467 1750 555 1787 solet,
578 1755 616 1780 ut
638 1756 739 1789 poetae
764 1747 925 1790 gravitatis
946 1755 979 1779 et

205 1794 408 1825 sublimitatis
421 1793 616 1824 ostentandae
637 1792 738 1834 gratia
761 1791 877 1832 cupide
901 1791 978 1825 arri-

205 1838 295 1878 piant
318 1844 450 1868 externa
473 1843 667 1872 ornamenta,
692 1835 808 1877 quibus
831 1835 978 1875 splendo-

207 1891 275 1912 rem
310 1886 422 1921 parent
459 1880 524 1911 suis
567 1879 778 1917 carminibus;
822 1879 978 1918 arripiunt

205 1924 324 1955 scilicet
337 1934 387 1955 res
401 1923 502 1966 (locos
515 1922 727 1963 communes),
739 1931 811 1964 quae
823 1921 977 1961 poeticam

205 1967 449 2008 descriptionem
463 1966 646 2003 admittunt,
661 1972 770 1997 utrum
792 1965 856 1996 illae
881 1976 977 2007 argu-

205 2018 324 2047 mento,
356 2010 443 2052 quod
468 2017 612 2046 tractant,
640 2009 838 2045 conveniant,
867 2017 977 2045 necne,

204 2065 319 2095 parum
341 2054 476 2085 solliciti.
557 2056 752 2094 plerumque,
780 2058 818 2083 ut
840 2051 924 2083 infra
946 2062 975 2082 v.

207 2098 262 2130 95.
294 2108 370 2139 pro:
398 2107 465 2128 non
491 2107 579 2134 raro;
607 2103 641 2128 et
669 2096 714 2127 sic
743 2095 858 2135 passim
891 2095 979 2135 apud

209 2142 406 2180 Horatium3
429 2141 575 2181 exempla
596 2140 668 2171 vide
687 2149 783 2179 supra
806 2138 847 2171 ad
870 2139 974 2179 Epist.

208 2187 238 2217 Ι.
259 2185 310 2217 18.
329 2184 383 2216 94«.

251 2240 280 2260 v.
310 2228 362 2266 15,
391 2227 443 2260 16.
479 2231 665 2268 Purpureus
683 2238 825 2267 pannus,
847 2226 915 2267 jam
940 2226 980 2257 de

207 2273 394 2315 pigmentis,
420 2272 596 2308 veneribus,
625 2271 712 2308 fuco,
750 2276 782 2301 et
817 2270 979 2311 quibusvis

207 2316 346 2348 externis
375 2315 578 2351 ornamentis,
605 2314 779 2345 orationem
805 2313 977 2353 speciosam

207 2360 422 2392 reddentibus.
513 2370 588 2390 cum
601 2360 693 2389 lucus
709 2362 797 2395 cett„
814 2357 882 2398 jam
907 2357 980 2388 Ho-

207 2405 306 2436 ratius
331 2405 432 2434 aetatis
452 2412 520 2434 suae
547 2409 655 2442 poetas
678 2400 786 2440 carpit,
814 2410 904 2442 quos,
926 2411 980 2431 ex-

207 2454 299 2479 terna
311 2452 497 2478 ornamenta
510 2444 704 2476 carminibus
718 2445 783 2474 suis
793 2450 978 2486 quaerentes,

207 2492 332 2532 poetica
367 2490 432 2521 luci
471 2489 587 2520 Dianae
618 2494 650 2519 et
678 2487 798 2528 obliqui
825 2487 892 2524 rivi,
923 2493 980 2518 aut

212 2534 330 2572 Rheni,
345 2541 402 2565 aut
416 2533 515 2573 pluvii
530 2542 622 2563 arcus
635 2531 855 2570 descriptione,
877 2531 980 2562 aliena

208 2579 304 2619 plane
333 2588 352 2609 a
381 2577 487 2617 scripti
516 2575 663 2606 canninis
692 2581 892 2616 argumente,
915 2585 982 2605 sese

204 2624 324 2665 jactare
353 2620 418 2660 ait;
505 2622 599 2651 lucus
620 2625 649 2650 et
671 2631 728 2650 ara
754 2620 882 2652 Diam,
906 2628 981 2649 cum

210 2665 318 2706 plures
332 2665 397 2696 luci
419 2673 493 2695 cum
519 2663 581 2694 aris
609 2662 722 2693 Dianae
748 2661 827 2692 sacri
850 2661 980 2699 suerint,

211 2712 256 2752 (v.
276 2711 392 2748 Spanh.
421 2707 463 2739 ad
491 2706 722 2739 Callimachum
749 2705 796 2735 H.
821 2705 855 2734 in
880 2705 978 2736 Dian.

209 2763 240 2783 v.
262 2751 334 2784 104.
349 2758 381 2783 et
397 2753 503 2791 Heyn.
524 2750 660 2781 Excurs.
687 2748 792 2780 VIII.
821 2747 862 2778 ad
887 2748 979 2789 Virg.

213 2797 292 2828 AEn.
314 2788 398 2826 VH.
421 2793 514 2835 761.)
530 2803 625 2834 quem
646 2792 844 2833 potissimum
867 2791 981 2822 descri-

211 2840 355 2872 bendum
370 2839 429 2870 sibi
440 2837 586 2870 sumserit
601 2847 700 2868 vanus
723 2835 855 2876 quidam
879 2841 979 2875 poeta,

212 2883 399 2915 divinationi
413 2881 610 2923 relinquitur.

257 2938 285 2958 v.
315 2926 365 2957 17.
392 2928 438 2958 Et
450 2926 648 2967 properantis
670 2935 762 2965 aquoe
787 2928 872 2957 cett,
902 2921 982 2952 obli-

212 2970 268 3010 qui
283 2971 342 3000 rivi
363 2969 603 3009 descriptionem
626 2967 756 3008 ingenio
781 2966 903 3006 poetico
926 2965 981 2996 ad-

834 1270 951 1301 Sensus
963 1282 971 1301 ε

1020 1139 1153 1170 modum
1167 1146 1376 1185 opportunam
1398 1150 1475 1177 esse,
1495 1142 1564 1182 jam
1585 1140 1653 1180 ipse
1679 1140 1787 1172 Hora-

1019 1183 1083 1213 tius
1098 1183 1256 1221 ostendit;
1278 1191 1325 1215 est
1346 1184 1430 1214 enim
1455 1183 1507 1214 hic
1529 1194 1638 1216 versus
1659 1184 1787 1226 elegan-

1019 1226 1167 1263 tissimus,
1183 1234 1216 1258 et
1230 1226 1271 1258 ad
1292 1237 1356 1264 eos,
1380 1237 1460 1268 quos
1482 1237 1576 1268 supra
1601 1227 1642 1259 ad
1667 1228 1730 1259 Sat.
1754 1229 1783 1259 Ι.

1023 1269 1051 1300 l.
1074 1268 1145 1301 114.
1167 1270 1304 1302 delectos
1317 1270 1453 1308 laudavi,
1468 1270 1660 1302 referendus.
1718 1283 1789 1303 anv-

1020 1315 1112 1352 bitus,
1128 1313 1289 1355 eleganter
1302 1313 1343 1345 de
1356 1315 1486 1355 obliquo
1510 1321 1543 1346 et
1567 1321 1708 1346 tortuoso
1730 1316 1789 1346 rivi

1020 1367 1125 1392 cursu,
1141 1357 1206 1388 sive
1219 1357 1259 1388 de
1272 1357 1330 1387 rivi
1351 1358 1567 1396 anfractibus3
1589 1357 1701 1389 eadem
1725 1358 1790 1390 ele-

1019 1401 1128 1441 gantia
1141 1411 1236 1440 supra
1252 1401 1317 1432 Od.
1338 1401 1388 1431 11.
1406 1400 1438 1432 3.
1460 1400 1511 1432 ll.
1538 1400 1590 1432 12.
1617 1408 1648 1433 et
1669 1403 1789 1444 obliquo

1019 1446 1136 1476 laborat
1151 1445 1297 1486 Lympha
1300 1445 1408 1487 suga-z·
1421 1447 1577 1486 trepidare
1589 1447 1664 1477 rivo.

1063 1498 1092 1518 v.
1121 1486 1171 1518 18.
1196 1489 1402 1530 Autflumen
1429 1490 1548 1526 Rhen„
1572 1487 1707 1528 respexit
1723 1487 1788 1519 for-

1018 1537 1099 1562 tasse
1137 1531 1294 1561 Horatius
1328 1531 1492 1572 turgidum
1532 1531 1701 1571 Alpinum,
1733 1533 1788 1573 qui

1018 1585 1114 1614 supra
1131 1574 1196 1605 sat.
1217 1574 1245 1605 1.
1266 1573 1318 1604 10.
1343 1573 1398 1606 37.
1420 1577 1543 1607 luteum
1564 1582 1657 1616 caput
1685 1577 1789 1607 Rlzem'

1020 1620 1180 1661 desim-isse
1194 1617 1320 1649 dicitur.

1063 1672 1091 1692 v.
1121 1660 1172 1699 19,
1187 1660 1241 1691 20.
1266 1663 1424 1699 simulare,
1437 1661 1620 1702 exprimere,
1635 1668 1674 1693 ut
1691 1672 1787 1703 supra

1021 1705 1126 1745 Epist.
1141 1705 1192 1736 11.
1213 1703 1242 1735 l.
1271 1703 1347 1735 241.
1377 1716 1443 1736 aera
1466 1707 1642 1738 Alea-andri
1662 1708 1788 1738 vultum

1021 1750 1218 1780 simulantia.
1292 1749 1432 1790 sortasse
1456 1760 1635 1790 cupressum
1659 1751 1724 1782 Scis
1749 1751 1790 1781 si-

1020 1794 1144 1823 σηπίαν-ε
1155 1808 1167 1829 ‚·
1191 1793 1277 1823 hunc
1292 1792 1399 1823 locum
1418 1792 1462 1822 ita
1482 1792 1688 1832 interpretor:
1715 1792 1790 1824 Ho-

1022 1835 1120 1866 ratius
1143 1835 1212 1876 jam
1241 1841 1402 1875 comparat
1430 1841 1553 1866 notatos
1579 1841 1688 1876 poetas
1715 1845 1791 1867 cum

1020 1878 1139 1918 pictore
1153 1878 1301 1919 quodam,
1317 1879 1373 1920 qui
1387 1878 1421 1908 in
1435 1885 1502 1909 arte
1515 1878 1647 1919 pictoria
1659 1878 1706 1910 nil
1727 1879 1789 1910 nisi

1020 1932 1203 1962 cupressum
1233 1922 1364 1963 pingere
1387 1921 1557 1954 didiceratz
1584 1921 1789 1964 quemadmo-

1021 1966 1098 1996 dum
1113 1965 1212 2006 igitur
1226 1965 1328 2006 pictor
1340 1964 1396 1996 ille
1410 1965 1564 2005 picturam
1585 1976 1606 1997 a
1627 1975 1662 1997 se
1681 1972 1790 2006 postu-

1022 2009 1162 2040 lantibus
1176 2009 1334 2049 depictam
1347 2011 1530 2048 cupressum
1551 2008 1719 2041 obtrudere
1740 2018 1791 2040 so-

1022 2052 1116 2089 lebat,
1146 2053 1191 2083 ita
1219 2059 1321 2092 poetae
1349 2051 1407 2089 issi,
1437 2063 1513 2084 cum
1538 2053 1596 2084 toti
1620 2052 1717 2084 alicui
1744 2053 1791 2084 rei

1016 2096 1105 2137 justo
1130 2098 1270 2126 carmine
1297 2095 1492 2127 celebrandae
1519 2095 1655 2136 impares
1674 2103 1788 2133 essent,

1021 2138 1060 2170 ad
1076 2149 1182 2170 rerum
1196 2138 1395 2181 singularum
1411 2142 1464 2182 (ut
1478 2139 1594 2175 Rheni.
1609 2139 1678 2176 rivi,
1699 2149 1790 2171 arcus

1022 2182 1136 2223 pluvii)
1153 2182 1376 2222 descriptiones
1389 2182 1454 2213 sive
1474 2182 1516 2214 ad
1536 2182 1622 2214 locos
1645 2192 1789 2213 commu-

1022 2236 1088 2263 nes,
1110 2226 1228 2267 quibus
1248 2225 1418 2257 tractandis
1439 2236 1472 2257 se
1497 2232 1603 2266 poetas
1622 2226 1788 2268 jactarent,

1021 2269 1239 2301 decurrebant.
1273 2269 1387 2310 ltaque
1400 2279 1456 2309 per
1470 2271 1563 2300 verba
1575 2282 1584 2300 ι
1608 2275 1639 2302 ει
1649 2269 1789 2312 fortasse

1021 2324 1202 2354 cupressum
1231 2314 1296 2345 Scis
1324 2314 1473 2344 simulam
1503 2312 1659 2344 Horatius
1686 2313 1791 2352 expri-

1023 2367 1111 2388 mere
1124 2356 1243 2388 voluit:
1266 2362 1299 2387 at
1313 2361 1347 2386 tu
1369 2355 1498 2387 fortasse
1519 2365 1625 2387 rerum
1647 2356 1789 2398 singula-

1021 2410 1096 2431 rum
1119 2398 1403 2436 describendarum,
1427 2399 1509 2430 sicut
1534 2399 1636 2439 pictor
1655 2399 1710 2430 ille
1731 2410 1786 2430 ex-

1021 2443 1196 2483 primendae
1235 2442 1382 2483 cupressi,
1418 2442 1505 2473 haud
1539 2441 1705 2483 imperitus
1740 2453 1784 2474 es.

1022 2489 1154 2529 —quid
1168 2489 1223 2519 hoc
1237 2492 1323 2524 cett„
1338 2485 1415 2527 quid
1437 2488 1493 2517 hoc
1518 2487 1576 2527 (sc.
1605 2496 1790 2527 cupressum

1022 2532 1152 2572 pingere
1181 2530 1286 2570 posse)
1315 2528 1506 2571 naufragum
1528 2529 1641 2570 juvare
1675 2536 1787 2570 potest,

1023 2573 1079 2615 qui
1093 2584 1150 2614 pro
1164 2573 1308 2605 mercede
1320 2579 1434 2603 sortem
1457 2572 1603 2614 naufragi
1624 2573 1659 2603 in
1680 2573 1790 2605 tabula

1023 2618 1242 2648 adumbratam
1257 2627 1277 2647 a
1290 2615 1407 2656 pictore
1420 2616 1560 2656 accipere
1574 2617 1672 2657 cupit.
1721 2617 1789 2648 Sci-

1024 2661 1099 2692 licet
1111 2659 1284 2701 uaufragus
1296 2659 1436 2701 quidam,
1459 2666 1497 2690 ut
1518 2659 1613 2691 refert
1630 2661 1788 2693 Han-imas

1025 2706 1201 2745 Stephanus
1215 2713 1255 2734 ex
1268 2709 1371 2734 vetere
1388 2702 1568 2740 Scholiaste,
1587 2703 1703 2735 dicitur
1721 2703 1787 2743 pic-

1024 2754 1123 2778 torem
1137 2747 1259 2784 adiisse,
1275 2755 1411 2786 eumque
1425 2756 1560 2788 rogasse,
1572 2754 1609 2778 ut
1619 2746 1787 2789 naufragii,

1024 2791 1110 2832 quod
1124 2801 1232 2830 passus
1246 2790 1296 2827 sit,
1312 2796 1426 2820 sortem
1449 2790 1484 2821 in
1507 2791 1613 2822 tabula
1638 2790 1790 2832 depinge-

1024 2840 1089 2872 ret;
1111 2834 1164 2866 cui
1178 2833 1251 2864 ille:
1279 2838 1300 2853 ‘⁴
1312 2833 1410 2864 Visne
1433 2843 1484 2864 me
1504 2844 1686 2874 cupressum
1706 2843 1788 2875 quo-

1024 2888 1086 2919 que
1098 2877 1267 2918 appingere
1277 2877 1292 2907 ζ)
1318 2877 1365 2910 Μή
1381 2891 1409 2909 τι
1421 2878 1473 2908 καὶ
1485 2879 1659 2920 κυπάρισσοι
1666 2878 1762 2912 Sinus
1777 2893 1786 2914 ς

1024 2940 1068 2947 -
1081 2921 1149 2958 Qui
1168 2921 1317 2951 omnibus
1339 2920 1429 2952 bonis
1450 2921 1538 2952 exuti
1560 2921 1686 2953 fuerant
1708 2931 1788 2952 nau-

1023 2963 1135 3007 fragio,
1151 2970 1309 3004 portantes
1329 2964 1479 3002 tabulam,
1501 2965 1536 2997 in
1561 2975 1631 3007 qua.
1644 2973 1787 3005 express
