1904 3250
203 125 277 164 178

826 127 1131 171 HORATII

1561 132 1670 180 [Lm.
1693 142 1762 171 111.

311 250 380 294 Tu
403 267 521 308 spem
543 253 710 295 reducis
731 252 941 295 mentibus
961 235 1099 295 'anxiis

310 320 521 379 Viresque
538 339 548 363 :
580 331 621 364 et
642 322 762 364 addis
783 337 943 364 cornua
961 323 1151 379 pauperi,

430 394 534 437 Post
554 403 595 437 te
616 410 752 452 neque
772 395 901 436 iratos
922 396 1116 437 trementi

222 466 278 504 20

545 464 711 522 Regum
733 465 886 520 apices,
909 480 1046 522 neque
1066 464 1246 508 militum
1266 481 1393 508 arma.

309 533 375 575 Te
398 533 542 584 Liber,
567 542 621 584 et,
645 534 679 575 si
699 533 798 576 laeta
819 534 966 586 aderit,
990 534 1148 587 Venus,

310 606 552 664 Segnesque
572 605 735 647 nodum
755 605 918 649 solvere
941 606 1117 658 Gratiae,

425 678 628 735 Vivaeque
649 679 887 735 producent
906 679 1104 731 lucernae,

541 746 661 790 Dum
681 749 848 791 rediens
869 748 990 808 fugat
1010 757 1123 792 astra
1147 749 1349 793 Phoebus.

743 967 1012 1010 CARMEN
1046 967 1204 1010 XXII.

816 1120 885 1150 AD
911 1119 1126 1151 DIANAM.

306 1231 545 1275 Mommm
565 1241 705 1275 custos
726 1249 1045 1291 nemorumque,
1063 1224 1218 1291 Virgo,

304 1305 416 1356 Quae
435 1305 674 1348 laborantes
694 1294 815 1348 utero
837 1307 999 1363 puellas
1022 1310 1025 1313 ’

304 1375 393 1418 Ter
413 1384 560 1419 vocata
580 1377 712 1429 audis,
734 1377 968 1435 adimisque
988 1378 1087 1428 leto,

714 1447 827 1490 Diva
847 1447 1047 1490 triformis
1065 1464 1074 1488 :

186 1591 219 1615 et
249 1584 293 1616 sic
321 1585 407 1626 apud
439 1585 495 1617 Sil.
525 1586 598 1618 Ital.
635 1585 703 1618 XI.
732 1585 808 1618 287.
835 1587 954 1618 Bacchi

188 1637 321 1660 munera
350 1632 465 1662 duram
490 1636 628 1662 mentem
656 1632 762 1662 latare
789 1630 950 1662 dicuntur.

190 1673 342 1703 Ceterum
359 1681 542 1713 comparant
557 1684 683 1715 quoque
701 1674 885 1715 Bacchylid.
906 1674 953 1705 X.

126 1744 128 1746 ,
192 1715 223 1747 1.
243 1716 343 1747 Anth.
366 1717 423 1747 Gr.
445 1717 484 1748 T.
503 1718 531 1748 1.
544 1728 574 1758 p.
594 1716 648 1749 84.
698 1719 815 1749 ram?
830 1719 955 1759 ἀνάγ..

189 1760 327 1800 'snepha
345 1761 474 1791 κυλίκων
498 1763 638 1796 Θάλπησι
664 1762 768 1803 θνμόν.
843 1768 879 1793 tu
903 1772 953 1792 sa·-

183 1805 287 1844 pient.
307 1815 375 1835 cur.
393 1810 424 1835 et
437 1816 502 1836 arc.
515 1805 615 1845 jocos.
632 1816 715 1837 cons.
733 1811 825 1846 reteg.
845 1807 952 1846 Lyceo,

186 1846 345 1887 explicant
359 1847 399 1878 de
414 1848 615 1888 philosophis,
639 1859 718 1890 quos
733 1849 842 1879 vinum
857 1848 953 1879 diser-

187 1897 238 1922 tos
247 1890 351 1929 faciat,
368 1897 400 1921 et
410 1903 502 1923 curas
513 1891 554 1923 de
564 1902 675 1923 eorum
685 1891 951 1930 meditationibus,

189 1935 354 1966 consilium
371 1944 443 1965 vero
458 1935 498 1966 de
513 1945 623 1966 eorum
640 1936 761 1976 placitis
775 1943 807 1966 et
822 1935 954 1967 decretis

187 1977 441 2017 interpretantur.
481 1978 542 2010 Sed
552 1987 587 2010 ut
598 1979 843 2019 praetermittam,
860 1989 954 2010 usum

188 2020 339 2062 loquendi
365 2032 540 2062 repugnare
562 2023 656 2063 plane
681 2022 756 2054 huic
777 2022 954 2062 explicandi

187 2063 310 2102 rationi,
338 2066 408 2105 quis
429 2076 571 2107 unquam
593 2066 719 2097 tandem
742 2066 952 2106 philosophos

188 2115 227 2139 ut
240 2108 438 2148 patefaciant,
454 2119 526 2150 quae
535 2110 739 2141 commentati
754 2110 828 2152 sint,
844 2120 954 2151 quaeve

189 2157 340 2190 statuant,
357 2153 420 2182 vini
435 2152 564 2183 demum
580 2155 695 2184 haustu
711 2154 831 2194 impelii
848 2154 952 2184 dixit?

191 2195 266 2227 Imo
280 2205 336 2235 per
349 2197 501 2236 sapientes
523 2203 614 2236 poeta
627 2197 706 2227 mibi
728 2196 893 2239 designare
907 2198 953 2227 vi-

189 2239 283 2270 detur
296 2249 359 2275 em,
376 2240 431 2280 qui
446 2239 531 2277 alias,
556 2241 670 2280 quibus
685 2242 767 2271 curis
782 2242 951 2282 agitantur,

188 2292 299 2324 quaeve
312 2292 420 2313 secum
446 2283 584 2321 volvunt,
612 2285 782 2324 prudenter
807 2291 839 2315 et
861 2291 952 2315 caute

188 2325 298 2358 animo
311 2332 460 2366 premunt
474 2334 505 2357 et
527 2334 649 2368 tegunt,
678 2328 759 2359 inter
784 2328 856 2358 vina
878 2338 952 2358 vero

190 2369 335 2400 animum
349 2370 503 2409 aperiunt,
517 2377 548 2401 et
563 2373 615 2413 (ut
629 2371 744 2402 Noster
752 2371 825 2402 infr.
846 2371 947 2411 Epist.

998 1599 1065 1619 nua
1081 1596 1138 1627 pro
1151 1588 1269 1623 robore,
1283 1586 1318 1618 in
1329 1597 1393 1629 quo
1403 1586 1475 1629 quis
1485 1586 1633 1619 fiduciam
1645 1588 1759 1628 ponit;

998 1631 1071 1661 hinc
1097 1642 1216 1663 cornua
1241 1642 1364 1663 sumere
1388 1631 1574 1672 proverbiali
1601 1631 1760 1663 locutione

999 1674 1160 1712 dicuntur,
1185 1674 1241 1715 qui
1256 1674 1353 1705 nimia
1367 1675 1401 1705 in
1416 1674 1533 1706 viribus
1557 1675 1622 1706 suis
1643 1674 1759 1707 fiducia

998 1718 1099 1758 posita
1115 1717 1282 1749 ferociores
1303 1717 1394 1749 fiunt.
1442 1718 1596 1750 Nostrum
1618 1717 1760 1750 imitatus

990 1768 1045 1792 est
1062 1761 1156 1793 Ovid.
1177 1763 1249 1792 Art.
1269 1761 1345 1792 Am.
1366 1762 1394 1792 1.
1413 1760 1488 1792 238.
1500 1768 1532 1792 et
1548 1762 1660 1792 Amor.
1682 1762 1756 1794 111.

1000 1803 1050 1835 ll.
1076 1804 1130 1835 5.v
1173 1804 1228 1836 Ad
1255 1804 1442 1836 sententiam
1480 1804 1555 1836 facit
1591 1803 1760 1836 Macedon.

1000 1849 1104 1879 XXI.
1128 1847 1156 1884 l.
1172 1847 1203 1878 2.
1221 1849 1256 1878 in
1284 1848 1418 1880 Anthol.
1441 1848 1546 1880 Grac.
1579 1848 1619 1880 Τ.
1638 1847 1702 1880 lv,
1725 1858 1758 1888 p.

997 1891 1051 1923 86.
1088 1893 1207 1933 Ἀνίρις,
1244 1891 1295 1923 οἷσι
1331 1891 1460 1932 pisanas·
1495 1893 1639 1932 ὶτῆμοκς
1673 1890 1759 1935 ἔργει

999 1937 1132 1977 Βάκχου,
1155 1935 1290 1967 'EM-iea-
1303 1934 1437 1979 s‘uugfflun
1457 1935 1570 1979 ῥίψας-ι
1585 1936 1637 1969 τὴν
1651 1936 1754 1969 mulm-

997 1997 1042 2005 —
1053 1981 1126 2011 Post
1142 1985 1180 2016 te,
1196 1988 1327 2010 munere
1340 1986 1398 2009 tuo
1411 1984 1568 2010 recreatus
1581 1990 1592 2017 ;
1616 1978 1759 2010 similiter

998 2033 1082 2063 supr.
1099 2023 1127 2054 Ι.
1150 2021 1200 2053 18.
1219 2021 1250 2053 5.
1264 2028 1335 2063 port
1359 2023 1442 2054 vina.
1530 2025 1627 2054 statos
1645 2033 1757 2064 regum

998 2069 1108 2107 apices,
1138 2067 1289 2097 iratorum
1317 2075 1430 2108 regum
1457 2065 1653 2106 potentiam-ff
1670 2076 1757 2107 apa,

997 2110 1052 2151 qui
1066 2111 1143 2141 alias
1164 2116 1211 2141 est
1232 2109 1356 2151 insigne
1378 2108 1585 2146 sacerdotum,
1602 2109 1677 2150 'jam
1698 2117 1756 2150 pm

997 2153 1174 2185 diademate
1190 2153 1239 2184 vel
1253 2151 1369 2194 insigni
1391 2152 1486 2195 regie
1500 2152 1663 2194 dignitatis
1675 2161 1756 2192 pon·

997 2197 1081 2236 itur;
1106 2199 1140 2228 τί
1155 2199 1259 2235 iratos,
1282 2195 1367 2238 quod
1388 2195 1429 2227 ad
1449 2206 1559 2235 regum
1573 2194 1682 2226 referri
1698 2194 1754 2226 de·

996 2242 1059 2277 bet,
1089 2240 1288 2282 exquisitiore
1318 2241 1439 2270 ratione
1467 2239 1508 2270 ad
1535 2240 1637 2279 apices
1652 2245 1759 2278 >poeta

997 2284 1125 2323 retulit3
1160 2290 1197 2314 ut
1222 2283 1316 2315 Ovid.
1347 2284 1458 2313 Amor.
1490 2281 1561 2313 111.
1589 2281 1620 2312 6.
1649 2280 1757 2313 36.-

999 2331 1125 2360 Cornua
1141 2329 1168 2358 si
1181 2333 1238 2358 tua
1260 2337 1349 2358 nunc
1365 2327 1416 2358 ubi
1430 2331 1513 2362 sunt,
1539 2327 1680 2361 Acheloe,
1705 2337 1757 2358 re-

996 2374 1114 2413 quiras,
1149 2371 1300 2402 Herculis
1320 2371 1403 2401 irata
1427 2371 1500 2412 (pro
1520 2369 1642 2411 vulgari
1663 2370 1756 2411 irati)

191 2413 222 2444 1.
239 2411 272 2444 5.
293 2411 343 2445 16.
363 2413 403 2444 de
426 2414 519 2444 ebriis
543 2414 697 2455 loquitur)
723 2421 828 2456 operta
851 2417 950 2447 reclu-
983 2416 1094 2458 fracta
1109 2425 1235 2454 querere
1248 2425 1357 2445 manu.

189 2459 279 2489 dune.
359 2457 475 2498 jocoso,
498 2456 662 2496 efficiente,
689 2465 724 2489 ut
745 2460 817 2499 quis
825 2459 953 2500 jocosus

191 2507 223 2531 et
244 2499 351 2532 hilaris
370 2501 436 2532 fiat.
534 2503 585 2532 Tu
611 2512 694 2541 spem
717 2504 824 2533 reduc.
853 2509 948 2534 ment.

191 2556 264 2576 απτ.
282 2544 356 2575 hinc
369 2544 442 2575 infr.
463 2543 524 2574 IV.
546 2542 597 2576 12.
618 2543 668 2574 19.
686 2545 795 2575 vinum
809 2556 875 2586 spes
896 2557 951 2577 no-

191 2599 244 2619 va:
259 2590 383 2624 donare,
402 2594 445 2620 et
471 2587 575 2628 Epist.
604 2588 631 2618 I.
655 2587 704 2618 15.
726 2587 776 2619 19.
804 2600 877 2620 cum
905 2599 956 2629 spe

190 2633 280 2663 divite
316 2634 351 2664 in
372 2643 479 2664 'venas
513 2633 718 2673 animumque
746 2644 798 2664 ma
806 2643 894 2668 nare,
925 2639 957 2663 et

194 2675 298 2715 Epist.
319 2675 350 2706 I·
365 2674 396 2706 5.
419 2674 469 2707 17.
515 2686 581 2716 spes
595 2681 683 2706 ratas
704 2687 766 2707 esse
778 2676 891 2716 jubere
905 2674 955 2705 di-

191 2720 283 2750 citur.
349 2719 398 2751 Cl.
431 2721 554 2752 ΜίικΙι.
596 2719 631 2748 in
671 2719 767 2749 Anal.
809 2729 839 2759 p.
881 2717 954 2749 708.

193 2768 354 2802 comparat
370 2762 498 2794 Pindari
524 2762 649 2804 Fragm.
675 2761 845 2803 quoddam,
868 2762 954 2803 quod

193 2806 227 2836 in
247 2806 406 2847 Excerpto
423 2807 462 2838 L.
483 2805 550 2838 XI.
571 2806 718 2837 Athenaei
733 2805 816 2845 apud
835 2805 953 2836 Casuu-

193 2850 266 2879 bon.
287 2850 475 2882 Animadvv.
495 2849 562 2881 XI.
580 2859 606 2881 c.
621 2847 653 2880 4.
670 2859 701 2889 p.
720 2848 794 2880 782.
823 2849 949 2888 legitur.

194 2909 237 2916 —
251 2894 396 2933 vimque,
412 2894 454 2925 cf.
473 2894 609 2926 Homer.
630 2893 722 2925 Iliad.
743 2892 807 2924 vt.
828 2890 906 2923 261.
920 2899 952 2923 et

197 2934 263 2965 lx.
281 2935 354 2967 702.
445 2939 532 2970 addis
542 2948 658 2971 cornua
664 2939 799 2979 pauperi
819 2954 863 2963 —
884 2947 952 2968 cor-

1040 2468 1068 2488 v.
1087 2455 1227 2487 ‘el-24.
1258 2458 1300 2489 Te
1314 2475 1357 2482 —
1373 2458 1560 2498 producent,
1583 2455 1680 2497 paulo
1700 2466 1758 2488 au-

996 2501 1105 2532 dacius
1119 2511 1175 2540 pro
1187 2513 1195 2531 ε
1221 2500 1409 2537 convivium,
1436 2499 1521 2541 quod
1547 2508 1604 2531 tuo
1624 2508 1756 2531 munere

997 2544 1210 2578 celebrabitur.
1228 2543 1261 2573 in
1275 2544 1408 2574 multam
1425 2543 1753 2583 noctem-protrahent.

999 2607 1043 2614 --
1054 2589 1158 2624 Liber,
1165 2593 1315 2627 tanquam
1327 2589 1444 2619 laeeieiae
1452 2589 1549 2623 dator,
1562 2593 1600 2617 ut
1613 2586 1758 2618 Bacchus

1000 2638 1128 2663 vocatur
1141 2630 1226 2670 apud
1251 2630 1342 2672 Virg.
1373 2631 1449 2662 AEn.
1480 2629 1509 2661 1.
1524 2628 1598 2661 734.
1672 2631 1755 2667 ἰείη,

998 2674 1141 2716 propitia.
1192 2674 1317 2710 Granico,
1334 2681 1483 2716 tanquam
1498 2671 1619 2705 decoris
1632 2679 1666 2704 et
1677 2673 1756 2704 hon-

998 2719 1102 2750 estatis
1116 2717 1150 2748 in
1165 2716 1314 2748 conviviis
1326 2719 1485 2759 magistrae
1497 2724 1529 2748 et
1543 2715 1696 2747 custodes.
1711 2733 1756 2742 —

998 2773 1102 2803 segnes
1111 2764 1228 2793 nodum
1236 2763 1359 2799 solvere,
1373 2762 1483 2792 Graece
1493 2769 1550 2799 pro
1560 2772 1568 2791 z
1582 2760 1623 2791 ad
1634 2759 1755 2791 nodum

996 2804 1202 2842 solvendum;
1226 2804 1262 2835 h.
1275 2814 1302 2835 e.
1321 2815 1392 2845 quae
1406 2814 1471 2835 non
1493 2803 1595 2842 facile,
1621 2814 1685 2845 quo
1706 2803 1756 2834 in-

997 2849 1095 2880 vicem
1107 2847 1188 2879 iuter
1196 2858 1230 2878 se
1240 2857 1329 2878 nexae
1339 2854 1423 2885 sunt,
1436 2847 1562 2879 solvunt
1569 2847 1733 2879 vinculum
1743 2859 1755 2884 ς

996 2893 1071 2924 hinc
1079 2890 1200 2933 junctis
1213 2891 1360 2922 manibus
1373 2891 1456 2922 inter
1476 2901 1510 2922 se
1531 2900 1620 2922 nexae
1644 2899 1754 2931 appar-

995 2942 1049 2967 ent
1087 2934 1221 2978 Qratiae-
1236 2934 1269 2966 in
1301 2941 1375 2966 vett.
1407 2934 1630 2973 monumentis.
1667 2935 1755 2971 m‘vae,
