1904 3250
220 115 304 152 560

853 117 1164 160 HORATII

219 242 303 281 205
337 239 540 283 Nondum
561 242 695 298 spissa
714 243 838 283 nimis
858 242 1072 298 complere
1092 244 1239 287 sedilia
1256 246 1358 289 flatu
1374 263 1386 298 3

337 310 438 360 Quo
459 327 558 353 sane
578 311 762 367 populus
782 312 1068 364 numerabilis,
1090 322 1236 369 utpote
1255 330 1410 372 parvus

338 383 395 425 Et
414 384 538 441 frugi,
562 391 784 440 castusque
805 384 1165 442 verecundusque,
1186 387 1337 430 coibat.

336 456 567 512 Postquam
588 456 717 512 coepit
736 471 862 514 agros
882 457 1111 499 extendere
1132 458 1342 510 victor,‘et
1360 461 1509 503 urbem

335 526 482 567 Latior
502 525 700 582 amplecti
720 542 880 578 murus,
902 528 1084 585 vinoque
1105 527 1260 570 diurno

218 599 303 637 210

336 595 502 637 Placari
525 595 688 637 Genius
708 595 824 637 festis
844 596 1017 652 impune
1038 597 1203 649 diebus,

335 666 527 707 Accessit
546 667 817 724 numerisque
836 667 1057 724 modisque
1077 667 1246 710 licentia
1264 670 1410 726 major.

334 736 536 778 Indoctus
558 736 661 793 quid
682 737 795 778 enim
816 745 982 794 saperet
1001 737 1191 794 liberque
1210 737 1408 780 laborum

337 809 536 850 Rusticus
557 809 721 851 urbano
743 809 954 860 confusus,
976 810 1112 865 turpis
1133 809 1312 851 honesto
1331 809 1341 853 !

335 880 405 922 Sic
424 880 576 936 priscae
596 888 843 937 motumque
863 888 905 922 et
925 880 1136 922 luxuriem
1156 879 1320 922 addidit
1339 881 1422 922 arti

216 954 300 993 215

334 950 527 1001 Tibicen,
550 951 762 1007 traxitque
781 965 914 1009 vagus
934 965 1012 1006 per
1031 949 1196 1006 pulpita
1216 958 1389 992 vestem.

335 1024 405 1066 Sic
426 1024 552 1065 etiam
571 1023 728 1065 fidibus
749 1039 873 1065 voces
895 1039 1066 1065 crevere
1087 1023 1256 1074 severis,

335 1096 393 1139 Et
412 1097 509 1139 tulit
529 1097 744 1155 eloquium
764 1097 980 1139 insolitum
1001 1097 1199 1139 facundia
1217 1112 1423 1154 praeceps,

335 1170 600 1228 Utiliumque
622 1187 753 1229 sagax
774 1186 930 1222 rerum,
953 1178 996 1212 et
1016 1171 1160 1212 divina
1180 1170 1326 1222 futuri,

213 1312 384 1352 conspicua
397 1317 473 1343 erat.
523 1313 605 1344 Pro:
630 1315 734 1346 vincta
757 1313 872 1352 recepit
896 1315 983 1345 Ben-

214 1359 305 1388 tleius
323 1357 442 1396 juncta
454 1373 466 1394 ;
501 1357 558 1388 sed
579 1358 647 1388 haec
677 1358 770 1388 lectio
798 1357 884 1387 illius
905 1357 983 1386 mihi

213 1401 338 1431 videtur
351 1410 417 1430 esse
439 1401 660 1441 interpretatio.
751 1403 895 1442 tuboeque
919 1402 980 1430 AE-

213 1446 311 1481 vitula,
327 1443 406 1474 dum
420 1444 497 1475 tibia
510 1455 600 1485 aeque
614 1455 651 1475 ac
665 1446 741 1475 tuba
755 1445 839 1475 sonis
860 1444 981 1474 acutio-

213 1489 300 1519 ribus
314 1494 346 1518 et
359 1488 554 1528 gravioribus
569 1498 660 1519 aures
675 1489 877 1528 percutiebat.

255 1542 284 1561 v.
310 1529 385 1567 204«,
409 1530 484 1562 205.
515 1534 694 1572 Adspirare,
719 1532 878 1573 eleganter
898 1541 976 1570 pro:

211 1575 363 1612 accinere,
379 1576 454 1614 quia
467 1575 542 1606 tibia
555 1578 666 1616 spirita
686 1575 822 1606 inflatur.
914 1581 980 1605 erat

211 1620 307 1655 utilis,
323 1619 483 1659 eleganter
497 1629 574 1659 pro:
599 1619 728 1656 solebat,
745 1619 895 1660 adjuncta
916 1620 980 1649 uti-

209 1663 304 1693 litatis
339 1662 478 1693 notione.
582 1670 676 1703 atque
713 1665 870 1695 Nondum
905 1668 979 1692 cett.

205 1706 329 1746 junge:
355 1712 449 1746 atque
471 1707 577 1738 sedilia
600 1709 743 1738 nondum
766 1707 862 1738 nimis
887 1707 982 1745 spissa

210 1751 360 1790 complere
384 1751 487 1792 flatu.
599 1752 697 1790 spissa
732 1751 849 1786 sedilia,
887 1758 982 1787 supra

213 1792 318 1832 Epist.
350 1792 377 1823 Ι.
408 1792 457 1824 19.
487 1792 540 1824 41.
567 1795 674 1834 Spissis
697 1795 828 1833 indigna
854 1794 982 1823 theatris

211 1838 331 1877 Scripta
355 1839 456 1876 pudet
480 1839 618 1868 recitare.
660 1837 764 1877 Epist.
792 1836 841 1866 11.
873 1834 900 1866 1.
925 1834 978 1866 60.

210 1886 295 1911 arcto
309 1881 420 1918 stipata
436 1882 552 1912 theatro
567 1883 688 1921 Spectat
705 1883 808 1912 Roma
818 1885 938 1920 potens.

252 1934 281 1953 v.
307 1922 382 1959 206,
414 1923 489 1954 207.
531 1926 597 1959 Quo
636 1924 685 1966 (in
721 1923 832 1954 sedilia
868 1933 982 1962 nempe

210 1966 338 2007 theatri)
369 1969 466 1999 coibat
497 1970 631 2008 populus
669 1979 744 1999 sane
779 1969 982 1999 numerabitis

212 2011 417 2052 (numerabili
446 2011 556 2051 utique
574 2010 692 2051 copia),
722 2017 826 2051 utpote
852 2021 979 2050 parvus,

209 2054 285 2094 quia
310 2064 425 2093 parvus
445 2060 522 2091 erat,
547 2065 613 2085 non
638 2055 729 2094 copia
745 2054 979 2091 innumerabili,

209 2104 247 2127 ut
260 2107 346 2128 nunc
358 2109 368 2134 ;
393 2098 482 2139 isque
497 2098 622 2141 (frugi)
639 2097 824 2136 industrius,
847 2097 982 2137 pudicus

209 2146 242 2171 et
256 2140 426 2172 modestus.

253 2195 282 2214 v.
309 2184 384 2215 209.
414 2187 536 2221 Latior,
553 2185 647 2216 latius
667 2191 790 2225 patens,
813 2184 980 2221 extensior,

209 2227 352 2268 amplior.
443 2231 574 2270 vinoque
602 2231 725 2265 diurno,
764 2235 796 2259 et
832 2228 982 2259 conviviis

210 2271 259 2302 vel
274 2272 559 2311 compotationibus
573 2275 610 2304 de
625 2275 682 2310 die,
698 2274 730 2303 h.
753 2283 781 2304 e.
807 2278 880 2303 ante
901 2278 981 2302 tem-

211 2326 272 2355 pus
301 2315 440 2354 solitum,
471 2316 522 2347 vel
545 2317 634 2357 justo
663 2316 878 2356 tempestivius
902 2315 981 2345 inci-

209 2359 386 2399 pientibus3
410 2360 454 2390 sic
473 2360 575 2390 Graeci
593 2361 642 2401 ἀφ’
659 2361 765 2402 ἡμέρας
782 2359 886 2393 when:
911 2359 976 2389 vid.

210 2404 353 2434 Amiciss.
372 2405 492 2435 Jacobs.
511 2403 551 2433 ad
569 2403 700 2433 Anthol.
724 2404 781 2434 Gr.
802 2403 840 2434 T.
868 2402 975 2433 VIII.

208 2457 240 2486 p.
258 2444 330 2476 144.
347 2452 379 2476 et
393 2447 468 2476 hinc
489 2446 644 2487 ejusmodi
665 2447 809 2477 convivia
829 2446 979 2476 dicuntur

210 2491 411 2530 tempestiva,·
435 2489 498 2520 vid.
521 2492 648 2522 Ernest.
675 2490 711 2520 in
737 2490 826 2521 Clav.
859 2490 926 2521 Cic.
950 2500 976 2520 S.

208 2544 238 2564 v.
257 2535 295 2564 de
310 2540 342 2562 et
357 2536 560 2574 tempestivus.

252 2587 280 2605 v.
309 2575 383 2607 210.
412 2579 540 2608 Placan·
566 2578 693 2612 Genius,
719 2577 764 2608 sic
789 2587 884 2616 supra
911 2576 974 2609 Od-

211 2620 284 2652 ΙΙΙ.
306 2619 357 2651 17.
387 2619 437 2650 15.
489 2622 625 2653 Genium
650 2632 733 2652 mero
760 2632 894 2658 curare,·
922 2620 978 2663 qui

208 2665 358 2695 hilaritati
372 2671 404 2695 et
425 2664 497 2695 vitae
512 2664 705 2705 jucunditati
726 2664 904 2705 indulgent,
929 2666 977 2695 di-

208 2715 326 2739 cuntur
351 2710 476 2748 placare
501 2708 551 2738 vel
576 2719 687 2739 curare
720 2709 868 2744 Genium,
898 2708 978 2739 dum

208 2759 299 2793 grato
315 2751 422 2783 animo
436 2751 589 2782 fruuntur
602 2751 795 2787 muneribus,
818 2761 890 2792 quae
914 2753 976 2783 Ge-

208 2798 294 2833 nius,
324 2795 441 2836 cuique
469 2794 591 2826 homini
620 2794 755 2832 additus,
785 2794 974 2844 suppeditat.

208 2839 299 2870 Hinc
332 2841 430 2871 Genio
453 2850 508 2870 suo
532 2841 705 2890 indulgere,
729 2848 806 2878 pro:
873 2849 977 2879 ,quae

207 2881 375 2920 delectant,
412 2882 589 2924 indulgere.
693 2883 832 2922 impune,
834 2848 976 2920 ulibere,

206 2925 296 2957 nulla
312 2926 383 2969 lege
396 2926 471 2959 huic
487 2925 612 2960 vivendi
633 2924 713 2958 mori
732 2926 899 2966 obstante5
923 2936 975 2958 su-

1025 1322 1082 1352 pra
1098 1312 1201 1353 Epist.
1223 1313 1252 1344 1.
1280 1311 1312 1343 5.
1344 1311 1395 1344 10.
1419 1314 1549 1354 impune
1569 1315 1671 1347 licebit.
1691 1316 1794 1348 AEm'-

1026 1361 1097 1387 vcim
1110 1367 1248 1387 sermone
1262 1358 1391 1397 benigno
1406 1359 1532 1389 tendere
1544 1364 1675 1390 noctem.

1067 1410 1097 1430 v.
1123 1399 1197 1437 212,
1213 1399 1289 1431 213.
1325 1402 1478 1432 Indoctus
1499 1403 1576 1442 quid
1596 1404 1681 1434 enim
1703 1409 1790 1440 cett..

1023 1443 1184 1484 quomodo
1212 1445 1297 1475 enim
1326 1443 1459 1474 confusa
1485 1445 1651 1476 hominum
1687 1448 1791 1484 turba,

1024 1486 1078 1518 ubi
1094 1487 1231 1517 rusticus
1247 1488 1431 1529 (indoctus),
1445 1488 1542 1518 homo
1555 1488 1652 1526 rudis,
1669 1496 1702 1520 et
1720 1497 1792 1530 post

1024 1537 1164 1569 peractos
1185 1530 1306 1561 labores
1328 1531 1423 1571 genio
1443 1541 1502 1561 suo
1528 1531 1709 1573 indulgens,
1736 1543 1791 1564 ur-

1023 1575 1116 1610 bano,
1147 1577 1262 1615 (turpis
1286 1573 1434 1614 honesto,)
1457 1584 1557 1614 purus
1580 1574 1717 1615 impuro,
1741 1576 1792 1607 vel

1023 1617 1164 1647 incultus
1197 1617 1336 1654 exculto,
1364 1617 1610 1656 immiscebatur,
1637 1626 1721 1650 recte
1751 1619 1794 1650 de

1024 1661 1083 1691 hac
1096 1671 1130 1691 re
1145 1661 1259 1692 sentire
1273 1668 1306 1692 et
1318 1660 1473 1692 subtiliter
1483 1661 1625 1701 judicare
1646 1664 1790 1702 poteras>

1066 1714 1095 1734 v.
1121 1703 1196 1740 214,
1212 1703 1288 1735 215.
1313 1706 1374 1741 Sic,
1389 1704 1464 1735 hinc
1478 1705 1598 1735 factum
1613 1711 1670 1742 at,
1694 1713 1731 1738 ut
1752 1707 1795 1737 ti-

1024 1748 1115 1778 bicen
1132 1749 1190 1787 (cf.
1207 1758 1302 1788 supra
1317 1747 1420 1787 Epist.
1440 1746 1541 1779 11.l.
1566 1747 1639 1788 98.)
1665 1751 1793 1792 (prucae

1024 1791 1100 1831 arti)
1123 1791 1264 1831 pristinae
1286 1790 1489 1831 simplicitati,
1514 1791 1571 1822 ubi
1591 1792 1669 1823 tibin
1688 1793 1794 1826 tenuis

1025 1835 1223 1876 simplexque
1237 1834 1391 1866 foramine
1401 1844 1502 1874 pauco
1511 1834 1588 1876 adep
1589 1834 1688 1867 itabat
1696 1836 1795 1868 choro

1027 1879 1136 1920 (supra
1150 1889 1178 1909 v.
1197 1876 1304 1917 203),
1326 1877 1461 1910 adderet
1475 1879 1624 1920 (motum)
1650 1879 1795 1911 mimicos

1025 1929 1174 1963 gestuum
1189 1929 1296 1953 motus
1317 1927 1350 1953 et
1369 1921 1565 1953 luxuriosam
1586 1922 1795 1964 magnificen-

1026 1965 1112 2001 tiam,
1141 1972 1173 1996 et
1194 1975 1250 2006 per
1273 1964 1395 2005 pulpita
1423 1965 1552 2008 (vagus)
1576 1966 1639 1997 huc
1659 1965 1739 1997 illuc
1758 1977 1795 1998 se

1025 2019 1212 2048 promovens
1232 2015 1316 2040 veste
1337 2009 1436 2050 longa
1464 2009 1630 2050 (syrmate)
1655 2010 1794 2041 humum

1025 2058 1168 2083 verreret.
1257 2058 1371 2090 motus,
1398 2052 1439 2083 de
1460 2052 1599 2092 eorporis
1621 2053 1794 2094 jactatione

1025 2096 1163 2134 mimica,
1179 2096 1230 2127 vel
1243 2096 1284 2127 de
1297 2095 1484 2134 saltatioue;
1506 2106 1602 2136 supra
1619 2096 1688 2128 nd.
1715 2096 1790 2128 111.

1024 2139 1056 2170 6.
1075 2139 1128 2170 21.
1177 2142 1286 2172 Motus
1307 2141 1408 2171 doceri
1428 2141 1547 2180 gaudet
1571 2141 1694 2172 Ionicos
1717 2141 1794 2172 Μο-

1025 2190 1099 2215 tura
1125 2185 1208 2224 virgo
1220 2200 1232 2221 ;
1256 2184 1301 2214 sic
1329 2189 1431 2215 motus
1452 2185 1536 2220 aare,
1563 2193 1641 2222 pro:
1667 2182 1791 2220 salure,

1026 2227 1141 2268 virgil.
1162 2228 1281 2268 Georg.
1301 2227 1330 2258 1.
1349 2225 1425 2258 350.
1452 2225 1525 2257 Liv-
1545 2226 1630 2257 VII.
1653 2225 1687 2256 2.
1703 2243 1748 2252 --
1760 2233 1794 2257 et

1023 2271 1068 2301 sic
1083 2273 1197 2303 moveri
1211 2271 1293 2301 infra
1307 2282 1337 2301 v.
1353 2269 1443 2305 232„
1458 2279 1535 2310 pro:
1560 2268 1683 2300 saltare.
1731 2270 1793 2301 Su-

1024 2325 1080 2354 pra
1107 2315 1209 2354 Epist.
1237 2314 1286 2345 11.
1312 2313 1344 2345 2.
1378 2312 1452 2345 125.
1479 2314 1612 2354 Cyclopa
1640 2319 1791 2345 movetur.

1024 2369 1133 2399 —per
1158 2359 1294 2399 pulpita,
1324 2367 1380 2398 per
1407 2366 1509 2388 scenae
1537 2356 1641 2388 solum
1676 2356 1793 2390 tabulis

1023 2409 1167 2432 stratum.
1183 2401 1224 2432 cf.
1242 2401 1324 2432 infra
1337 2400 1378 2432 ad
1392 2411 1422 2431 v.
1439 2399 1514 2431 279.

1067 2455 1096 2476 v.
1123 2443 1199 2475 216.
1224 2447 1275 2476 Sic
1286 2447 1395 2481 etiam,
1409 2445 1455 2475 sic
1474 2443 1568 2474 etiam
1589 2443 1710 2475 factum
1732 2449 1791 2482 est,

1022 2495 1060 2520 ut
1074 2488 1148 2530 lyra,
1165 2488 1266 2519 auctis
1280 2488 1405 2525 fidibus,
1420 2487 1528 2527 plures
1546 2497 1642 2518 sonos
1663 2487 1790 2526 ederet3

1022 2535 1091 2574 lyra
1108 2531 1224 2564 dicitur
1236 2543 1352 2569 severa,
1372 2531 1449 2572 quia
1468 2542 1583 2568 severa,
1607 2531 1642 2562 h
1669 2541 1698 2562 e.
1719 2541 1792 2573 gm-

1021 2577 1106 2607 viora
1121 2583 1152 2607 et
1167 2575 1349 2606 sublimiora
1363 2574 1578 2605 canite-Non
1592 2579 1671 2614 puto
1692 2575 1790 2612 enim,

1021 2620 1107 2661 quod
1121 2620 1228 2660 plures
1252 2619 1442 2659 Interpretes
1465 2624 1587 2657 putant,
1613 2627 1790 2649 sermonm

1020 2665 1072 2694 hic
1085 2674 1152 2694 oese
1166 2662 1207 2693 de
1221 2661 1320 2703 lyrae'
1310 2672 1345 2692 m
1358 2660 1520 2703 tragoediis
1533 2672 1606 2699 usu,
1628 2661 1716 2692 unde
1733 2661 1792 2693 illa

1021 2708 1105 2738 dicta
1133 2706 1172 2737 sit
1195 2717 1311 2739 severa.
1339 2704 1408 2755 sed,
1438 2713 1604 2746 postquam
1635 2704 1791 2736 Horatius

1021 2752 1146 2783 locutus
1158 2757 1207 2781 est
1221 2750 1262 2780 de
1276 2749 1365 2779 novis
1378 2748 1514 2786 dotibus,
1530 2748 1646 2790 quibus
1659 2748 1791 2780 tibiale-

1020 2794 1177 2834 cupletata
1190 2794 1239 2830 sit,
1255 2803 1339 2829 eum,
1357 2802 1430 2822 cum
1446 2792 1522 2832 lyrae
1536 2802 1675 2834 quoque,
1690 2791 1791 2822 auctis

1021 2839 1148 2875 fidibus,
1158 2847 1249 2868 voces
1263 2843 1295 2866 et
1307 2836 1378 2866 soni
1392 2835 1596 2876 multiplicati
1617 2840 1731 2872 esseut,
1753 2835 1790 2865 in

1021 2882 1202 2915 universum
1214 2879 1336 2921 aliquid
1351 2885 1383 2910 et
1397 2879 1563 2918 separatim
1577 2889 1598 2910 a
1610 2889 1646 2910 re
1666 2877 1790 2910 scenica

1020 2926 1055 2957 iu
1070 2924 1197 2957 laudem
1217 2923 1292 2965 lyrae
1306 2923 1356 2957 vel
1371 2929 1537 2965 poetarum
1552 2922 1722 2964 lyricorum
1732 2920 1788 2954 ad·-
