1904 3250
198 173 295 211 4340·

831 169 1138 213 HORATII

318 296 526 346 Fundani,
549 296 727 352 pulchre
747 295 874 336 fuerit
889 295 979 346 tibi,
1002 310 1126 337 nosse
1146 295 1308 339 laboro.

226 371 282 409 20
316 369 514 411 Summus
536 383 616 425 ego
636 376 678 408 et
697 382 833 423 prope
853 382 921 408 me
943 367 1095 409 Viscus
1118 367 1337 411 Thurinus
1358 377 1400 411 et
1420 368 1542 420 infra,

316 441 361 484 Si
382 441 565 490 memini,
589 440 769 489 Varius;
802 455 899 481 cum
922 440 1100 482 Servilio
1123 439 1351 484 Balatrone

314 512 522 562 Vibidius,
546 526 652 568 quos
676 510 894 553 Maecenas
915 512 1154 554 adduxerat
1173 513 1358 555 umbras.

314 582 608 623 Nomentanus
629 589 720 623 erat
740 597 867 638 super
887 582 1039 638 ipsum,
1065 582 1396 634 Porcius'infra,

317 651 538 693 Ridiculus
558 659 668 694 totas
690 652 814 694 simul
835 652 1065 694 obsorbere
1084 652 1313 708 placentas.

227 728 282 766 25
316 723 609 766 Nomentanus
630 725 686 766 ad
706 725 801 776 hoc,
825 726 910 782 qui,
934 725 969 766 si
990 725 1094 782 quid
1113 725 1222 767 forte
1242 725 1406 776 lateret,

313 797 461 839 Indice
482 805 737 840 monstraret
757 798 915 856 digito:
947 813 1047 839 nam
1069 806 1208 840 cetera
1229 798 1368 849 turba,

315 867 420 919 Nos,
443 868 627 925 inquam,
651 884 867 911 coenamus
889 884 999 919 aveS,
1022 867 1255 925 conchylia,
1278 869 1441 924 pisces,

196 983 373 1015 admixtum
390 990 445 1015 est.
475 985 580 1016 Schol.
600 986 676 1017 Aer.
694 988 726 1018 id
740 993 785 1018 est
801 989 866 1018 sine
880 998 964 1028 aqua

196 1030 331 1059 marina.
379 1030 424 1060 In
451 1030 574 1061 Groecia
595 1031 681 1061 enim
702 1032 774 1061 solet
796 1032 866 1061 vino
881 1042 966 1071 aqua

196 1073 323 1103 marina
338 1073 510 1107 admisceri,
533 1079 570 1104 ut
590 1085 655 1104 non
665 1074 768 1115 facile
783 1085 967 1112 corrumpa-

196 1121 261 1147 tur.
306 1115 451 1146 Fortasse
466 1115 577 1146 vinum
600 1116 717 1147 Chium
734 1127 824 1158 aquae
838 1117 968 1148 marinae

197 1169 318 1199 expers,
334 1159 366 1189 h.
385 1169 412 1189 e.
432 1169 550 1199 purum
564 1166 596 1191 et
610 1159 783 1202 integrum,
799 1161 835 1191 in
849 1161 968 1202 majore

197 1202 293 1233 laude
307 1202 379 1233 fuit.

242 1256 270 1277 v.
310 1245 361 1277 18.
402 1247 553 1287 (Divitias
578 1247 756 1288 miseras-J)
787 1248 838 1278 hae
867 1258 967 1284 voces,

198 1300 278 1331 quas
291 1291 513 1330 parentheseos
527 1290 619 1331 signo
634 1291 759 1328 inclusi,
775 1302 831 1330 per
847 1291 971 1331 apposi-

198 1335 318 1364 tionem
345 1333 519 1365 referendae
546 1334 693 1366 videntur
718 1335 758 1365 ad
785 1342 966 1375 utrumque.

201 1377 312 1414 Poeta,
343 1377 398 1418 qui
432 1377 592 1408 Fundauii
630 1378 804 1409 orationem
843 1378 969 1418 excipit,

199 1420 263 1451 vini
282 1420 400 1452 Albani
423 1427 455 1451 et
481 1421 605 1452 Falerni
629 1423 855 1461 possessionem
877 1424 969 1453 mise—

197 1476 253 1496 ras
267 1466 388 1496 divitias
403 1464 550 1504 appellat,
567 1465 643 1506 quia
666 1465 860 1496 Nasidienus
869 1466 970 1507 jactat

198 1507 340 1549 quidem,
357 1518 390 1538 se
405 1508 520 1539 habere
542 1507 615 1539 vina
636 1509 846 1550 generosiora,
862 1508 917 1539 sed
932 1515 970 1539 ut

198 1562 237 1582 ea
250 1557 397 1592 apponat,
415 1561 478 1581 non
494 1551 661 1590 impetrare
683 1559 785 1592 potest
806 1554 845 1583 ab
867 1552 967 1583 avari-

197 1594 251 1626 tia.
301 1594 390 1625 Hinc
405 1591 460 1625 ille
475 1606 504 1625 v.
521 1594 575 1626 35.
594 1596 787 1636 expallescit,
801 1606 874 1627 cum
890 1606 967 1627 con-

198 1639 277 1669 vivae
298 1638 432 1680 majores
454 1638 566 1670 calices
587 1646 733 1681 poscunt.
821 1651 899 1676 una,
922 1650 965 1670 sc.

198 1688 315 1713 tecum.

242 1736 271 1755 v.
307 1724 358 1756 19.
398 1736 486 1757 nosse
515 1728 629 1764 laboro,
659 1727 739 1758 scire
767 1727 967 1758 vehementer

198 1768 303 1809 cupio.

242 1823 271 1843 v.
305 1812 447 1844 20-23.
487 1814 564 1845 Jam
596 1813 786 1845 Fundanius
822 1813 970 1844 describit

199 1856 355 1894 ordinem,
379 1868 445 1898 quo
471 1858 605 1898 quisque
630 1868 749 1888 mensae
775 1857 968 1888 accubuerit.

201 1900 280 1931 Tres
296 1900 378 1937 lecti,
394 1908 431 1931 ut
446 1901 521 1931 satis
542 1907 674 1938 constat,
691 1900 731 1932 ad
746 1911 889 1931 mensam
904 1900 969 1931 col-

198 1943 395 1981 locabantur,
426 1944 513 1974 unde
548 1944 648 1981 locus,
686 1944 739 1974 ubi
777 1945 968 1979 coenabatur‚

198 1997 315 2018 nomen
343 1987 465 2027 accepit
489 1989 686 2024 triclinium‚·
719 1987 753 2017 in
777 1996 971 2027 unoquoque

197 2030 279 2061 lecto
295 2037 371 2067 tres,
393 2030 436 2061 ad
450 2041 612 2061 summum
635 2037 772 2072 quatuor
793 2029 970 2061 discumbe-

199 2075 297 2112 bant;
322 2084 406 2104 unus
427 2074 529 2105 lectus
550 2086 705 2111 summus,
728 2073 886 2105 secundus
907 2084 971 2104 me-

198 2119 280 2154 dius,
304 2117 415 2148 tertius
436 2119 519 2148 imus
541 2120 732 2155 vocabatur3
755 2127 859 2148 unum
881 2127 971 2147 men-

197 2171 241 2191 sae
267 2161 350 2191 latus
375 2160 452 2190 cibis
479 2171 535 2199 per
564 2171 669 2192 servos
697 2160 973 2191 subministrandis

197 2214 334 2235 vacuum
363 2203 607 2244 relinquebatur.
658 2205 760 2236 Totus
789 2204 841 2235 hic
878 2204 968 2234 locus

201 2247 328 2279 Horatii
344 2247 480 2284 facilius,
504 2256 591 2287 pum,
615 2248 831 2288 perspicietur,
847 2247 873 2278 si
887 2248 970 2278 hanc

199 2291 268 2322 fere
282 2300 401 2322 mensae
416 2298 447 2321 et
461 2291 494 2321 in
509 2291 599 2322 lectis
613 2291 870 2323 accumbentium
885 2290 970 2323 ordi-

200 2333 253 2366 nis'
263 2336 305 2367 ob
319 2334 430 2366 oculos
442 2334 498 2365 tibi
513 2335 655 2375 posueris
670 2334 805 2377 figuram
819 2347 827 2366 ε
852 2359 855 2361 -

466 2445 598 2477 Medius
610 2447 721 2478 lectus.

334 2528 436 2579 ¹⁷—3
449 2529 835 2579 “Ι“1’“Ἰ-2-Ι

260 2640 291 2660 2

866 2635 897 2657 8

196 2829 226 2918 lmus
196 2702 227 2813 lectus.

259 2797 290 2811 1

923 2831 956 2942 *εηιοοι
926 2664 959 2816 snununs

262 2998 297 3005 ῐ
260 2937 291 2959 3

1056 985 1096 1016 In
1111 987 1208 1017 medio
1223 987 1298 1018 lecto
1305 987 1445 1027 primum
1461 991 1492 1016 et
1507 984 1618 1017 ceteris
1630 986 1779 1018 omnibus

1010 1029 1044 1059 in
1060 1036 1126 1060 tota
1149 1039 1258 1061 mensa
1272 1029 1503 1060 honoratiorem
1523 1029 1629 1060 locum
1644 1039 1777 1069 occupa-

1010 1075 1064 1104 bat
1079 1075 1246 1109 Moecenas,
1263 1075 1437 1105 secundum
1458 1078 1492 1103 et
1511 1075 1638 1106 tertium
1651 1073 1779 1104 adducti

1011 1128 1031 1147 a
1061 1116 1239 1147 Maecenate
1268 1116 1400 1148 Umbrae
1425 1117 1573 1148 Servilius
1598 1119 1727 1148 Balatro
1748 1123 1780 1147 et

1019 1161 1167 1198 Vibidius,
1182 1170 1307 1197 scurrae,
1330 1166 1368 1191 ut
1388 1169 1422 1190 se
1436 1166 1553 1201 gerunt
1565 1160 1600 1190 in
1614 1160 1778 1198 convivio;

1011 1203 1046 1234 in
1060 1215 1183 1235 summo
1197 1205 1273 1235 lecto
1297 1205 1463 1246 (Summus
1483 1215 1547 1244 ego,
1563 1204 1596 1235 h.
1613 1215 1640 1235 e.
1658 1204 1781 1244 primus

1013 1247 1047 1278 in
1073 1257 1200 1278 summo
1226 1247 1321 1288 lecto)
1349 1249 1491 1288 primum
1515 1247 1623 1278 locum
1648 1249 1781 1279 Fundo-

1014 1293 1100 1327 nius,
1117 1293 1294 1323 secundum
1324 1293 1429 1323 Viscus
1457 1293 1629 1328 Thurinus,
1652 1293 1780 1323 tertium

1022 1336 1132 1365 Varius
1144 1350 1155 1370 ,·
1180 1334 1291 1366 inimo
1313 1336 1388 1366 lecto
1407 1336 1548 1375 primum
1568 1334 1674 1365 locum
1691 1336 1781 1375 (nam

1014 1377 1139 1408 medius
1153 1377 1242 1408 locus
1263 1378 1297 1408 in
1320 1388 1513 1419 unoquoque
1534 1378 1617 1409 lecto
1630 1384 1697 1409 erat
1717 1379 1783 1417 pri-

1011 1422 1099 1461 mus)
1115 1431 1213 1451 coenae
1229 1428 1317 1461 pater
1333 1423 1529 1454 Nasidienus
1544 1423 1653 1463 (super
1666 1423 1780 1462 ipsum,

1012 1465 1110 1500 αὐτὸν,
1126 1464 1321 1504 dominum),
1345 1464 1520 1495 secundum
1545 1467 1778 1501 Nomentanus,

1012 1508 1142 1538 tertium
1159 1510 1301 1545 Porcius,
1321 1507 1485 1538 Nasidieni
1501 1508 1636 1547 parasiti.
1686 1508 1780 1540 Cete-

1010 1562 1083 1581 rum
1105 1550 1146 1581 de
1173 1553 1319 1583 tricliniis
1345 1559 1490 1582 accurate
1514 1558 1547 1582 et
1566 1551 1690 1582 erudite
1715 1552 1782 1592 egit

1018 1597 1053 1626 W
1053 1597 1259 1627 is'seemannus
1273 1601 1379 1626 noster
1392 1595 1427 1625 in
1441 1596 1561 1627 Pallas(
1575 1597 1628 1627 des
1642 1598 1781 1628 Scaurus

1012 1649 1033 1679 p
1057 1693 1086 1712 v.
1106 1649 1355 1715 mseqssidimdm
1370 1688 1456 1718 totas,
1480 1681 1537 1723 qui
1550 1681 1705 1713 ridiculus
1718 1680 1782 1713 fuit

1010 1735 1059 1762 eo,
1074 1725 1160 1767 quod
1175 1733 1256 1757 totas
1270 1726 1431 1766 placentas
1452 1736 1520 1757 uno
1534 1726 1651 1757 haustu
1664 1725 1778 1768 deglu-

1011 1769 1117 1800 tiebat.

1056 1824 1085 1844 v.
1119 1812 1261 1844 25-30,
1301 1815 1525 1845 Nomentanus
1553 1815 1596 1844 ad
1623 1814 1680 1844 hoc
1703 1818 1778 1843 cett.

1015 1856 1118 1887 Hunc
1140 1857 1245 1887 locum
1269 1857 1365 1896 paulo
1386 1856 1596 1887 obscuriorem
1619 1856 1664 1887 ita
1684 1855 1782 1886 inter-

1013 1907 1138 1940 pretor:
1167 1900 1391 1931 Nomentanus
1411 1899 1454 1930 ad
1474 1899 1507 1930 id
1529 1899 1648 1941 negotii
1663 1899 1781 1935 aderat,

1017 1943 1103 1984 (qui)
1120 1949 1165 1979 ut,
1183 1944 1209 1973 si
1223 1943 1302 1984 quid
1323 1943 1403 1974 forte
1424 1943 1535 1974 lateret
1554 1943 1709 1980 convivas,
1730 1942 1782 1973 vel

1014 1986 1040 2016 si
1062 1987 1140 2026 quid
1165 1987 1307 2017 ciborum
1334 1987 1474 2018 convivae
1498 1997 1562 2017 non
1584 1986 1781 2017 animadver-

1014 2035 1126 2067 terent,
1151 2029 1256 2059 indice
1277 2030 1378 2070 digito
1399 2037 1609 2068 πωπω-ωας
1633 2040 1707 2060 nam
1729 2040 1780 2060 ce-

1014 2079 1081 2103 tera
1110 2074 1211 2109 turba,
1242 2083 1310 2104 nos.
1339 2072 1482 2113 inquam,
1511 2083 1672 2104 coenamus
1695 2083 1778 2110 aves,

1015 2116 1188 2157 conchylia,
1211 2116 1321 2156 pisces,
1341 2126 1482 2154 succum,
1506 2123 1544 2147 ut
1563 2117 1695 2148 docebat
1712 2116 1779 2147 No-

1015 2167 1195 2196 mentanuS‚
1211 2166 1287 2190 noto
1302 2161 1398 2201 longe
1417 2159 1601 2191 dissimila—
1622 2159 1779 2197 celantia3

1013 2210 1050 2234 ut
1066 2204 1115 2234 vel
1129 2203 1282 2234 continuo
1303 2203 1406 2243 patuit
1423 2210 1495 2234 cett.
1513 2220 1558 2229 —-
1574 2202 1636 2234 sed
1650 2202 1781 2234 fortasse

1014 2253 1079 2277 tam
1095 2247 1205 2285 oratio,
1220 2257 1316 2288 quam
1339 2247 1494 2278 sententia
1506 2246 1612 2286 aptius
1631 2246 1778 2283 cohaeret,

1013 2290 1040 2320 si
1062 2292 1170 2321 verba:
1205 2302 1282 2322 nam
1304 2297 1405 2322 cetera
1426 2291 1527 2326 turba,
1543 2301 1610 2325 νιος,
1633 2291 1777 2332 inquam,

1013 2345 1184 2369 coenamus,
1214 2334 1434 2373 parentheseos
1461 2333 1554 2374 sig-no
1588 2333 1778 2369 distinxeris,

1014 2385 1052 2407 ut
1066 2387 1176 2408 sensus
1197 2378 1257 2408 sit:
1286 2377 1508 2407 Nomentanus
1529 2377 1643 2418 agebat
1662 2376 1707 2414 id,
1729 2383 1776 2412 ut,

1016 2421 1043 2450 si
1056 2420 1133 2462 quid
1148 2420 1313 2460 epularum
1335 2419 1476 2450 convivae
1490 2429 1555 2450 non
1568 2421 1778 2458 observarent,

1018 2465 1091 2506 (nos
1104 2463 1198 2495 ceteri
1212 2463 1297 2494 enim
1312 2473 1432 2500 omnes,
1453 2463 1532 2493 dum
1557 2463 1780 2494 Nomentanus

1016 2506 1258 2538 nomenclatoris
1288 2513 1390 2547 partes
1423 2506 1566 2544 sustinet,
1601 2507 1779 2548 coenamus)

1015 2550 1120 2581 indice
1155 2549 1256 2591 digito
1291 2555 1479 2581 monstraret
1513 2550 1650 2590 exempli
1685 2561 1781 2582 causa

1014 2604 1097 2630 aves,
1112 2593 1286 2634 conchylia,
1310 2593 1420 2633 pisces,
1436 2600 1597 2634 tamquam
1612 2594 1779 2624 continen-

1014 2637 1058 2668 tia
1072 2647 1203 2667 succum
1218 2637 1313 2677 longe
1334 2647 1354 2667 a
1375 2637 1496 2678 vulgari
1518 2647 1613 2668 succo
1631 2637 1779 2668 differen-

1013 2687 1089 2717 tem,
1106 2688 1144 2710 ut
1158 2679 1206 2710 vel
1222 2680 1374 2711 continuo
1387 2681 1540 2720 apparuit,
1557 2691 1632 2711 cum
1647 2681 1779 2721 passeris

1012 2729 1106 2764 atque
1135 2723 1257 2754 rhombi
1284 2723 1341 2754 ilia
1369 2723 1512 2755 nondum
1540 2724 1619 2754 mihi
1654 2730 1779 2766 gustata

1012 2772 1212 2807 porrexerat;
1293 2769 1395 2798 indice
1410 2769 1513 2808 digito,
1532 2767 1634 2799 Schol.
1655 2769 1773 2808 Porph.

1012 2814 1068 2842 Ιιοε
1083 2813 1159 2848 ideo,
1174 2811 1247 2852 quia
1262 2812 1353 2841 certis
1366 2812 1546 2843 nominibus
1566 2813 1655 2852 digiti
1674 2816 1777 2846 noma>-

1010 2860 1140 2885 mmtur.
1175 2855 1221 2885 Et
1235 2860 1312 2885 sunt
1327 2856 1390 2885 lioec
1402 2857 1537 2892 nentina,
1548 2857 1657 2896 pollex,
1673 2858 1776 2896 index,

996 2899 1146 2940 famosus
1185 2897 1347 2938 (medius),
1385 2900 1522 2930 medicus
1558 2901 1774 2941 (medicinalis.

1010 2941 1154 2972 Macrob.
1175 2941 1243 2972 Sat.
1261 2941 1346 2971 VII.
1368 2939 1418 2971 13.
1439 2942 1487 2973 vel
1508 2944 1676 2980 annularis
1689 2943 1775 2984 apud

1011 2984 1094 3016 Gell.
1116 2985 1160 3016 X.
1180 2983 1261 3027 10),
1278 2986 1437 3018 minimus

1592 178 1704 226 [Lm.
1724 187 1788 215 11.v
