1904 3250
211 197 296 236 398

836 194 1142 238 HORATII

1589 203 1696 251 [mn.
1720 213 1767 242 11.

210 323 294 361 250
328 321 373 362 Si
393 321 593 376 puerilius
615 321 679 361 his
700 321 807 361 ratio
827 335 918 362 esse
940 321 1101 363 evincet
1119 318 1270 374 amare,

326 390 417 432 Nec
437 391 666 448 quidquam
686 389 868 440 differre,
891 397 1086 432 utrumne
1106 391 1148 432 in
1169 392 1354 447 pulvere,
1377 393 1524 434 trimus

326 461 463 511 Quale
483 461 612 516 prius,
634 460 756 501 ludas
776 476 896 516 opuS,
920 476 974 502 an
993 461 1224 503 meretricis
1245 477 1386 505 amore

326 530 535 572 Sollicitus
555 529 721 584 plores:
754 545 912 586 quaero,
933 529 1129 580 faciasne,
1154 530 1270 587 quod
1291 531 1391 572 olim

326 601 518 643 Mutatus
542 600 779 643 Polemon?
807 617 939 658 ponas
959 603 1141 660 insignia
1159 603 1310 654 morbi,

206 675 291 712 255
326 669 549 720 Fasciolas,
572 670 741 721 cubital‚
764 670 927 723 focalia,
948 679 1075 727 potus
1096 680 1143 713 ut
1164 671 1234 713 ille

323 741 491 782 Dicitur
511 756 564 782 ex
586 741 696 783 collo
716 741 860 783 furtim
881 743 1084 798 carpsisse
1105 757 1296 793 coronas,

322 810 551 867 Postquam
570 818 634 852 est
652 811 854 866 impransi
874 820 1093 867 correptus
1115 827 1217 853 voce
1238 811 1460 869 magistri?

276 877 283 883 ’
322 881 510 938 Porrigis
531 882 638 923 irato
661 897 796 938 puero
816 898 913 925 cum
933 899 1072 940 poma,
1096 893 1284 926 recusat:

321 952 462 1002 Sume,
488 951 674 996 Catelle!
708 962 856 1011 negat:
889 954 924 995 si
944 969 1031 995 non
1051 953 1140 1004 des,
1163 961 1293 1009 optat.

1357 954 1534 996 Amator

205 1024 290 1062 260
324 1021 533 1063 Exclusus
555 1021 629 1078 qui
649 1021 788 1073 distat,
811 1024 898 1080 agit
917 1023 991 1065 ubi
1011 1038 1166 1075 secum,
1190 1031 1269 1075 eat,
1293 1039 1345 1065 an
1367 1039 1465 1075 non,

323 1092 424 1143 Quo
444 1093 658 1136 rediturus
679 1103 770 1136 erat
787 1110 875 1136 non
895 1096 1131 1147 arcessitus,
1154 1104 1196 1138 et
1216 1095 1350 1138 haeret

319 1165 470 1208 Invisis
490 1165 683 1208 foribus?
714 1167 781 1208 Ne
800 1183 926 1219 nunc,
950 1183 1046 1210 cum
1065 1183 1134 1210 me
1155 1176 1277 1210 vocat
1294 1168 1419 1219 ultro,

320 1238 570 1282 Accedam?
597 1255 652 1281 an
672 1241 813 1297 potius
833 1241 1011 1283 mediter
1031 1241 1154 1283 finire
1174 1240 1374 1284 dolores?

206 1369 276 1401 108.
324 1371 462 1411 Quaeque
475 1373 627 1411 sequenda
625 1372 748 1412 forent,
765 1383 894 1412 quaeque
905 1374 967 1404 evi-

204 1415 302 1445 tanda
330 1415 471 1451 vicissim,
495 1416 559 1445 Illa
579 1416 669 1455 prius
691 1421 784 1453 creta,
808 1427 877 1447 moa¹
901 1418 966 1448 liaec
1003 1427 1130 1456 ponere.

203 1459 335 1488 carbone
349 1458 492 1489 notasti?

1011 1371 1113 1411 Epist.
1135 1372 1163 1403 I.
1184 1371 1212 1403 l.
1232 1372 1285 1404 35.
1303 1385 1452 1414 magnam
1467 1379 1592 1414 partem
1607 1374 1703 1404 morbi
1717 1375 1768 1404 de

1221 1418 1352 1448 Morbus
1380 1427 1471 1456 saepe.
1508 1423 1545 1447 ut
1582 1416 1640 1448 νὸοσ
1641 1430 1653 1450 ς
1682 1427 1721 1456 ap
1722 1416 1767 1448 ud
1789 1434 1792 1437 -

1011 1459 1146 1495 Graecos,
1171 1459 1211 1490 de
1226 1460 1318 1497 vitiis,
1334 1461 1374 1490 cf.
1389 1470 1482 1499 supra
1498 1460 1540 1490 V.
1558 1457 1611 1490 27.
1632 1460 1700 1500 jam
1721 1466 1768 1490 est

244 1511 274 1531 v.
299 1499 374 1531 249.
404 1503 542 1533 amentia
569 1508 674 1538 verset,
703 1511 745 1532 sc.
785 1503 961 1541 barbatum,
1006 1501 1144 1540 insanus,
1159 1513 1223 1543 quo
1237 1503 1316 1543 quis,
1330 1509 1488 1544 tamquam
1503 1505 1622 1538 morbo,
1638 1502 1766 1540 laborat,

202 1545 289 1575 hunc
303 1544 439 1575 amentia
453 1544 558 1575 vexari
572 1552 604 1575 et
617 1545 728 1587 agitari
743 1544 836 1575 dicas.

246 1598 275 1618 v.
298 1587 366 1618 250
386 1598 468 1629 seqq.
506 1588 671 1619 Stertinius
690 1588 800 1619 transit
817 1587 859 1619 ad
881 1589 963 1620 insa-

201 1631 288 1662 niam
303 1641 424 1668 eorum,
439 1630 494 1672 qui
508 1631 637 1663 delicias
650 1631 772 1662 faciunt
792 1630 827 1661 in
852 1633 966 1663 amori-

202 1676 327 1706 bus.—
340 1674 509 1711 Sententia,
531 1685 627 1716 quam
653 1675 783 1714 pulchre
808 1676 969 1706 exornavit

200 1724 234 1749 et
245 1717 446 1758 amplificavit
460 1724 560 1758 poeta,
576 1725 623 1749 est
635 1718 701 1749 sere
715 1719 782 1748 haec
795 1730 803 1749 ι
833 1719 866 1750 Si
887 1719 968 1750 ratio

199 1761 323 1799 evincit,
339 1771 403 1798 eos,
418 1761 473 1801 qui
488 1761 647 1792 amoribus
668 1761 845 1803 indulgent,
872 1762 966 1793 ludos

138 1831 142 1834 .
201 1804 311 1836 ludere
326 1804 509 1845 pueriliores
522 1805 569 1843 iis,
585 1805 626 1836 de
639 1805 754 1846 quibus
767 1805 863 1835 modo
888 1805 964 1842 dixi,

198 1858 307 1879 nonne
331 1848 429 1879 satius
451 1848 557 1884 fuerit,
587 1848 658 1879 illos
678 1848 795 1879 imitari
818 1848 966 1880 Polemo-

201 1901 286 1929 nem,
301 1898 342 1928 et,
356 1897 480 1922 mutato
493 1891 609 1929 animo,
631 1891 818 1932 prudentius
838 1892 940 1922 vivere
949 1893 965 1923 ἶ)

202 1934 310 1966 Locus
323 1934 478 1974 imprimis
491 1934 532 1966 de
546 1935 631 1966 vario
645 1940 678 1966 et
691 1935 836 1969 mutabili
859 1935 965 1967 animo

200 1988 321 2015 eorum,
335 1979 390 2019 qui
404 1984 522 2015 amant,
546 1984 727 2018 comparato
751 1988 826 2009 cum
851 1988 966 2018 puero-

200 2032 273 2052 rum
286 2021 494 2052 mutabilitate
508 2028 540 2052 et
561 2021 779 2059 inconstantia,
803 2028 850 2053 est
870 2022 965 2063 longe

199 2064 409 2096 suavissimus.
438 2078 447 2090 ·
499 2066 629 2103 Amare,
644 2065 772 2096 amandi
787 2065 852 2096 sive
865 2076 966 2097 mere-

200 2109 294 2140 trices
308 2107 447 2140 sectandi
462 2108 614 2140 studium.

242 2162 271 2182 v.
297 2151 372 2182 251.
406 2158 566 2188 utrumne,
594 2163 651 2193 pro
677 2152 818 2193 simplice
843 2160 964 2192 utrum,

203 2200 350 2235 utsupra
366 2194 470 2234 Epod.
493 2194 521 2225 l.
540 2194 570 2226 7.
596 2203 628 2227 et
651 2195 735 2227 infra
760 2196 823 2227 Sat.
854 2198 904 2228 ΙΙ.
930 2197 961 2229 6.

204 2237 257 2270 73.
274 2245 309 2270 et
321 2238 435 2278 passim
449 2237 534 2268 alibi·
623 2242 736 2272 trimus
754 2242 854 2275 Quale
865 2243 964 2282 pn‘us,

203 2282 298 2324 quale
310 2282 388 2313 olim
401 2281 502 2312 lusisti
517 2281 611 2312 trium
627 2293 783 2314 annorum
802 2284 962 2324 puerulus.

246 2336 276 2356 v.
293 2324 372 2356 254.
396 2326 543 2357 Mutatus
559 2328 718 2358 Polemon.
745 2327 850 2358 Schol.
870 2328 967 2369 Cruq.

205 2371 355 2402 Polemon
368 2370 414 2401 vel
428 2370 551 2400 Polemo
563 2369 693 2409 juvenis
701 2371 776 2412 fust
791 2372 966 2403 Athenien-

171 2411 175 2414 ’
204 2415 245 2445 sis
261 2414 395 2454 perditae
408 2414 549 2444 luxuriae.
591 2415 626 2444 Is
641 2425 715 2445 cum
728 2415 830 2445 ebrius
843 2416 966 2446 inccde-

204 2463 252 2488 ret
276 2468 337 2497 per
361 2457 483 2492 car-hem,
499 2456 611 2498 fertur
633 2458 757 2488 audisse
780 2459 966 2490 Xenocratis

204 2511 307 2532 vocem
321 2500 505 2541 disputantis
513 2514 525 2535 ;
549 2501 658 2531 deinde
673 2502 823 2532 introiisse
837 2512 966 2532 corona-

207 2549 259 2575 tus
286 2550 316 2575 et
344 2548 559 2584 unguentatus
586 2545 628 2573 ad
653 2555 726 2575 eum
751 2545 963 2576 deridendum.

207 2589 303 2619 Sem
330 2595 436 2619 autem
458 2588 673 2626 perseveravit,
702 2593 731 2618 et
760 2589 901 2619 invectus
931 2590 967 2619 in

207 2632 367 2662 lua-uriam
381 2630 478 2670 coegit
491 2631 692 2661 Polemonem
703 2631 852 2670 poenitere
873 2632 923 2662 sui
936 2637 966 2661 et

208 2685 337 2706 coronas
357 2673 507 2714 abjicere.-
530 2674 587 2714 qui
601 2679 706 2713 postea
726 2679 835 2705 tantus
848 2675 883 2705 in
894 2676 966 2714 phi-

207 2719 341 2758 losophia
362 2715 583 2759 (Academica)
605 2717 713 2753 extitit,
728 2722 766 2747 ut
781 2718 896 2757 dignus
915 2728 965 2748 ex-

203 2763 357 2793 istimams
370 2762 416 2796 sit,
438 2761 491 2802 qui
511 2761 682 2792 Xenocrati
701 2762 881 2791 succederet.
908 2760 958 2791 cf.

210 2846 260 2878 17.
255 2815 348 2878 Val.
367 2847 457 2878 Max.
477 2846 540 2878 VI.
551 2845 589 2877 9.
610 2844 638 2877 l.
719 2847 877 2883 Mutatus,
896 2846 963 2877 fac-

207 2899 260 2921 tus
273 2901 311 2922 ex
326 2890 454 2922 homine
475 2890 638 2922 luxurioso
655 2890 773 2930 probus
792 2896 824 2920 et
845 2898 962 2929 tempe-

209 2944 290 2964 rans.
379 2936 484 2966 Ponat
505 2935 639 2975 insignia
659 2934 761 2968 morbi,
784 2932 921 2973 deponas
935 2939 966 2964 et

208 2977 334 3018 abjicias
342 2984 469 3010 externa
480 2977 570 3020 signa
582 2976 732 3009 mollioris
745 2976 824 3015 vitae,
837 2983 874 3008 ut
884 2976 965 3007 infra

255 2804 432 2845 og.Laert.
450 2802 512 2838 IV.
530 2801 583 2834 16.
601 2802 735 2860 Lucian.
762 2802 818 2833 Bis
842 2803 976 2834 Aecus..

1009 1555 1105 1576 amor.
1197 1547 1364 1583 Fasciolas,
1388 1548 1510 1583 cubitat,
1520 1547 1650 1588 focalia,
1666 1546 1768 1577 homi-

1009 1599 1087 1619 num
1101 1589 1283 1620 molliorum
1297 1596 1329 1620 et
1343 1589 1513 1620 mulierum
1528 1596 1767 1620 ornamenta.—

1010 1634 1170 1670 Fasciolae,
1193 1632 1320 1664 vincula
1334 1638 1366 1664 et
1380 1633 1540 1674 ligamina,
1556 1643 1629 1674 quae
1642 1632 1767 1672 placen-

1009 1675 1043 1706 di
1065 1675 1169 1706 studio
1183 1686 1202 1706 a
1216 1675 1356 1707 delicatis
1375 1675 1624 1707 adolescentibus
1637 1676 1769 1707 brachiis

1009 1719 1060 1749 vel
1095 1719 1214 1759 pedum
1249 1719 1391 1750 cruribus
1433 1719 1764 1750 circumvolvebantur.

1010 1762 1062 1792 Sic
1079 1773 1247 1803 purpureoe
1259 1764 1413 1803 fasciola,
1435 1769 1473 1793 ut
1491 1762 1658 1794 muliebria
1677 1772 1769 1793 orna-

1008 1812 1125 1843 menta,
1142 1805 1227 1844 apud
1245 1806 1429 1837 Ciceronem
1445 1806 1586 1845 Harusp.
1600 1804 1654 1837 21.
1693 1805 1768 1837 Clo-

1009 1848 1062 1879 dio
1076 1850 1310 1887 exprobrantur.
1402 1850 1533 1886 Cubita,
1547 1848 1699 1888 pulvillus
1711 1859 1768 1880 cu-

1009 1891 1075 1923 bito
1099 1893 1291 1923 coenantium
1315 1892 1516 1933 suppositus3
1545 1892 1620 1924 hinc
1642 1892 1678 1923 in
1701 1892 1765 1924 sat.

1009 1945 1073 1976 seq.
1089 1946 1118 1966 v.
1133 1935 1189 1966 39.
1214 1938 1349 1968 convince
1361 1937 1396 1968 in
1409 1937 1551 1968 cubitum
1570 1947 1602 1968 se
1621 1947 1767 1977 reponere

1009 1978 1168 2010 dicuntur.
1274 1981 1414 2017 Focalia,
1457 1979 1531 2011 eom
1572 1985 1766 2021 tegumenta.

1011 2022 1114 2053 Schol.
1135 2022 1233 2064 Cruq.
1260 2025 1401 2061 Couavia,
1425 2035 1446 2054 a
1459 2024 1542 2055 collis
1554 2024 1767 2064 dependentia.

1008 2067 1230 2108 adfovendum
1243 2069 1355 2099 collum
1369 2072 1400 2098 et
1406 2068 1525 2110 fauces
1539 2073 1647 2098 contra
1654 2067 1769 2109 fiigus

1008 2111 1204 2142 muniendas.

1051 2163 1081 2184 v.
1110 2152 1186 2185 256.
1210 2165 1246 2185 ez·
1267 2156 1351 2189 collo,
1374 2153 1407 2184 in
1429 2153 1600 2185 laetioribus
1619 2151 1766 2184 conviviis

1008 2195 1060 2227 vel
1083 2197 1354 2229 comissationibus
1376 2196 1517 2228 convivae
1537 2196 1616 2227 duas
1637 2205 1767 2226 coronas

1009 2241 1181 2281 gestabant,
1209 2240 1339 2272 alteram
1367 2240 1402 2270 in
1430 2239 1540 2279 eapite,
1569 2239 1699 2270 alteram
1731 2239 1766 2268 in

1010 2283 1101 2314 collo.
1129 2284 1197 2315 Cic.
1212 2285 1246 2314 in
1263 2284 1355 2315 Verr.
1376 2284 1448 2315 111.
1465 2281 1517 2314 27.
1542 2293 1689 2314 coronam
1709 2283 1766 2313 Iza-

1010 2328 1094 2359 bebai
1108 2339 1208 2359 unam
1223 2329 1257 2359 in
1271 2329 1378 2368 capite,
1392 2329 1525 2358 alteram
1538 2327 1573 2357 in
1585 2327 1668 2358 collo.

1052 2381 1080 2401 v.
1099 2369 1173 2401 257.
1198 2372 1365 2411 Impransz'.
1381 2369 1484 2401 sobrii.

1051 2424 1080 2445 v.
1093 2413 1167 2444 258.
1194 2415 1333 2454 Pom-igis
1353 2414 1431 2444 irato
1443 2418 1517 2443 cett.
1533 2411 1616 2443 redit
1628 2410 1668 2443 ad
1687 2422 1764 2452 pue-

1007 2467 1068 2494 ros,
1090 2458 1278 2499 quibuscum
1299 2466 1406 2487 amore
1425 2454 1614 2487 insanientes
1636 2463 1765 2487 eonten-

1007 2500 1135 2532 duntur.

1053 2554 1082 2575 v.
1099 2543 1174 2574 259.
1192 2546 1293 2578 Sume,
1312 2543 1436 2580 Catelle,
1452 2541 1589 2574 suaviter
1601 2541 1694 2573 vertit
1706 2542 1764 2574 has

1010 2587 1115 2626 pueris
1130 2586 1358 2618 blandientium
1373 2595 1464 2616 voces
1484 2587 1624 2618 Vossius.-
1649 2587 1760 2624 nimm,

1007 2632 1091 2661 mein
1107 2631 1284 2661 wieselchen-

1050 2684 1078 2703 v.
1103 2672 1178 2704 260.
1203 2675 1337 2704 Amator
1360 2674 1517 2705 Exclusus
1536 2678 1609 2704 cett.
1635 2671 1762 2704 Persec-

1008 2716 1162 2747 tissimum
1182 2716 1295 2747 misere
1311 2716 1443 2747 amantis
1455 2716 1635 2756 exemplum
1650 2726 1762 2757 propo-

1004 2761 1068 2791 suit
1091 2760 1266 2795 Terentius,
1292 2759 1468 2790 Phaedriam
1493 2759 1609 2791 scilicet
1630 2762 1666 2792 ia
1688 2761 1761 2792 Eu·

1004 2805 1115 2835 nucha.
1143 2804 1214 2835 Act.
1242 2803 1270 2833 Ι.
1296 2805 1342 2834 Sc.
1364 2801 1392 2834 1.
1442 2803 1484 2834 In
1508 2802 1654 2834 Phaedria
1674 2803 1760 2835 enim

1009 2846 1071 2888 (uti
1084 2847 1149 2877 fere
1162 2846 1196 2876 in
1214 2845 1309 2876 Alexi
1326 2845 1411 2896 apud
1427 2845 1598 2888 Virgilium
1612 2846 1647 2877 in
1663 2846 1760 2878 Eclo-

1006 2900 1048 2930 ga
1073 2888 1235 2929 secunda)
1261 2890 1386 2931 egregie
1409 2895 1552 2930 expressa
1571 2897 1617 2921 est
1636 2900 1761 2922 summa

1010 2934 1054 2963 vis
1081 2940 1113 2964 et
1141 2943 1284 2964 summus
1311 2933 1407 2964 animi
1435 2934 1578 2983 impetus,
1602 2944 1666 2975 quo
1695 2934 1759 2964 huc

1007 2976 1089 3008 illuc
1107 2976 1264 3018 agitentur
1286 2982 1317 3008 et
1342 2976 1381 3008 ad
1403 2976 1555 3009 insaniam
1581 2987 1671 3018 paene
1693 2976 1767 3009 adi-
