1904 3250
213 116 298 155 558

853 113 1161 159 HORATII

389 240 478 282 Aut
497 241 638 298 agitur
651 255 724 302 ,res
746 240 790 281 in
812 241 960 291 scenis,
983 249 1056 282 aut
1075 250 1169 292 acta
1188 243 1378 287 refertur.

217 309 298 349 180
331 309 511 367 Segnius
533 310 699 351 irritant
718 309 880 350 animos
901 308 1084 351 demissa
1102 325 1179 366 per
1199 326 1357 364 aurem,

329 379 472 429 Quam
493 395 589 436 quae
611 387 709 420 sunt
728 378 861 420 oculis
883 378 1071 436 subjecta
1090 379 1300 433 fidelibus,
1322 391 1364 424 et
1383 399 1479 440 quae

327 449 425 506 Ipse
447 449 530 490 sibi
546 448 674 490 tradit
694 456 918 504 spectator.

980 447 1080 490 Non
1100 456 1242 491 tamen
1261 451 1373 493 intus

323 521 468 578 Digna
487 520 579 577 geri
599 535 768 576 promes
787 520 832 562 in
853 535 1035 571 scenam,
1057 521 1272 578 multaque
1292 523 1414 565 tolles

327 590 396 631 Ex
417 590 563 641 oculis,
587 606 683 647 quae
704 606 807 635 mox
826 600 971 633 narret
989 590 1187 633 facundia
1204 607 1406 648 praesens.

214 665 293 703 185
327 661 394 702 Ne
414 677 569 718 pueros
590 677 734 710 coram
754 661 915 718 populo
938 661 1097 703 Medea
1116 663 1311 715 trucidet,
1342 701 1347 707 .

325 731 415 772 Aut
435 730 621 773 humana
639 730 782 787 palam
802 739 956 788 coquat
975 739 1075 773 exta
1093 731 1277 774 nefarius
1299 733 1470 784 Atreus,

323 804 414 845 Aut
433 804 476 844 in
497 819 617 846 avem
640 804 812 862 Progne
831 812 1032 855 vertatur,
1058 805 1245 847 Cadmus
1266 806 1310 847 in
1330 821 1525 864 anguem.
1567 846 1570 848 .

323 878 623 937 Quodcunque
643 879 830 922 ostendis
850 879 956 921 mihi
975 880 1047 931 sic,
1069 880 1312 923 incredulus
1333 881 1418 923 odi.

380 951 500 994 Neve
520 953 672 1006 minor,
695 968 779 995 neu
800 953 853 995 sit
873 954 1021 1010 quinto
1040 953 1288 1009 productior
1307 962 1405 996 actu

210 1027 290 1065 190
324 1022 500 1073 Fabula,
523 1038 619 1079 quae
639 1024 758 1079 posci
777 1022 869 1065 vult
888 1032 930 1065 et
951 1031 1138 1079 spectata
1157 1025 1306 1080 reponi
1317 1040 1329 1074 ;

321 1091 414 1134 Nec
434 1091 539 1134 deus
560 1093 737 1143 intersit,
759 1093 840 1134 nisi
861 1092 1015 1151 dignus
1036 1094 1202 1136 vindice
1222 1094 1360 1136 nodus

199 1220 240 1251 de
254 1227 337 1251 sorte
350 1230 409 1250 sua
421 1219 557 1261 querelis
570 1220 708 1262 fatigans
729 1220 807 1252 alios
834 1221 968 1262 (μεμψί-

225 1279 247 1296 01
265 1264 320 1304 ὃς).

198 1278 224 1305 μ
243 1278 272 1338 Ξ.
300 1305 372 1338 174«.
394 1309 565 1345 minorum,
577 1307 753 1349 juniorum.

242 1362 271 1382 v.
309 1350 382 1382 175.
421 1354 502 1383 anni
534 1354 700 1388 venientes,
736 1351 792 1392 qui
827 1357 969 1382 teneram

199 1402 323 1426 aetatem
339 1395 510 1434 excipiunt,
526 1395 600 1425 anni
614 1394 772 1436 juveniles
785 1400 817 1425 et
831 1395 944 1426 viriles.

243 1450 272 1469 v.
302 1438 374 1470 176.
400 1441 481 1470 anni
503 1441 685 1476 recedentes,
708 1438 750 1469 ad
771 1438 893 1469 exitum
920 1439 967 1468 vi-

199 1489 241 1513 tae
256 1483 465 1519 decurrentes,
481 1482 556 1512 anni
571 1482 694 1513 seniles.

237 1536 269 1557 v.
297 1525 369 1557 178.
395 1529 521 1567 Semper
541 1527 576 1558 iu
595 1526 755 1567 adjunctis
775 1531 862 1562 cett„
885 1536 966 1556 sem-

196 1580 253 1610 per
274 1579 395 1608 eorum,
418 1580 492 1610 quae
515 1569 630 1611 cuique
656 1569 741 1600 aetati
760 1569 911 1611 adjuncta
935 1575 968 1600 et

196 1620 270 1653 apta
283 1621 369 1651 sunt,
386 1615 416 1643 h.
435 1624 464 1643 e.
477 1613 679 1650 conveniunt,
695 1612 849 1643 rationem
870 1613 966 1643 habe-

176 1658 321 1695 ‘bimus;
408 1658 571 1688 immorari
598 1656 694 1688 alicui
722 1656 769 1686 rei
803 1655 964 1693 dicuntur,

194 1701 251 1742 qui
263 1700 495 1742 diligentiorem
511 1710 622 1731 curam
643 1707 675 1731 et
699 1710 827 1740 operam
850 1700 884 1729 in
907 1699 967 1730 ali-

195 1755 259 1785 qua
275 1754 308 1774 re
324 1750 408 1775 recte
422 1744 586 1774 tractanda
599 1751 734 1784 ponunt.

237 1798 268 1818 v.
295 1786 478 1818 179-188.
521 1789 731 1822 Undecimum
747 1793 965 1827 praeceptum:

197 1837 220 1852 “
235 1832 318 1863 Cum
335 1842 382 1867 ea,
397 1842 471 1873 quae
486 1831 588 1861 oculis
602 1830 851 1870 conspiciuntur,
866 1829 970 1860 multo

193 1875 320 1918 gravius
335 1876 458 1905 animos
471 1880 682 1914 spectatorum
697 1871 845 1910 afficiant,
867 1883 966 1914 quam

193 1920 259 1956 illa,
289 1929 363 1959 quae
392 1918 578 1955 audiuntur,
608 1917 745 1948 horroris
772 1917 868 1957 plena
900 1927 966 1947 non

193 1962 294 1994 oculis
309 1965 342 1991 in
357 1972 451 1992 scena
472 1961 594 2002 subjici,
618 1961 673 1992 sed
700 1969 854 2002 tanquam
877 1960 965 1991 intus

194 2013 264 2038 acta
279 2006 397 2036 narrari
413 2004 565 2036 debent.”

236 2061 265 2080 v.
295 2048 367 2079 180.
393 2052 534 2090 Segnius,
564 2048 726 2089 eleganter
753 2058 831 2088 pro:
857 2049 989 2085 minus*

194 2095 405 2129 vehementer,
422 2091 534 2128 lenius,
552 2092 745 2133 languidius.

236 2149 266 2168 v.
295 2135 368 2173 181,
387 2135 460 2167 182.
473 2138 633 2179 fidelibus,
650 2135 690 2166 de
713 2136 760 2173 iis,
783 2145 856 2175 quae
874 2134 965 2165 audi·

194 2192 277 2218 mim,
307 2190 476 2220 possumus
505 2180 657 2214 dubitare,
688 2189 755 2209 non
780 2179 825 2209 ita
849 2178 890 2209 de
914 2179 963 2217 iis,

193 2236 266 2267 quae
290 2224 454 2261 videmus;
482 2223 556 2253 hinc
585 2224 668 2254 oculi
680 2224 793 2266 fideles
820 2222 962 2264 (πιστοί).

193 2275 276 2300 —et
300 2279 371 2310 quae
396 2270 469 2309 Ipse
497 2267 554 2298 sibi
581 2268 675 2297 tradit
701 2272 864 2307 spectator,
891 2276 964 2307 quae

193 2312 352 2349 audimus,
382 2311 551 2342 traduntur
580 2309 669 2340 nobis
697 2312 737 2341 ab
766 2310 854 2348 aliis;
892 2320 964 2350 quae

194 2367 268 2388 vero
289 2362 477 2395 spectamus,
506 2364 544 2384 ea
568 2353 628 2392 ipsi
660 2354 751 2384 nobis
771 2363 827 2393 per
855 2353 964 2384 oculos

194 2401 358 2432 tradimus.
445 2400 544 2434 incus,
558 2403 647 2427 extra
662 2407 799 2427 scenam.

238 2455 266 2474 v.
295 2440 367 2473 184·-
397 2453 467 2483 quae
492 2452 560 2472 moa·
581 2447 688 2472 narret
700 2441 862 2482 facundia
876 2451 960 2481 γνω-

193 2499 274 2526 sens,
290 2497 362 2527 quae
378 2494 451 2516 mox
467 2494 598 2524 persona
611 2483 646 2514 in
667 2494 794 2514 scenam
816 2483 963 2523 prodiens

194 2529 361 2575 (prensens)
389 2528 528 2560 facunde
556 2527 721 2564 edisserat;
746 2527 808 2557 nisi
825 2538 964 2568 prensens

194 2575 351 2615 explicare
365 2573 456 2603 malis
481 2571 521 2602 de
546 2581 688 2611 personna,
713 2581 785 2612 quae
810 2571 855 2601 rei
877 2571 964 2601 intus

194 2620 285 2650 factae
299 2627 436 2656 praesens
449 2615 595 2646 adfuerit.

238 2674 268 2693 v.
297 2659 368 2691 185.
390 2670 503 2701 pueros
518 2660 632 2691 Medea
646 2659 788 2695 trucidet,
804 2658 845 2688 cf.
868 2668 964 2698 supra

192 2706 235 2738 ad
250 2718 278 2737 v.
301 2704 374 2736 123.

238 2761 267 2780 v.
296 2748 369 2780 186.
395 2749 523 2783 Atreus,
541 2746 582 2777 de
603 2744 760 2776 horrenda
782 2744 837 2775 illa
859 2754 956 2781 coena,

192 2804 292 2835 quam
310 2797 427 2824 Atreus
442 2790 528 2822 fratri
541 2799 601 2821 suo
617 2789 764 2830 Thyestae
788 2789 959 2828 apparavit,

194 2838 257 2868 vid.
275 2847 371 2876 supra
383 2835 425 2867 ad
439 2846 468 2866 v.
486 2833 539 2866 91.
690 2850 692 2852 v

240 2892 268 2911 v.
308 2879 379 2911 187.
418 2881 453 2911 in
489 2889 589 2915 avem,
625 2874 800 2907 secundum
840 2875 957 2906 Anacr.

198 2924 288 2965 Virg.
319 2925 461 2964 Propert.
482 2929 516 2954 et.
539 2921 618 2953 alios
638 2921 672 2951 in
696 2918 873 2958 lusciniam,
896 2919 958 2950 vid.

1012 1221 1053 1252 ad
1071 1221 1189 1253 Catull.
1208 1221 1322 1253 LXV.
1343 1220 1408 1260 Mu,
1423 1222 1479 1254 sed
1499 1223 1676 1257 secuudum
1702 1225 1780 1258 Ovi-

1011 1265 1101 1296 dium
1116 1266 1150 1295 in
1165 1265 1379 1297 hirundinem.
1421 1267 1580 1298 caeterum
1593 1268 1701 1299 fabula
1717 1270 1780 1301 Te-

1011 1309 1068 1346 rei,
1087 1309 1231 1351 Prognes
1245 1316 1276 1340 et
1293 1309 1490 1348 Philomela,
1507 1317 1554 1342 eet
1573 1322 1638 1344 una
1658 1322 1778 1351 earum,

1012 1362 1091 1392 quas
1105 1352 1284 1383 felicissime
1299 1353 1444 1384 tractavit
1459 1354 1594 1386 Ovidius
1610 1355 1691 1387 Met.
1713 1357 1776 1388 vt.

1012 1394 1079 1427 425
1099 1406 1183 1436 seqq.
1231 1396 1284 1427 De
1308 1399 1436 1434 Cadmo,
1464 1397 1646 1430 Thebarum
1671 1401 1780 1431 condi-

1009 1446 1086 1513 gorg:
1102 1439 1137 1469 in
1151 1450 1290 1481 anguem
1303 1446 1436 1478 mutato,
1452 1442 1514 1471 vid.
1536 1442 1686 1482 Apollod.
1704 1443 1774 1474 111.

1055 1537 1083 1557 v.
1111 1524 1184 1557 188.
1209 1527 1261 1562 sic,
1278 1525 1406 1563 scilicet,
1421 1533 1458 1558 ut
1471 1527 1506 1557 in
1519 1538 1646 1559 scenam
1659 1530 1776 1569 produ-

1010 1580 1062 1601 cas
1076 1569 1282 1619 incredinilia,
1297 1570 1465 1601 hominum
1488 1571 1523 1601 in
1548 1582 1631 1610 πρε,
1657 1583 1780 1615 angues

1010 1619 1083 1645 cett.
1101 1619 1302 1645 mutanones.

1051 1668 1080 1687 v.
1103 1655 1286 1688 189—201.
1307 1658 1543 1691 Duodecimum
1555 1661 1775 1701 Proeoeptum:

1009 1705 1032 1721 “
1046 1700 1233 1732 Cavendum
1258 1706 1317 1737 est,
1342 1710 1384 1730 ne
1408 1701 1518 1733 fabula
1538 1702 1624 1734 ultra
1635 1704 1777 1745 quinque

1010 1752 1100 1775 actus
1115 1744 1268 1783 producta
1279 1743 1444 1775 fastidium
1458 1744 1587 1776 tandem
1597 1753 1682 1779 creet
1688 1758 1779 1788 spec-

1011 1788 1183 1824 tatoribus;
1207 1797 1248 1817 ne
1260 1787 1425 1826 repentino
1445 1787 1498 1822 dei
1522 1789 1658 1830 alicujus
1679 1790 1778 1823 iuter-

1012 1837 1109 1861 ventu
1125 1831 1170 1861 rei
1184 1830 1346 1870 implicitae
1367 1830 1472 1862 nodus
1493 1831 1676 1872 importuno
1696 1841 1779 1866 tem-

1009 1884 1085 1914 pore
1099 1874 1259 1912 solvatur;
1284 1884 1324 1904 ne
1339 1880 1452 1914 quarta
1473 1885 1606 1915 persona
1630 1877 1779 1910 sermoci-

1009 1917 1158 1949 nantibus
1171 1917 1205 1948 in
1218 1927 1313 1948 scena
1325 1927 1393 1949 sese
1412 1917 1608 1958 immisceat;
1637 1930 1679 1951 ne
1699 1922 1779 1962 quid

1008 1963 1121 1992 chorus
1143 1961 1320 1999 intercinat,
1347 1962 1435 2003 quod
1451 1972 1472 1992 a
1492 1972 1536 1999 re,
1562 1973 1636 2004 quae
1658 1965 1775 2006 agitur.

1007 2005 1147 2036 alienum
1162 2004 1234 2035 sit.”

1050 2059 1079 2078 v.
1107 2046 1181 2086 189,
1201 2046 1272 2079 190.
1299 2050 1387 2080 Neve
1402 2050 1505 2081 minor
1518 2055 1606 2088 cett„
1621 2057 1658 2082 ut
1670 2058 1776 2084 certus

1007 2091 1042 2122 in
1057 2091 1229 2123 scribendis
1243 2091 1492 2134 pei-agendisque
1505 2093 1622 2124 fabulis
1634 2102 1774 2127 servetur

1008 2135 1134 2172 modus,
1167 2135 1324 2167 Horatius
1355 2146 1408 2167 eas
1436 2146 1494 2167 nec
1523 2137 1606 2168 ultra
1634 2139 1777 2179 quinque

1007 2186 1097 2210 actus
1111 2178 1337 2219 producendas,
1361 2189 1420 2210 nec
1444 2180 1478 2211 in
1502 2181 1665 2220 pauciore-
1685 2183 1776 2214 actua

1007 2222 1194 2264 redigendas
1215 2233 1282 2253 esse
1310 2222 1422 2260 dooet;
1458 2222 1541 2259 ideo,
1574 2229 1611 2255 ut
1639 2223 1772 2263 videtur,

1006 2267 1082 2307 quia
1105 2273 1175 2297 tum
1201 2266 1316 2306 saepius
1340 2267 1527 2306 pecc-batur
1550 2267 1584 2298 in
1606 2274 1773 2309 utramque

1007 2317 1138 2350 partem.

1049 2364 1079 2384 v.
1107 2352 1181 2384 190.
1202 2354 1295 2394 posci.
1312 2363 1354 2384 sc.
1372 2352 1414 2384 ad
1427 2352 1642 2393 spectandum.
1721 2367 1770 2387 re-

1001 2399 1090 2438 poni,
1123 2398 1238 2428 iterum
1263 2396 1403 2436 spectari,
1432 2397 1542 2436 repeti,
1564 2397 1689 2437 iterari3
1726 2400 1771 2431 sic

1004 2450 1099 2481 supra
1114 2451 1142 2471 v.
1163 2439 1235 2470 120.
1253 2451 1398 2480 reponere
1411 2441 1563 2472 Achillem
1578 2451 1654 2480 pm:
1687 2452 1770 2474 novo

1004 2484 1143 2515 carmine
1157 2484 1198 2515 de
1211 2484 1335 2524 integro
1349 2483 1459 2518 laudes
1474 2484 1610 2515 Achiuis
1623 2495 1743 2517 canere.

1050 2538 1078 2558 v.
1107 2526 1180 2558 191.
1209 2528 1513 2563 Necdeusimersie,
1530 2535 1602 2558 cett.
1653 2529 1770 2561 Necin

1006 2578 1108 2611 partes
1122 2573 1249 2601 vocetur
1269 2573 1343 2602 deus
1369 2571 1470 2612 (quod
1490 2570 1587 2613 vulgo
1611 2582 1708 2606 nunc,
1720 2573 1768 2604 di-

1005 2614 1101 2655 eitur)
1116 2626 1153 2646 ez·
1165 2615 1321 2650 machina,
1336 2613 1396 2644 nisi
1417 2624 1466 2644 res
1486 2613 1648 2654 implicita,
1670 2627 1769 2657 quam

1005 2658 1084 2689 deus
1097 2658 1210 2699 aliquis
1223 2665 1350 2696 repente
1363 2667 1516 2697 apparens
1529 2659 1683 2698 expediat,
1695 2660 1768 2702 dig-

1006 2713 1047 2732 na
1074 2701 1125 2733 sit.
1174 2700 1283 2740 Carpit
1310 2700 1428 2732 scilicet
1454 2701 1536 2733 Hor.
1569 2711 1623 2734 eos
1757 2727 1766 2740 ,

1001 2746 1057 2786 qui
1071 2745 1113 2776 ad
1126 2755 1194 2775 rem
1210 2754 1433 2785 quamcunque
1453 2744 1682 2785 expediendam
1703 2753 1768 2779 sta-

1002 2790 1061 2820 tim
1075 2789 1115 2820 ad
1128 2788 1224 2820 deum
1239 2787 1438 2829 confugiunt,
1463 2795 1572 2820 utrum
1595 2784 1702 2832 dig'ne,
1724 2801 1766 2823 an

1003 2831 1134 2874 indigne
1147 2832 1210 2868 fiat,
1227 2841 1338 2871 parum
1353 2838 1506 2863 curantes.
1550 2833 1640 2864 Hinc
1655 2831 1767 2865 Cicero

1007 2876 1060 2907 De
1077 2876 1151 2907 Nat.
1171 2875 1214 2906 D.
1233 2885 1260 2905 c.
1278 2873 1331 2905 20.
1386 2877 1427 2907 Ue
1442 2877 1551 2916 tragici
1558 2884 1668 2917 poete,
1691 2889 1766 2909 cum

1003 2921 1151 2961 aplicare
1187 2920 1364 2960 argumenti
1393 2921 1508 2952 exitum
1539 2932 1604 2953 non
1628 2922 1764 2962 potestis.
