1904 3250
249 189 333 228 400

878 183 1183 231 HORATII

1623 197 1730 246 [Lm.
1753 207 1803 236 11.

365 311 553 355 Cerritus
574 309 684 352 fuit?
714 324 767 351 an
789 318 1010 351 commotae
1031 312 1203 355 crimine
1223 317 1371 358 mentis

359 381 566 436 Absolves
586 379 813 428 hominem,
835 388 878 420 et
897 378 1064 420 sceleris
1085 379 1302 426 damnabis
1321 386 1514 437 eundem,

244 457 328 495 280
360 453 429 495 Ex
449 467 566 494 more
586 452 806 507 imponens
827 459 1006 509 cognata
1025 453 1229 496 vocabula
1247 456 1410 499 rebus?

362 525 605 567 Libertinus
626 531 728 574 erat,
751 524 823 581 qui
844 525 1003 567 circum.
1023 527 1209 582 compita
1227 527 1361 570 siccus

358 598 505 640 Lautis
526 612 649 639 mane
670 613 799 639 senex
819 599 1011 641 manibus
1032 600 1252 643 currebat:
1284 609 1338 652 et,
1363 601 1522 655 Unum,

359 667 576 717 Quiddam
596 682 797 726 magnum
816 668 990 719 addens,
1011 685 1143 711 unum
1163 686 1231 712 me
1251 672 1410 727 surpite
1428 675 1565 725 morti,

356 739 452 781 Diis
474 740 627 782 etenim
646 739 767 782 facile
787 748 863 792 est,
886 742 1058 792 orabat3
1091 757 1216 784 sanus
1236 744 1424 800 utrisque

241 814 323 852 285
357 810 546 852 Auribus
567 817 692 867 atque
712 810 868 861 oculis3
899 819 1096 864 mentem,
1117 813 1198 853 nisi
1218 812 1437 870 litigiosus,

356 882 584 939 Exciperet
605 883 799 925 dominus
821 899 916 926 cum
937 884 1162 926 venderet:
1194 879 1275 926 hoc
1295 901 1464 943 quoque
1484 885 1632 944 vulgus

356 951 623 1009 Chrysippus
642 953 762 1008 ponit
780 952 979 995 foecunda
998 954 1042 994 in
1061 961 1187 1011 gente
1210 953 1400 996 Meneni.

354 1025 533 1081 Jupiter,
555 1025 745 1083 ingentes
766 1027 839 1083 qui
858 1026 934 1068 das
956 1026 1188 1083 adimisque
1209 1026 1391 1078 dolores,

354 1096 497 1139 Mater
518 1098 575 1139 ait
594 1098 715 1153 pueri
735 1113 899 1141 menses
914 1100 1004 1155 jam
1022 1100 1209 1156 quinque
1229 1101 1434 1152 cubantis,

236 1169 322 1208 290
355 1166 528 1224 Frigida
547 1168 582 1208 si
601 1182 782 1223 puerum
802 1175 1006 1225 quartana
1026 1168 1254 1225 reliquerit,
1275 1169 1349 1212 isso

355 1237 488 1280 Mane
509 1238 590 1289 die,
614 1254 698 1295 quo
719 1247 765 1281 tu
786 1240 935 1282 indicis
950 1241 1122 1297 jejunia,
1144 1240 1284 1283 nudus

233 1345 275 1383 ei,
305 1355 400 1386 quem
438 1345 593 1376 Horatius
620 1346 808 1376 hexametris
837 1346 996 1386 expressit,

234 1388 348 1426 vicino,
376 1388 532 1419 Thaidem
554 1390 659 1429 ignem
681 1395 779 1427 vocat,
803 1392 875 1421 Act.
897 1388 925 1420 l.
943 1392 992 1421 Sc.

233 1431 266 1464 2.
293 1431 325 1463 5.
361 1434 483 1464 Accede
502 1434 544 1464 ad
564 1434 669 1473 ignem
689 1435 775 1465 hunc
798 1432 994 1475 (Thaidem),

225 1476 303 1516 jam
323 1477 452 1507 calesces
462 1477 536 1516 plus
549 1478 634 1507 salis.
657 1475 748 1518 Virg.
775 1477 890 1517 Eclog.
918 1476 991 1507 ΙΙΙ.

234 1519 288 1551 66.
316 1530 403 1552 meus
427 1521 508 1559 ignis
532 1520 699 1561 Amyntas.
772 1522 880 1553 Gladio
904 1530 994 1551 scm·

232 1570 311 1600 tare,
327 1573 400 1594 ense
414 1568 552 1602 percute,
568 1562 726 1605 transfige.
751 1563 873 1594 Lucan.
888 1563 995 1594 VIII.

237 1606 311 1638 557.
342 1607 425 1641 Quid
438 1608 553 1638 viscera
574 1613 678 1638 nostra
700 1610 846 1639 scrutaris
857 1608 960 1647 gladio
974 1606 992 1637 ἕ)

236 1669 280 1676 —
294 1651 381 1682 modo
402 1649 482 1681 refer
503 1649 544 1681 ad
564 1652 651 1682 adde.
665 1668 709 1675 —
719 1653 810 1683 Adde
825 1652 913 1682 modo
929 1650 993 1692 (in-

232 1693 340 1734 super)
356 1693 398 1724 ad
418 1694 499 1724 hanc
522 1694 555 1723 in
579 1703 686 1724 amore
706 1694 871 1726 stultitiam
891 1693 995 1724 multo

1082 1357 1111 1376 v.
1129 1346 1205 1378 283.
1229 1349 1385 1383 Quiddam
1405 1358 1558 1388 magnum
1579 1350 1706 1386 addens,
1721 1349 1802 1390 quid

1038 1389 1120 1420 illud
1142 1401 1296 1430 magnum
1328 1390 1434 1429 fuerit,
1459 1391 1546 1432 quod
1570 1391 1734 1423 libertinus
1756 1392 1802 1427 ad*

1039 1433 1114 1464 deos
1139 1434 1199 1465 sibi
1225 1434 1438 1465 conciliandos
1459 1434 1603 1475 precibus
1632 1435 1799 1473 addiderit,

1038 1476 1222 1507 divinationi
1241 1477 1388 1508 relictum
1411 1483 1478 1514 est3
1510 1477 1639 1509 fortasse
1663 1478 1797 1510 solemni

1037 1521 1247 1551 exsecratione
1266 1531 1299 1551 se
1312 1527 1415 1551 totum
1436 1520 1496 1552 diis
1516 1520 1652 1559 devovit,
1674 1522 1724 1553 vel
1739 1522 1798 1553 ali-

1036 1563 1125 1604 quid,
1139 1563 1226 1605 quod
1239 1575 1391 1604 magnum
1405 1574 1472 1595 esse
1493 1565 1633 1604 putabat,
1654 1575 1797 1606 pronun-

1036 1607 1139 1638 ciavit.
1187 1609 1253 1639 Fea
1268 1607 1308 1638 ad
1326 1606 1421 1638 fidem
1440 1607 1671 1640 nonnullorum
1695 1609 1797 1640 Codd.

1036 1649 1154 1681 edidit:
1184 1652 1288 1692 (Quid
1308 1657 1375 1682 tam
1388 1651 1571 1692 magnum?
1593 1652 1726 1693 addens)
1741 1653 1798 1685 sed

1036 1693 1070 1724 id
1084 1704 1140 1733 per
1153 1695 1255 1732 verba,
1278 1703 1351 1734 quae
1371 1700 1565 1736 sequuntur:
1591 1697 1666 1728 Diis
1679 1698 1796 1729 etenim

228 1737 330 1779 magis
343 1737 594 1778 cognoscendam
611 1736 706 1768 caedis
718 1738 922 1774 atrocitatem,
938 1736 990 1767 vel
1017 1739 1120 1780 facile
1128 1744 1171 1768 est
1184 1736 1380 1777 exprimitur.
1430 1739 1626 1778 ςυφᾶιερῐοε
1640 1739 1794 1780 sun-ipim.
1817 1761 1824 1768 .

229 1780 340 1812 scelus.

271 1834 300 1854 v.
319 1821 395 1854 277.
421 1825 551 1856 Hellade
565 1835 712 1865 percussa
726 1826 862 1856 Marius.
883 1823 986 1855 Schol.

231 1868 307 1898 Aer.
333 1868 461 1899 Marius
475 1870 602 1909 quidam
616 1870 650 1899 ob
671 1880 811 1900 amorem
826 1869 991 1900 Helladem

228 1913 388 1954 quandam
399 1914 539 1951 lmetlam
561 1913 680 1948 occidit,
702 1923 778 1943 cum
797 1913 834 1942 ab
855 1922 893 1942 ea
914 1922 988 1943 ccm-

227 1960 428 1992 temneretur,
442 1962 473 1987 et
487 1966 518 1987 se
529 1962 633 1996 postea
647 1957 858 1996 praecipitavit.

271 2010 300 2030 v.
317 1996 392 2028 278.
417 2000 531 2031 menti-s·
544 2005 712 2037 commotas,
733 1999 840 2030 furore
853 1997 989 2039 percitae,

227 2049 264 2074 ut
278 2054 306 2073 v.
324 2041 398 2072 209.
422 2049 601 2074 commotus.

269 2097 300 2116 v.
316 2084 390 2116 279.
410 2088 534 2118 Sceleris
547 2087 712 2118 damnabis
725 2088 872 2118 eundem.
903 2085 989 2117 Nam

226 2136 264 2161 ut
277 2141 308 2160 v.
324 2128 399 2160 210.
424 2129 559 2161 dicitur:
585 2131 763 2162 scuuitiane
783 2136 875 2167 erret,
895 2130 990 2162 niha-

225 2186 281 2207 um
294 2174 424 2209 distabit,
439 2185 485 2205 cm
499 2175 557 2204 ira.

270 2228 299 2248 v.
325 2215 401 2248 280.
433 2223 564 2257 cognata
585 2218 742 2254 vocabula,
768 2218 989 2257 cognationem

225 2260 364 2302 aliquam
393 2259 474 2290 inter
502 2271 535 2291 se
563 2261 718 2292 habentia.
767 2261 872 2292 Schol.
907 2260 984 2291 Aer.

225 2306 346 2337 diversa
361 2305 497 2344 quidem,
511 2306 564 2335 sed
577 2316 640 2336 non
654 2306 792 2336 ‘multum
805 2306 964 2336 distantia.

269 2358 298 2378 v.
322 2345 506 2378 281-287.
541 2347 707 2378 Stertinius
727 2348 864 2389 denique
884 2346 986 2379 homi-

225 2402 305 2423 num
326 2390 480 2422 insaniam
501 2401 557 2431 per
577 2401 624 2428 ea,
647 2402 718 2432 quae
739 2399 851 2431 praeoer
871 2397 987 2422 sortem

224 2445 315 2466 suam
342 2440 506 2475 appetunt,
535 2441 566 2465 et
595 2445 651 2474 per
674 2441 756 2473 vota,
782 2445 854 2475 quae
877 2434 985 2465 animo

226 2477 417 2516 concipiunt,
431 2478 583 2518 exemplis
596 2479 715 2517 probat.

269 2533 298 2552 v.
316 2519 392 2552 281.
415 2523 535 2555 circum
554 2523 695 2562 compita,
717 2521 772 2552 ubi
793 2520 838 2552 dii
859 2520 983 2552 domes-

226 2566 278 2597 tici
293 2565 419 2606 publice
430 2563 623 2596 colebantur.
651 2565 755 2596 Schol.
775 2564 851 2595 Aer.
875 2566 981 2596 Jusse-

223 2616 274 2645 rat
289 2611 453 2650 Augusm
465 2610 502 2641 in
516 2609 654 2649 compitis
667 2611 735 2639 deos
757 2610 891 2640 Penates
911 2618 984 2638 con-

225 2655 322 2691 stitui,
352 2659 390 2685 ut
417 2653 580 2685 studiosius
614 2653 798 2682 colerentur.
865 2652 983 2687 Siccus,

1074 1791 1103 1812 v.
1132 1779 1305 1817 285‚286.
1333 1782 1580 1813 ment-nisilit.
1607 1783 1792 1818 Endon.

1033 1835 1103 1856 cum
1119 1827 1270 1859 venderet,
1287 1823 1446 1863 domiuus,
1464 1823 1525 1855 nisi
1538 1825 1566 1856 is
1580 1831 1626 1856 est
1640 1825 1796 1868 litigiosus

1034 1873 1066 1898 et
1094 1867 1326 1904 fraudulentus,
1355 1877 1430 1899 cum
1453 1868 1608 1909 ejunnodi
1631 1869 1797 1909 hominem

1032 1910 1187 1946 venderet,
1217 1917 1355 1943 mentem
1389 1911 1535 1952 &cnseret
1561 1912 1594 1942 h.
1626 1922 1654 1942 e.
1685 1912 1792 1955 libere,

1033 1964 1108 1985 eum
1131 1965 1195 1986 non
1211 1964 1295 1991 sanae
1309 1953 1424 1985 mentis
1437 1965 1514 1992 esse,
1535 1955 1662 1988 diceret.
1683 1956 1798 1991 Schol.,

1035 1997 1152 2038 Porph.
1192 2000 1253 2034 Qui
1273 1999 1412 2029 vendunt
1434 2000 1601 2039 mancipia,
1623 2000 1722 2032 solent
1737 2003 1792 2035 11oe

1032 2042 1163 2082 adjicere
1177 2056 1189 2073 .·
1213 2045 1315 2075 Sanus
1329 2052 1452 2082 corpore
1463 2048 1493 2074 et
1507 2044 1622 2075 animo.
1667 2043 1733 2078 Cic.
1748 2043 1792 2075 de

1034 2085 1128 2116 Offic.
1148 2085 1220 2117 111.
1242 2083 1293 2116 17.
1323 2086 1368 2117 In
1382 2087 1607 2126 mancipiorum
1621 2089 1791 2122 venditione

1031 2129 1302 2172 venditor-isflaus
1315 2129 1415 2163 amm}
1426 2131 1586 2170 ενι-ἱρέων.

1075 2183 1105 2203 v.
1126 2171 1200 2203 287.
1235 2174 1304 2205 Hoc
1324 2183 1445 2213 quoque
1464 2174 1547 2214 vulg.
1572 2173 1727 2214 atym.
1744 2190 1788 2198 —-

1032 2215 1174 2253 Meneni,
1198 2216 1256 2246 hos
1274 2225 1411 2257 quoque.
1432 2215 1534 2258 qualis
1552 2214 1716 2247 libertinus
1734 2215 1790 2248 ille

1031 2266 1109 2298 erat,
1124 2270 1143 2290 e
1156 2259 1253 2301 vulgo
1266 2259 1409 2291 homiues
1421 2257 1462 2291 ad
1474 2258 1654 2291 foecundam
1671 2259 1786 2291 Mene-

1029 2303 1076 2333 nii
1097 2310 1226 2345 gentem
1251 2301 1446 2345 Chrysippus
1467 2301 1582 2341 refen3
1604 2301 1681 2333 vixit
1700 2303 1786 2334 enim

1029 2352 1100 2377 tum
1127 2346 1276 2386 temporis
1305 2352 1372 2376 tam
1398 2343 1503 2376 stultae
1530 2345 1646 2378 mentis
1678 2346 1784 2382 hmno.

1030 2391 1207 2425 Menenius,
1228 2395 1268 2419 .ut
1287 2387 1456 2420 stultorum
1481 2394 1561 2419 met
1579 2388 1668 2430 quasi
1681 2396 1785 2430 patet..

1026 2433 1171 2467 familias,
1188 2431 1237 2462 vel
1251 2430 1356 2463 stultae
1369 2429 1474 2470 stirpis
1486 2430 1638 2471 princeps.

1070 2487 1099 2506 v.
1124 2474 1199 2507 289.
1225 2475 1375 2511 cubantis,
1401 2474 1601 2516 aegrotmtis3
1622 2475 1664 2507 ct:
1689 2486 1784 2517 supra

1025 2520 1066 2551 ad
1083 2520 1147 2551 Sat.
1167 2519 1194 2549 Ι.
1213 2517 1244 2548 9.
1265 2516 1314 2548 18.

1067 2574 1096 2594 v.
1114 2560 1187 2593 291.
1212 2563 1262 2592 illo
1284 2562 1385 2592 Mane
1405 2561 1463 2597 die,
1484 2571 1556 2602 quo.
1580 2561 1686 2593 Schol.
1704 2563 1783 2596 Por.

1026 2608 1114 2647 phyr.
1137 2607 1186 2638 die
1210 2606 1313 2640 Jovis,·
1340 2603 1392 2634 hic
1414 2603 1482 2635 dies
1505 2603 1590 2637 onim
1615 2616 1702 2637 sacer
1721 2607 1783 2639 fuit

1026 2650 1095 2686 deo,
1111 2660 1130 2680 a
1143 2658 1207 2690 quo
1221 2657 1336 2679 nomen
1347 2647 1476 2688 accepit.
1547 2649 1599 2680 Tu
1609 2650 1719 2682 indias
1728 2651 1782 2691 je.

223 2696 356 2734 sobrius,
379 2695 437 2738 qui
460 2705 552 2727 mane
574 2694 732 2725 nihildum
761 2693 821 2725 cibi
849 2699 980 2734 potusve
1011 2693 1123 2734 junia.
1138 2698 1170 2724 te
1184 2691 1314 2732 jubente
1335 2690 1516 2723 indicuntur
1531 2691 1675 2733 jejunia3
1696 2694 1783 2734 apud

223 2739 345 2772 sumsit.
367 2739 471 2780 Supra
485 2737 548 2771 Od.
562 2737 625 2769 IV.
642 2737 674 2768 5.
690 2736 742 2768 39.
767 2739 917 2770 Dicimus
929 2738 979 2768 in-
1023 2736 1152 2767 Livium
1176 2732 1352 2766 XXXVI.
1374 2733 1428 2766 37.
1441 2734 1578 2775 jejunia.
1604 2736 1711 2769 Cereri
1730 2737 1781 2769 in-

225 2791 306 2825 tegre
322 2785 402 2822 Sicci
414 2793 508 2815 mane
520 2783 578 2814 die.

265 2838 294 2858 v.
321 2826 396 2858 282.
421 2827 536 2859 Lautt‘s
558 2825 715 2862 manibus,
743 2823 847 2855 Schol.
880 2823 978 2864 Cruq.

222 2873 295 2911 quia
308 2873 443 2903 solebant
461 2869 620 2911 precaturi
637 2870 705 2899 deos
718 2878 834 2899 manus
848 2873 877 2898 et
889 2869 981 2907 pedes

223 2915 357 2947 abluere.
406 2914 595 2954 Interpretes
615 2910 649 2942 in
670 2911 751 2942 hanc
769 2920 834 2942 rem
850 2909 980 2941 laudant

226 2957 358 2989 Hesiod.
391 2958 454 2997 Op.
477 2962 509 2988 et
535 2956 580 2988 D.
602 2953 676 2986 724.
702 2954 803 2985 Hom.
835 2953 927 2986 Iliad.
952 2953 978 2984 1.

225 2998 297 3031 449.
320 3002 381 3033 VI.
399 3001 473 3034 266.
494 2999 607 3041 Odyss.
622 2998 693 3031 111.
711 2996 784 3029 440.

1025 2778 1191 2815 sumenda,
1206 2787 1246 2808 ex
1260 2776 1346 2808 libris
1363 2777 1523 2819 Sibyllinis
1541 2789 1562 2809 a
1584 2779 1779 2812 Decemviri..

1024 2821 1215 2852 indicuntur.
1264 2820 1317 2851 De
1330 2821 1465 2862 jejuniis
1489 2824 1574 2863 apud
1593 2829 1706 2856 veteres
1725 2834 1784 2862 cc·-⁴

1023 2866 1110 2905 piose
1123 2863 1291 2905 disputavit
1311 2866 1515 2906 Spanhemius
1528 2864 1569 2896 ad
1586 2866 1710 2897 Gallim.
1726 2867 1774 2899 H.

1022 2911 1055 2939 in
1073 2909 1144 2940 Cer.
1159 2918 1188 2939 v.
1206 2907 1237 2938 6.
1284 2909 1337 2939 De
1347 2908 1483 2950 jejuniis
1503 2910 1553 2940 die
1573 2911 1655 2942 Jovis
1675 2921 1696 2942 a
1715 2912 1778 2943 Ju-

1023 2954 1095 2984 daeis
1116 2952 1267 2984 institutis
1288 2950 1396 2982 laudat
1421 2953 1575 2984 Gemerus
1595 2955 1714 2987 selden.
1737 2953 1778 2987 de

1026 2995 1055 3027 I.
1074 2995 1117 3027 N.
1139 2995 1208 3028 111.
1239 2993 1286 3026 15.
1334 2994 1444 3027 Obiter
1468 2994 1596 3028 sortasse
1624 2995 1777 3029 Horatius
