1904 3250
216 124 298 162 576

850 125 1159 168 HORATII

332 246 406 298 Ut,
429 249 500 305 qui
521 250 717 291 conducti
737 250 906 305 plorant
925 251 969 292 in
989 250 1148 303 funere,
1171 252 1316 295 dicunt

329 319 385 360 Et
404 319 562 362 faciunt
581 336 715 376 prope
734 321 858 377 plura
878 322 1116 365 dolentibus
1137 339 1192 366 ex
1211 325 1364 378 animo,
1388 328 1448 369 sic

326 391 506 433 Derisor
526 407 626 433 vero
646 392 742 448 plus
762 393 981 436 laudatore
1000 398 1206 437 movetur.

329 461 468 518 Reges
489 461 688 503 dicuntur
707 463 850 505 multis
870 480 1052 521 urguere
1074 465 1253 516 culullis‚

206 533 293 571 435
326 530 383 572 Et
403 539 599 587 torquere
620 547 751 583 mero,
774 549 899 590 quem
919 535 1184 590 perspexisse
1204 535 1417 587 laborant,

324 600 395 641 An
417 600 470 641 sit
490 601 672 643 amicitia
691 602 857 659 dignus.

922 604 967 646 Si
993 605 1179 646 carmina
1200 605 1371 656 condes,

324 674 554 732 Nunquam
574 684 615 718 te
635 676 783 719 fallant
803 678 930 719 animi
952 679 1030 720 sub
1051 679 1177 735 vulpe
1198 678 1389 721 latentes.

323 747 532 797 Quintilio
553 750 587 790 si
609 750 710 806 quid
731 751 941 803 recitares,
967 752 1159 810 Corrige,
1184 752 1320 802 sodes,

323 817 434 870 Hoc,
457 820 606 871 aiebat,
630 829 672 862 et
691 820 796 871 hoc3
827 816 976 863 melius
997 830 1038 863 te
1058 837 1183 878 posse
1205 836 1396 879 negareS,

204 890 288 927 440
322 887 395 929 Bis
416 896 564 946 terque
585 898 809 945 expertum
829 890 997 941 frustra,
1020 890 1160 932 delere
1174 891 1366 947 jubebat,

323 961 379 1002 Et
398 961 508 1003 male
528 970 716 1004 tornatos
737 963 880 1005 incudi
900 964 1079 1006 reddere
1100 979 1258 1006 versus.

322 1031 367 1073 Si
389 1031 614 1074 defendere
635 1032 848 1084 delictum,
872 1049 999 1090 quam
1020 1042 1196 1084 vertere,
1220 1033 1380 1084 malles,

320 1100 498 1142 Nullum
518 1101 629 1143 ultra
649 1102 825 1144 verbum
845 1110 918 1144 aut
937 1118 1112 1159 operam
1132 1103 1369 1145 insumebat
1388 1103 1568 1154 inanem,

321 1173 439 1223 Quin
460 1175 548 1216 sine
568 1175 689 1218 rivali
709 1183 833 1232 teque
855 1184 896 1217 et
915 1183 989 1218 tua
1010 1176 1122 1218 solus
1144 1192 1319 1219 amares.

200 1310 302 1340 etiam.
392 1311 524 1345 stillabit,
549 1309 689 1341 stillatim
715 1320 753 1340 ex
781 1310 881 1342 oculis
910 1311 964 1342 de-

199 1352 304 1383 mittet
331 1352 532 1384 lacrimarum
561 1359 676 1394 guttas,
706 1354 866 1395 eleganter
887 1365 960 1394 pro:

199 1395 392 1434 lacrimabit3
415 1398 532 1428 stillare
548 1396 663 1439 (sinere
678 1397 808 1436 stillare)
825 1408 898 1428 cum
913 1408 966 1428 ac-

196 1439 348 1477 cusativo‚
371 1446 408 1470 ut
433 1451 564 1472 manare
586 1443 678 1472 mella
699 1442 827 1481 poetica.
862 1442 964 1481 Supra

199 1482 303 1523 Epist.
325 1484 354 1514 1.
374 1483 423 1514 19.
441 1482 508 1521 44η,
524 1484 579 1514 ubi
596 1483 657 1514 vid.
675 1490 740 1514 not.
819 1486 962 1516 lacrima-

181 1538 273 1564 ⁸rum
297 1539 345 1559 ros
370 1527 455 1567 apud
484 1526 578 1559 Ovid.
608 1527 689 1558 Met.
709 1527 808 1558 XIV.
828 1527 902 1559 708.
919 1546 964 1552 —

194 1572 312 1607 amicis,
339 1571 399 1610 piis
420 1579 452 1602 et
472 1571 601 1602 intimos
621 1571 711 1615 quasi
731 1571 830 1602 animi
854 1581 963 1602 sensus

195 1614 410 1653 prodentibus.

238 1667 268 1687 v.
285 1655 360 1688 430.
379 1660 490 1690 tundet
506 1659 586 1698 pede
606 1664 735 1695 terram,
753 1668 886 1689 summae
909 1669 963 1689 vo-

193 1700 334 1740 luptatis,
349 1711 445 1742 quam
467 1700 604 1737 simulat,
625 1711 720 1731 sensu
740 1703 887 1741 abreptus
901 1703 961 1732 sal-

193 1744 273 1775 tabit
281 1756 291 1782 ;
315 1745 360 1775 sic
381 1755 476 1784 supra
499 1744 563 1776 Od.
584 1744 615 1775 1.
630 1743 662 1775 4.
684 1743 714 1775 7.
747 1745 865 1776 Gratim
887 1756 962 1776 cum

194 1787 356 1827 Nymphis
370 1788 518 1819 saltantes
531 1789 654 1819 alterno
663 1790 741 1829 pede
756 1795 871 1820 terram
882 1801 959 1830 qua-

190 1837 255 1862 tere
268 1830 429 1861 dicuntur.

236 1885 266 1904 v.
282 1872 358 1912 431,
374 1873 450 1905 432.
473 1876 631 1911 conducti,
645 1874 790 1906 mercede
803 1874 961 1906 conduce-

191 1918 316 1954 bantur,
332 1917 389 1958 qui
405 1918 543 1957 ploratus
564 1917 599 1948 in
616 1917 728 1950 funere
742 1917 889 1957 ederent;
910 1929 958 1949 re-

190 1961 293 2000 spexit
309 1961 392 1992 Hor.
409 1963 556 1993 mulieres
573 1964 726 2005 praeflcas,
743 1961 959 1993 lamentationi

190 2004 280 2044 quasi
302 2005 484 2044 praefectas3
511 2004 575 2036 vid.
600 2007 743 2037 Kircltm.
771 2007 809 2036 de
831 2008 954 2038 Funer.

192 2050 285 2079 Rom.
307 2048 357 2080 11.
372 2059 399 2079 c.
417 2048 480 2079 VI.
550 2050 608 2080 dic.
623 2050 745 2091 Etfac.
760 2060 853 2090 prope
863 2052 958 2090 plura

189 2093 299 2124 dolent.
318 2103 354 2123 ez*
377 2093 494 2130 animo,
518 2091 653 2123 dicendo
678 2092 772 2134 (dum
794 2092 829 2122 in
851 2093 960 2124 laudes

190 2135 309 2166 mortui
325 2134 512 2175 erumpunt)
530 2143 561 2166 et
581 2135 728 2166 faciendo
745 2135 839 2179 (dum
860 2138 960 2167 crines

189 2178 340 2209 scindunt
364 2185 396 2209 et
417 2178 576 2220 plangunt
600 2186 726 2218 pectora
750 2179 842 2219 cett.)
868 2179 960 2220 plura

189 2221 307 2252 doloris
321 2222 413 2264 signa
425 2223 535 2260 edunt,
549 2233 644 2265 quam
654 2223 709 2264 qui
720 2233 760 2254 ex
772 2233 846 2254 vero
860 2223 959 2254 animi

189 2275 284 2296 sensu
300 2265 419 2297 dolent.

234 2319 263 2339 v.
290 2307 365 2340 433.
399 2310 540 2347 Derisor,
570 2309 625 2350 qui
649 2309 851 2340 simulatione
879 2309 958 2341 alios

188 2351 282 2390 ludit,
299 2360 336 2384 ut
350 2363 445 2393 supra
461 2353 525 2384 Sat.
547 2352 596 2383 II.
611 2352 642 2383 6.
660 2351 713 2384 54⁴.
803 2360 955 2392 movetur,

189 2396 328 2427 externis
341 2396 458 2428 scilicet
471 2396 606 2438 graviter
621 2396 771 2428 commoti
785 2397 883 2428 anitni
894 2398 957 2440 sig-

187 2449 248 2470 ms.

233 2493 263 2513 v.
281 2481 356 2514 434.
384 2485 494 2524 Reges,
516 2483 679 2519 beatiores,
695 2482 816 2522 divites,
832 2490 869 2515 ut
883 2495 954 2524 pas-

188 2525 259 2564 sim,
285 2537 314 2557 e.
341 2537 368 2557 c.
398 2537 492 2566 supra
520 2526 583 2558 Od.
612 2527 640 2557 I.
666 2525 697 2557 4«.
720 2525 770 2558 14⁴.
860 2530 951 2559 mult.

187 2581 261 2610 urg.
294 2572 373 2608 cul„
406 2581 481 2602 eum
510 2580 651 2610 premere
679 2570 789 2601 multis
817 2571 955 2610 culullis,

191 2615 279 2655 (noaz
316 2615 436 2654 tiicktig
464 2613 648 2654 zutrinlten)
679 2625 773 2655 quem
809 2621 880 2645 cett.
914 2614 954 2646 de

187 2659 315 2695 culullo,
331 2657 447 2696 poculo
461 2657 632 2698 capaciore,
648 2656 710 2688 vid.
725 2667 819 2697 supra
832 2657 873 2688 ad
891 2658 956 2689 Od.

231 2754 262 2775 v.
294 2742 370 2775 435.
399 2751 540 2786 torquere
567 2755 662 2781 mero,
692 2743 776 2782 vino,
803 2749 954 2785 tanquam

187 2788 335 2818 tormenti
343 2789 479 2829 quodam
488 2798 613 2830 genere,
625 2788 761 2828 aliquem
773 2787 932 2827 explorare
941 2800 952 2826 ;

187 2830 262 2861 hinc
283 2842 377 2872 supra
401 2831 504 2872 Epist.
527 2833 554 2863 Ι.
575 2830 625 2863 18.
643 2829 696 2862 38.
732 2833 952 2863 Commissum-

188 2885 248 2913 que
263 2881 344 2915 teges
358 2882 387 2907 et
402 2877 472 2908 vino
487 2882 586 2907 tortus
600 2882 631 2907 et
651 2877 710 2912 ira,
737 2881 768 2905 et
793 2874 856 2907 Od.
877 2875 950 2907 111.

187 2915 241 2949 21.
263 2917 313 2950 13.
331 2918 443 2951 vinum
458 2925 586 2951 vocatur
599 2924 800 2952 tormemum.

1051 1322 1080 1341 v.
1098 1310 1173 1348 436,
1189 1310 1263 1342 437.
1289 1314 1323 1343 Si
1343 1312 1483 1343 car-mina
1500 1313 1620 1349 condes,
1646 1311 1697 1342 Tu
1712 1311 1773 1353 igi-

1008 1361 1070 1391 tur,
1087 1355 1111 1385 si
1128 1365 1233 1385 versus
1250 1366 1269 1386 a
1282 1361 1314 1385 te
1327 1355 1426 1385 factos
1440 1354 1594 1391 recitabis,
1617 1364 1691 1386 cave
1704 1356 1771 1392 tibi,

1009 1408 1050 1428 ne
1064 1409 1206 1439 unquam
1228 1405 1260 1429 te
1280 1398 1393 1428 ludant
1413 1404 1626 1428 assentatores..
1715 1401 1771 1430 sub

1006 1443 1104 1482 vulpe,
1117 1443 1176 1473 sub
1184 1448 1295 1472 astutae
1306 1441 1407 1480 vulpis
1416 1440 1571 1480 pellicula.
1587 1442 1646 1472 sub
1656 1441 1772 1472 callido

1006 1491 1149 1525 pectore;
1166 1487 1270 1525 vulpes
1285 1485 1380 1521 enim,
1393 1483 1509 1514 animal
1521 1484 1769 1522 callidissimum,

1006 1528 1190 1567 proverbiali
1205 1528 1365 1559 locutione
1381 1537 1436 1566 pro
1450 1526 1563 1557 callido
1584 1529 1695 1568 quovis
1714 1539 1770 1567 po-

1006 1571 1101 1602 nitur.
1130 1571 1257 1602 Persius
1274 1571 1314 1602 V.
1336 1570 1406 1602 116.
1429 1569 1459 1600 7.
1490 1572 1676 1602 Peniculum
1691 1578 1771 1603 vete-

1005 1626 1073 1647 rem
1087 1616 1209 1652 retines,
1220 1621 1248 1646 et
1251 1616 1364 1657 fronte
1375 1616 1487 1655 politus
1498 1615 1648 1645 Anniam
1661 1617 1770 1656 vapido

1005 1669 1106 1690 servas
1119 1660 1175 1689 sub
1184 1666 1306 1699 pectore
1320 1660 1454 1698 vulpem.

1048 1713 1078 1731 v.
1097 1700 1172 1732 438.
1195 1703 1377 1738 Quintilius,
1391 1711 1486 1742 quam
1503 1709 1594 1730 carus
1607 1699 1704 1732 fuerit
1717 1701 1769 1733 hic

1009 1747 1180 1780 Quintilius
1194 1744 1340 1782 Horatio,
1353 1750 1481 1784 apparet
1494 1752 1533 1772 ex
1549 1743 1694 1781 carmine,
1705 1755 1770 1786 quo

1002 1789 1071 1829 ejus
1084 1794 1217 1819 mortem
1232 1787 1367 1819 deflevit.
1387 1788 1490 1828 Supra
1506 1786 1570 1817 Od.
1584 1786 1613 1817 1.
1628 1785 1696 1824 245,
1711 1788 1767 1827 ubi

1003 1831 1044 1862 de
1058 1841 1096 1862 eo
1110 1830 1183 1862 vide
1197 1830 1231 1861 in
1247 1833 1382 1872 Argum.
1472 1836 1478 1841 '

1047 1886 1076 1905 v.
1095 1873 1280 1906 439—441.
1305 1873 1347 1906 ad
1359 1885 1488 1915 negares
1502 1878 1607 1914 repete
1621 1875 1657 1911 si,
1679 1873 1706 1904 si
1732 1880 1770 1906 tu

1002 1917 1128 1955 diceres,
1141 1925 1173 1949 te
1183 1918 1232 1949 bis
1246 1925 1355 1959 terque
1362 1918 1475 1948 frustra
1489 1916 1642 1959 corrigere
1652 1923 1768 1948 tentas-

1001 1973 1044 1999 se,
1060 1961 1146 2002 quod
1169 1961 1349 1998 Quintilius
1370 1960 1593 2003 corrigendum
1614 1967 1767 1992 monstra-

1002 2011 1097 2043 verat,
1113 2005 1198 2036 idem
1213 2012 1245 2036 te
1258 2012 1361 2036 totum
1375 2005 1481 2036 locum
1503 2004 1616 2041 delere,
1638 2011 1671 2036 et
1684 2005 1767 2036 male

1002 2049 1174 2080 elaboratos
1187 2059 1295 2079 versus
1308 2049 1349 2079 de
1362 2048 1487 2089 integro
1500 2047 1657 2079 elaborare
1672 2048 1767 2089 jube-

1002 2094 1076 2131 bat;
1163 2094 1244 2124 male
1258 2094 1375 2124 tor-nati
1395 2102 1511 2128 versus,
1533 2091 1616 2123 male
1636 2101 1764 2132 compo·

1003 2136 1076 2174 siti3
1100 2142 1253 2173 tornatus,
1269 2138 1407 2172 caelatus,
1426 2136 1581 2176 emolitus,
1597 2137 1766 2176 meriatur

1003 2179 1152 2210 translata
1176 2186 1250 2210 sunt
1271 2181 1313 2213 ah
1332 2179 1508 2215 artificibus,
1532 2177 1588 2219 qui
1608 2187 1688 2218 opus
1707 2178 1766 2209 ali-

1002 2222 1089 2264 quod
1103 2222 1153 2253 vel
1169 2228 1260 2254 torno
1274 2222 1442 2263 effingunt,
1466 2222 1518 2253 vel
1541 2221 1620 2252 caelo
1642 2221 1765 2252 exscul-

1001 2273 1092 2307 punt,
1124 2266 1176 2297 vel
1204 2266 1280 2297 lima
1301 2266 1475 2306 expoliunt,
1499 2264 1550 2296 vel
1571 2265 1655 2295 ascia
1679 2264 1765 2296 laevi-

1001 2317 1099 2351 gant;
1123 2310 1167 2341 sic
1182 2320 1290 2341 versus
1304 2310 1332 2340 el
1414 2308 1526 2340 tissimi
1547 2318 1643 2347 supra
1658 2307 1762 2348 Epist.

1001 2354 1052 2385 ΙΙ.
1071 2353 1103 2384 2.
1120 2353 1172 2384 91.
1201 2355 1353 2386 Catulum
1372 2364 1480 2384 novem
1501 2353 1606 2384 Musis
1617 2362 1694 2392 opus
1709 2362 1764 2382 vo-

1000 2403 1123 2434 cantur,
1136 2396 1192 2428 ubi
1206 2396 1279 2427 vide
1300 2403 1379 2433 ηοω
1402 2406 1476 2426 cum
1497 2394 1586 2426 addit
1608 2394 1764 2426 Horatius

999 2442 1108 2473 incudi
1120 2442 1247 2472 reddere
1261 2445 1376 2480 perstat
1389 2439 1424 2469 in
1441 2439 1579 2479 imagine
1592 2440 1632 2469 ab
1646 2438 1764 2470 artifice

999 2484 1136 2526 quodam
1151 2483 1307 2519 translata,
1329 2484 1370 2513 ab
1391 2492 1429 2512 eo
1442 2482 1570 2519 scilicet,
1593 2481 1649 2523 qui
1670 2492 1763 2522 opus,

998 2527 1083 2569 quod
1098 2526 1263 2567 diffingere
1277 2525 1356 2563 vult,
1371 2526 1485 2556 iterum
1509 2527 1604 2556 tradit
1624 2526 1736 2557 incudi
1746 2541 1758 2562 ‚-

997 2571 1043 2602 sic
1057 2581 1152 2611 supra
1175 2569 1238 2602 od.
1259 2569 1288 2600 Ι.
1306 2568 1359 2600 35.
1386 2568 1439 2605 39,
1454 2567 1509 2599 40.
1519 2570 1654 2612 serr-um
1675 2576 1763 2601 retu-

997 2626 1067 2647 sum
1080 2610 1195 2646 incude
1209 2614 1370 2656 diffingere
1384 2611 1508 2644 dicitur.
1534 2611 1558 2644 J
1559 2612 1652 2643 unxit
1664 2611 1763 2654 igitur

999 2657 1154 2689 Horatius
1168 2656 1246 2688 duas
1259 2657 1341 2687 inter
1354 2666 1388 2688 se
1403 2654 1567 2696 imagines,
1578 2655 1707 2686 alteram
1719 2657 1760 2687 ab

997 2701 1125 2739 artifice,
1152 2701 1207 2742 qui
1232 2710 1311 2740 opus
1333 2705 1424 2730 torno
1444 2699 1547 2740 fingit,
1569 2699 1699 2730 alteram
1720 2700 1760 2730 ab

996 2747 1045 2782 eo',
1060 2745 1114 2786 qui
1128 2743 1293 2775 metallum
1307 2742 1423 2774 incude
1443 2742 1590 2784 diffingit,
1607 2741 1758 2780 ductam3

996 2788 1082 2829 quod
1096 2797 1169 2819 cum
1184 2797 1247 2817 non
1270 2786 1350 2817 ferre
1365 2794 1490 2826 possent
1510 2786 1656 2817 acutioris
1669 2786 1760 2827 inge-

996 2831 1042 2861 nii
1058 2830 1128 2868 viri,
1143 2831 1314 2868 Bentleius,
1328 2831 1546 2870 Cuningamux
1560 2836 1592 2861 et
1602 2828 1668 2866 alii,
1682 2829 1758 2861 huic

996 2874 1066 2906 loco
1080 2873 1288 2912 emendando,
1304 2873 1418 2904 frustra
1432 2879 1520 2914 puto,
1535 2872 1733 2906 insudarunt.

1041 2929 1070 2951 v.
1088 2916 1163 2950 442.
1181 2923 1306 2957 vertere,
1322 2923 1455 2957 mutare,
1471 2917 1646 2950 emendare.
