1904 3250
191 139 276 176 312

825 138 1133 183 HORATII

1598 146 1706 194 [Lm.
1729 157 1762 184 1.

309 262 529 315 Custodes,
552 265 711 314 lectica,
735 264 963 315 ciniflones,
985 267 1194 321 paraeitae,

305 335 375 377 Ad
396 337 502 379 talos
524 338 630 379 stola
650 337 832 378 demissa
851 346 894 378 et
914 338 1172 380 circumdata
1190 340 1316 394 palla,

192 407 272 445 100
306 406 507 458 Plurima,
529 423 625 463 quae
646 407 862 449 invideant
880 423 988 464 pure
1008 423 1212 464 apparere
1232 410 1308 451 tibi
1327 425 1430 453 rem.

302 479 451 521 Altera
470 479 530 520 nil
550 481 688 521 obstat
699 496 711 530 3
746 480 846 522 Cois
866 481 944 523 tibi
963 496 1086 537 paene
1106 481 1250 524 videre
1269 491 1333 525 est

305 551 367 593 Ut
386 551 570 602 nudam3
602 568 656 594 ne
677 568 799 595 crure
820 553 945 605 malo,
967 570 1021 596 ne
1043 555 1096 596 sit
1115 555 1225 611 pede
1244 556 1373 612 turpi,

301 619 448 661 Metiri
467 621 604 676 possis
625 621 751 663 oculo
771 622 892 664 latus.

957 623 1029 665 An
1049 623 1127 665 tibi
1146 624 1277 666 mavis

298 692 478 734 Insidias
499 693 606 744 fieri,
627 696 895 752 pretiumque
915 696 1099 747 avellier,
1122 705 1219 739 ante

186 763 264 802 105
299 760 440 810 Quam
460 778 644 806 mercem
665 764 862 807 ostendi?
892 767 1092 819 Leporem
1110 774 1276 808 venator
1291 773 1335 808 ut
1352 768 1440 808 alta

294 833 346 873 In
365 835 457 874 nive
475 841 655 886 sectetur,
670 839 851 889 positum
871 839 931 878 sic
949 843 1114 890 tanyere
1133 839 1245 887 nolit,

296 902 463 954 Cantat,
485 912 527 946 et
547 906 753 961 apponit:
787 907 911 948 Meus
930 913 990 948 est
1007 921 1123 948 amor
1141 908 1236 948 kuic
1255 909 1404 948 similis
1419 931 1435 955 ,·
1468 922 1567 948 nam

300 975 545 1018 Trans-volat
562 980 607 1018 in
626 980 756 1020 medio
769 981 923 1032 posita,
945 981 1206 1033 etfuqientia
1225 986 1375 1033 captat.

278 1045 469 1088 'Hiscine
489 1048 705 1090 versiculis
727 1064 870 1105 speras
891 1049 968 1091 tibi
988 1064 1113 1105 posse
1133 1049 1302 1091 dolores

180 1115 258 1153 110
291 1115 434 1172 Atque
454 1125 582 1158 aestus
604 1132 811 1174 curasque
830 1134 980 1176 graves
1001 1135 1024 1160 e
1044 1128 1217 1175 pectore
1236 1118 1362 1161 tolli?

290 1186 457 1239 Nonne,
481 1189 749 1246 cupidinibus
771 1199 927 1234 statuat
945 1199 1098 1233 natura
1116 1191 1293 1233 modum
1313 1207 1453 1248 quem,

290 1257 408 1307 Quid
429 1258 579 1311 latura,
603 1260 682 1302 sibi
705 1260 809 1317 quid
830 1262 883 1302 sit
903 1261 1087 1303 dolitura
1107 1270 1321 1319 negatum,

291 1328 498 1378 Quaerere
518 1330 615 1386 plus
635 1330 811 1387 prodest
831 1339 873 1372 et
892 1332 1018 1373 inane
1038 1331 1286 1374 abscindere
1307 1331 1459 1373 soldo?

288 1400 406 1443 Num
424 1402 515 1454 tibi,
538 1418 669 1459 quum
688 1403 830 1445 fauces
850 1404 936 1445 urit
957 1405 1058 1455 sitis,
1082 1418 1209 1445 aurea
1228 1404 1383 1460 quaeris

174 1475 254 1514 115
288 1473 483 1516 Pocula?
512 1490 614 1517 num
635 1476 823 1517 esuriens
843 1475 1005 1518 fastidis
1026 1477 1168 1518 omnia
1186 1485 1343 1532 praeter

286 1546 500 1588 Pavonem
521 1547 863 1605 rhombumque?
893 1556 1057 1590 tument
1077 1548 1154 1590 tibi
1174 1563 1305 1604 quum
1325 1547 1512 1605 inguina,
1534 1563 1650 1599 num,
1673 1549 1708 1590 si

166 1675 274 1711 nuchi‚
289 1675 344 1717 qui
370 1677 522 1708 matronis
543 1678 756 1710 custodiendis
777 1686 810 1710 et
830 1680 936 1710 obser-

980 1690 1018 1710 ea
1045 1689 1129 1716 vero,
1159 1688 1232 1719 quae
1252 1688 1318 1708 non
1343 1677 1411 1708 sine
1435 1675 1619 1709 difficultate
1638 1678 1747 1709 haberi

119 1740 121 1742 -
164 1718 274 1749 vandis
309 1719 385 1751 addi
413 1721 574 1760 solebant;
612 1722 683 1752 vide
714 1732 794 1764 quos
828 1722 939 1754 laudat
980 1723 1111 1762 possint,
1126 1721 1241 1761 cupide
1254 1721 1383 1762 appeti¹’
1398 1721 1666 1761 pereantilenam,
1677 1728 1748 1753 tum

165 1764 334 1804 Heindorf
423 1766 539 1800 lectica,
570 1765 749 1797 interclusae
773 1766 860 1797 enim
893 1768 934 1797 ab

163 1805 252 1836 aditu
277 1807 408 1838 fuemnt
437 1814 600 1846 matronae,
631 1819 705 1839 cum
727 1809 761 1840 in
782 1809 894 1840 lectica
915 1820 934 1840 a

162 1849 328 1881 lecticariis
342 1851 391 1880 vel
406 1858 542 1892 quatuor
556 1852 606 1883 vel
620 1863 674 1883 sex
689 1852 739 1883 vel
753 1860 825 1884 octo
836 1855 934 1895 (octo-

157 1893 278 1933 pharis)
301 1900 522 1933 portarentur;
551 1896 592 1926 cf.
618 1896 659 1927 ad
680 1896 798 1928 Catuli,
827 1897 872 1927 X.
899 1907 928 1927 v.

165 1934 206 1966 16
221 1943 252 1968 et
266 1935 319 1967 20.
375 1940 544 1980 cinjflones,
557 1939 612 1980 qui
626 1939 802 1979 crispabant
815 1947 932 1971 matro-

161 1990 276 2011 narum
303 1981 414 2019 crines,
437 1982 514 2014 dicti
535 1982 590 2020 ita,
613 1984 688 2024 quia
701 1983 741 2014 ad
756 1983 933 2016 calamistro

161 2023 372 2055 calefacienda
385 2035 502 2065 prunas
520 2028 579 2057 sub
593 2027 698 2058 cinere
712 2026 819 2058 flando
833 2027 931 2058 susci-

161 2068 291 2106 taban23
314 2068 388 2099 hinc
409 2069 557 2108 appellati
571 2078 646 2101 sunt
660 2071 755 2101 etiam
769 2073 928 2103 cinerarii.

161 2113 369 2151 —parasiem
387 2122 462 2153 ergo
475 2113 626 2144 matronis
647 2125 776 2155 qnoque
796 2114 932 2146 assidere

161 2154 303 2186 solebant
334 2155 539 2193 mulierculae,
577 2168 649 2198 quae
670 2158 853 2199 garrulitate
874 2169 932 2189 sua

161 2208 270 2229 earum
285 2199 418 2240 gratiam
432 2206 556 2238 captare
578 2207 609 2231 et
631 2201 675 2232 sic
696 2201 766 2232 illas
786 2202 930 2233 liberales

162 2252 236 2283 erg-a
250 2251 284 2271 se
298 2241 428 2272 reddere
442 2244 618 2275 studebant.

205 2296 235 2315 v.
257 2283 331 2316 100.
353 2296 431 2322 rem,
446 2295 572 2317 omnem
588 2289 725 2328 corporis
738 2288 884 2320 formam.

206 2339 237 2359 v.
271 2327 344 2359 101.
384 2331 493 2360 Altera
525 2332 572 2361 nil
599 2333 706 2369 obstat,
728 2332 826 2363 altera
851 2332 932 2364 nihil

162 2372 348 2403 offendiculi
369 2372 425 2403 tibi
447 2373 575 2414 objicit;
598 2375 671 2412 sive,
695 2383 732 2406 ut
753 2376 930 2416 explicitum

162 2415 248 2456 quod
262 2416 303 2446 ad
317 2415 446 2447 alteram
461 2417 582 2453 attinet,
600 2418 632 2448 in
648 2429 685 2449 ea
699 2419 779 2450 nihil
794 2420 851 2451 tibi
872 2421 928 2452 ob-

160 2465 233 2490 stat·
324 2462 391 2492 Cois
418 2466 490 2490 cett.
512 2459 632 2502 junge:
662 2469 705 2494 est
730 2463 828 2504 (licet,
853 2463 929 2495 ἔστιν

162 2502 241 2543 ἰδεῖν)
263 2504 318 2534 tihi
339 2505 440 2536 videre
462 2502 670 2546 (libertinam)
692 2517 784 2546 pame
807 2513 844 2538 ut
864 2518 929 2538 nu·

165 2549 241 2578 dam
266 2548 342 2582 Cois,
366 2556 440 2586 pro:
465 2547 499 2578 in
524 2547 599 2578 Cois
628 2549 775 2586 vestibus,
796 2550 928 2590 bomby-

161 2590 250 2626 cinis,
265 2597 298 2621 et
311 2591 352 2621 ob
362 2589 551 2621 ‘tenuitatem
565 2590 737 2622 admodum
753 2592 927 2632 pellucidis,

164 2633 284 2664 Tibull.
311 2633 361 2664 11.
379 2633 412 2670 3,
429 2632 483 2666 53.
528 2635 592 2666 Illa
604 2637 684 2675 gerit
699 2643 791 2667 vestes
811 2643 927 2673 tenues,

161 2688 239 2718 quas
248 2678 378 2720 semina
403 2679 464 2710 Coa
487 2679 604 2714 Texuit,
621 2685 752 2710 auratas
766 2681 927 2720 disposuit-

161 2732 222 2761 que
235 2722 319 2758 vias,-
343 2721 397 2758 ubi
413 2720 475 2752 vid.
490 2723 630 2762 Intevpp.
647 2721 742 2752 Ovid.
759 2723 830 2753 Art.
847 2724 924 2753 Am.

164 2764 214 2794 ΙΙ.
233 2763 308 2795 298.
349 2767 416 2796 Sive
429 2767 488 2796 erit
501 2766 536 2797 in
550 2767 626 2801 Cois,
644 2767 705 2797 Coa
719 2768 824 2797 decere
833 2772 926 2806 puta.

207 2818 235 2838 v.
264 2806 335 2839 104·-
359 2811 498 2848 metium
519 2810 652 2845 avellier,
677 2809 843 2848 pecuniam
869 2817 938 2849 pro¹

163 2860 265 2881 merce
280 2851 396 2890 cupide
409 2851 535 2883 auferri.

206 2904 233 2923 v.
270 2893 450 2926 105-108.
490 2902 582 2936 poeta
608 2896 812 2927 sententiam:
848 2901 925 2932 “e-a,

164 2946 235 2976 quae
251 2937 340 2970 facile
356 2939 461 2970 haberi
484 2939 611 2980 possint,
636 2940 731 2982 vulgo
756 2940 925 2978 contemni,

634 2987 646 3014 1
657 2987 667 3014 l

977 1766 1051 1796 satis
1088 1773 1206 1802 notam,
1244 1775 1264 1795 a
1305 1763 1502 1796 Callimacho
1547 1763 1583 1794 in
1631 1764 1744 1806 Epigr-

979 1809 1167 1840 XXXIII.
1186 1808 1327 1845 relatam,
1341 1807 1500 1848 exprimit.
1549 1807 1617 1844 Qui
1630 1814 1748 1840 matro-

977 1863 1035 1884 nas
1048 1859 1193 1888 sectatur,
1208 1858 1377 1888 cantatsut
1405 1850 1596 1894 (quomodo)
1621 1857 1748 1883 venator

975 1899 1108 1937 leporem
1133 1897 1167 1927 in
1192 1897 1256 1926 alta
1282 1898 1351 1928 nive
1375 1900 1516 1932 sectetur,
1536 1896 1677 1935 positum
1700 1897 1745 1928 sic

977 1940 1132 1982 (leporem
1146 1939 1180 1969 in
1202 1938 1308 1970 medio
1333 1938 1383 1970 vel
1407 1943 1482 1970 ante
1505 1938 1602 1979 pedes
1625 1940 1745 1971 cuban-

974 1984 1055 2024 tem)
1071 1990 1197 2024 tangere
1210 1984 1288 2014 nolit
1298 1998 1310 2020 ,-
1332 1990 1361 2015 et
1374 1983 1502 2024 αρροπιῖ
1513 1995 1526 2014 .·
1549 1983 1623 2013 huic
1634 1983 1747 2025 (vena-

974 2028 1050 2067 tori)
1072 2028 1180 2059 similis
1202 2033 1245 2057 est
1270 2038 1361 2058 meus
1387 2024 1634 2068 (matronarum)
1656 2037 1745 2058 amm·

974 2077 1046 2103 cett.
1071 2070 1158 2111 apud
1181 2069 1414 2102 Callimachum
1438 2068 1461 2098 l·
1492 2068 1514 2099 l·
1542 2069 1652 2109 Χοῦμόε
1676 2070 1744 2114 ἷςυς

976 2113 1093 2146 τοῖὖσδε·
1120 2115 1160 2145 τὰ
1181 2114 1232 2154 μὶν
1257 2114 1403 2154 φεύγοντα
1427 2111 1532 2144 tudam
1555 2110 1630 2149 Οἵδε,
1656 2114 1699 2144 τὰ
1719 2112 1744 2144 δ’

975 2160 1000 2189 ἓν
1014 2159 1112 2198 μέσσῳ
1126 2157 1243 2198 κείμεναι
1258 2158 1461 2200 nea-ivatas.
1537 2157 1582 2187 sic
1589 2157 1741 2196 positum,

973 2202 999 2232 si
1015 2200 1172 2232 Horatius
1185 2200 1307 2240 scripsit
1318 2202 1372 2238 sic,
1387 2200 1456 2231 haec
1469 2198 1624 2238 particula
1642 2199 1743 2240 expli.

973 2244 1074 2276 canda
1103 2245 1245 2275 videtur:
1279 2246 1323 2276 sic
1344 2251 1466 2280 temere,
1492 2248 1529 2273 ut
1552 2252 1648 2282 supra
1673 2244 1740 2276 Od.

960 2289 1025 2320 ‹Il-
1058 2287 1110 2326 ll,
1137 2286 1186 2319 14.
1209 2289 1256 2320 vel
1277 2290 1336 2319 lzac
1359 2288 1448 2319 Pinu
1461 2285 1608 2326 jacentes
1630 2288 1676 2319 sic
1695 2294 1741 2319 te-

973 2344 1055 2365 mere
1065 2349 1077 2370 ;
1103 2334 1174 2374 (sed
1187 2331 1232 2362 ibi
1245 2337 1357 2363 temere
1370 2330 1528 2372 adjectum
1543 2330 1606 2371 est)
1625 2330 1675 2361 vel
1695 2333 1740 2364 sic

974 2382 1022 2407 eet
1043 2378 1079 2408 in
1107 2377 1218 2412 medio,
1242 2374 1330 2416 quod
1353 2374 1388 2405 in
1418 2384 1446 2404 v.
1478 2371 1551 2404 108.
1579 2372 1620 2404 ad
1637 2375 1739 2414 posim

971 2419 1118 2458 additui-5
1138 2421 1258 2460 positus
1285 2420 1373 2459 lepus
1391 2417 1460 2459 jam
1489 2424 1537 2447 est
1559 2415 1651 2457 lepus
1672 2427 1740 2449 non

971 2473 1100 2494 currens
1127 2469 1160 2493 et
1186 2461 1325 2503 fugiens,
1355 2461 1412 2492 sed
1438 2460 1474 2491 in
1495 2459 1593 2491 cubili
1615 2460 1736 2501 jacens.

973 2506 1133 2547 Equidem
1154 2512 1261 2537 tamen
1288 2515 1347 2546 pro
1373 2506 1417 2536 sic
1444 2503 1554 2534 malim
1581 2506 1658 2542 κάς
1692 2505 1738 2536 sic

970 2549 1077 2580 omnia
1104 2550 1185 2580 bene
1212 2548 1271 2579 sibi
1294 2547 1504 2588 respondent;
1527 2547 1614 2586 apud
1638 2547 1738 2579 Cani-

970 2593 1118 2623 maehum
1140 2602 1268 2633 quoque
1285 2598 1332 2622 est
1353 2592 1374 2622 1.
1402 2591 1425 2622 l.
1451 2591 1494 2621 τὸ
1517 2591 1671 2628 μὶν-τὰ
1692 2590 1733 2624 36.

974 2636 1117 2667 Fortasse
1131 2635 1210 2667 etin
1225 2645 1254 2666 v.
1274 2634 1346 2665 108.
1371 2644 1430 2674 pro
1449 2633 1657 2676 etfugiemia
1679 2646 1736 2676 ap-

970 2680 1033 2711 tius
1046 2678 1179 2720 legeris:
1205 2685 1238 2709 at
1315 2680 1322 2686 ⁶
1380 2680 1387 2686 ⁰

1012 2733 1043 2753 v.
1081 2719 1227 2752 Ill—ll
1253 2743 1262 2752 .
1303 2721 1452 2755 Nonne?
1474 2731 1604 2753 sensus:
1629 2732 1736 2755 nonne

969 2765 1081 2796 utilius
1093 2772 1141 2796 est
1154 2775 1304 2806 quaerere,
1319 2775 1415 2806 quem
1428 2764 1561 2796 modum
1575 2771 1687 2798 natura
1700 2767 1735 2798 in

968 2809 1131 2850 explendis
1151 2808 1375 2848 cupiditatibus
1394 2808 1568 2840 tenendum
1592 2811 1734 2849 praescri-

968 2853 1046 2884 bat?
1067 2852 1142 2894 quid
1171 2851 1226 2883 illa
1253 2853 1311 2883 sibi
1336 2858 1487 2894 negatum
1519 2851 1632 2891 latura,
1653 2853 1734 2895 quid

969 2896 1027 2927 sibi
1055 2902 1207 2938 negatum
1231 2895 1298 2926 sine
1322 2895 1430 2927 dolore
1458 2905 1523 2927 non
1552 2895 1654 2928 latura
1679 2898 1734 2936 sit,

969 2939 1051 2972 sive:
1077 2940 1191 2982 quibus
1218 2939 1355 2971 ferendis
1382 2947 1494 2971 natura
1522 2950 1586 2980 par,
1616 2941 1732 2983 quibus
