1904 3250
207 197 256 233 10

836 185 1142 228 HORATII

1613 191 1720 239 [Lm.
1744 201 1773 227 1.

321 317 500 359 Alterno
521 322 674 357 terram
697 312 889 369 quatiunt
908 310 1030 366 pede,
1053 309 1156 350 dum
1176 323 1324 365 graves
1348 309 1585 367 Cyclopum

379 389 594 431 Vulcanus
615 386 767 428 ardens
789 384 873 426 urit
894 382 1095 424 officinas.

319 463 446 504 Nunc
466 462 586 504 decet
606 468 678 502 aut
698 457 820 499 viridi
841 455 1022 497 nitidum
1044 461 1172 510 caput
1191 454 1397 511 impedire
1418 465 1572 513 myrto,

236 537 286 574 10

378 533 467 574 Aut
485 533 602 582 flore,
626 539 750 571 terrae
772 541 898 584 quem
918 524 1060 566 ferunt
1080 523 1245 566 solutae.

320 602 446 644 Nunc
467 610 508 643 et
527 599 571 642 in
591 597 799 641 umbrosis
823 595 971 637 Fauno
992 594 1114 636 decet
1130 594 1349 637 immolare
1369 596 1488 648 lucis,

378 672 461 714 Seu
483 677 628 726 poscat
648 682 770 725 agna,
792 667 878 707 sive
898 664 1017 706 malit
1036 663 1174 705 haedo.

320 740 482 783 Pallida
506 738 628 779 Mors
650 751 773 793 aequo
793 735 934 791 pulsat
953 734 1062 791 pede
1083 749 1319 790 pauperum
1339 736 1547 788 tabernas,

379 813 629 869 Regumque
650 818 800 861 turres.

864 806 905 850 O
926 807 1048 849 beate
1073 807 1204 858 Sexti,

236 888 285 926 15
319 883 429 924 Vitae
451 896 614 923 summa
634 880 772 921 brevis
795 890 913 934 spem
933 892 1011 918 nos
1033 884 1145 919 vetat
1165 877 1366 920 inchoare
1385 878 1568 936 longam.

375 955 470 997 Jam
491 962 532 995 te
553 947 716 1009 premet
736 967 836 1002 nox,
859 950 1098 1007 fabulaeque
1122 949 1288 1002 Manes,

319 1025 375 1066 Et
395 1024 546 1066 domus
567 1023 687 1065 exilis
711 1021 929 1063 Plutonia:
963 1036 1048 1077 quo
1070 1019 1192 1062 simul
1213 1021 1378 1071 mearis,

378 1096 471 1138 Nec
491 1111 623 1154 regna
642 1095 728 1137 vini
749 1094 923 1136 sortiere
943 1093 1051 1144 talis,

202 1232 329 1265 quoque
351 1222 437 1262 operi
462 1222 603 1253 intentus
627 1226 683 1253 est.
696 1238 739 1246 —
752 1220 828 1251 Non
858 1225 965 1251 autem

201 1267 242 1298 de
267 1265 402 1301 officina,
430 1275 526 1307 quam
548 1264 723 1295 secundum
745 1263 846 1294 Hom.
867 1263 962 1294 Iliad.

204 1309 349 1341 XVIII.
367 1307 442 1341 369.
460 1309 494 1339 ἰῐι
520 1308 660 1349 Olympo
680 1309 773 1339 habet
789 1306 964 1344 Vulcanus,

202 1352 408 1395 cogitandum
423 1359 480 1390 est,
500 1351 554 1383 sed
569 1351 609 1382 de
630 1351 699 1382 aliis
721 1350 864 1388 officinis,
888 1361 967 1392 quas

201 1403 304 1437 poetae
318 1396 394 1427 huic
408 1396 469 1427 deo
491 1395 524 1426 in
539 1394 651 1426 insulis
665 1402 697 1426 et
711 1394 880 1430 montibus,
897 1394 966 1435 igni

202 1442 404 1471 subterraneo
438 1439 591 1479 inprimis,
629 1449 723 1480 quem
757 1438 964 1480 ejaculantur,

202 1484 297 1521 notis,
324 1483 550 1524 adsignarunt;
585 1482 625 1513 de
656 1482 771 1522 quibus
795 1482 878 1512 conf.
908 1483 962 1513 Ill.

203 1526 310 1569 H‘eyn-
336 1527 377 1558 ad
401 1526 491 1568 Virg.
519 1526 597 1556 AEn.
625 1526 731 1556 VIII.
755 1524 966 1563 416.-Jam,

202 1571 230 1601 si
258 1581 368 1601 verum
389 1576 445 1608 est,
472 1569 558 1610 quod
581 1569 727 1600 nonnulli
756 1568 964 1609 suspicantur,

203 1613 379 1645 Horatium
394 1613 428 1644 in
441 1614 499 1644 hac
514 1612 594 1644 veris
615 1612 822 1653 descriptione
841 1618 967 1652 poetam

199 1652 362 1699 ‘quendam
386 1656 539 1695 Siculum,
562 1657 612 1688 cui
627 1666 719 1687 mons
735 1656 836 1687 AEtna
856 1656 967 1687 obver-

201 1707 331 1738 saretur,
368 1700 562 1740 expressisse,
592 1710 658 1732 non
688 1699 826 1731 dubitari
853 1705 964 1739 potest,

201 1743 279 1786 quin
303 1744 442 1775 Vulcani
455 1745 578 1786 qfficina
591 1746 626 1775 in
641 1749 744 1775 monte
757 1745 860 1775 AEtna
873 1742 966 1773 intel-

201 1786 331 1829 ligenda
345 1787 395 1818 sit.
445 1787 547 1829 Finge
566 1787 664 1829 igitur
685 1787 741 1818 tibi
758 1787 918 1818 Venerem
931 1787 967 1817 in

201 1830 413 1862 amoenissima
434 1831 516 1861 circa
539 1831 670 1861 AEtnam
692 1830 822 1872 regione
835 1830 964 1861 choreas

196 1884 278 1919 lcum
310 1874 428 1905 Gratiis
464 1874 684 1916 Nymphisque
719 1874 898 1910 ducentem,
928 1873 964 1903 in

201 1917 272 1958 ejus
307 1917 464 1948 vicinitate
499 1924 607 1949 autem
644 1917 778 1948 Veneris
813 1917 965 1948 maritum

201 1960 389 1992 Vulcanum
422 1961 508 2000 operi
533 1972 591 1992 suo
620 1961 833 1998 insudantem,
859 1966 891 1991 et
918 1961 964 1991 sic

201 2004 310 2036 'animo
331 2004 486 2044 concipies
506 2004 678 2046 imaginem
700 2004 796 2046 longe
819 2003 965 2035 suavissi-

201 2048 510 2079 mam.—-Caeterum
531 2048 695 2088 quaerenti,
720 2058 776 2079 cur
800 2049 859 2079 sub
885 2047 965 2078 veris

202 2090 402 2132 potissimum
423 2091 513 2122 initio
537 2092 702 2122 Vulcanus
727 2091 813 2131 operi
834 2102 894 2122 suo
915 2091 965 2121 in-

202 2133 330 2166 sudasse
343 2133 475 2172 dicatur,
498 2134 660 2176 ingeniose
681 2137 800 2167 Vossius
813 2134 855 2166 ad
871 2135 962 2176 Virg.

199 2177 324 2228 Georg.
352 2177 382 2208 I.
400 2177 462 2208 311
488 2189 571 2219 seqq.
596 2178 780 2218 respondet:
807 2177 893 2219 quod
913 2178 968 2209 ille

202 2230 275 2252 vere
295 2220 450 2261 inprimis,
465 2233 530 2263 quo
545 2223 658 2252 crebrae
674 2223 707 2252 in
724 2221 818 2253 Italia
831 2229 968 2261 tempes-

202 2271 282 2296 tates
302 2275 378 2296 cum
399 2265 518 2296 tonitru
540 2265 662 2305 concipi
686 2265 720 2295 in
742 2276 812 2296 aere
833 2265 964 2302 soleant,

201 2307 391 2340 fulminibus
425 2308 635 2349 procudendis
666 2315 698 2339 et
730 2308 967 2348 suppeditandis

200 2361 329 2392 operam
354 2351 429 2383 dare
451 2351 607 2383 debuerit,
689 2364 809 2392 graves,
832 2353 873 2383 ob
893 2362 966 2394 gra.-

201 2405 256 2426 ves
274 2394 464 2436 Cyclopibus
479 2395 522 2426 ibi
537 2395 699 2426 obeundos
713 2395 841 2426 labores.
911 2407 963 2427 ar-

201 2441 279 2470 dens
299 2439 332 2470 h.
349 2448 377 2469 e.
395 2438 530 2469 flammis
551 2438 703 2476 relucens,
727 2444 763 2469 ut
786 2439 895 2478 pulcre
909 2450 964 2469 ex-

200 2481 298 2522 plicat
314 2481 365 2514 Cl.
382 2483 508 2514 Mitsck.
527 2491 622 2523 quem
637 2480 717 2512 vide.
760 2482 852 2512 Fabri
867 2482 962 2521 enim,

148 2560 155 2565 ς
201 2525 282 2556 dum
295 2524 414 2556 ferrum
429 2524 567 2556 candens
581 2525 767 2564 procudunt,
783 2525 842 2565 ipsi
856 2525 964 2557 ardere

202 2568 349 2600 videntur
368 2568 452 2611 ignis
471 2569 599 2611 fulgore
614 2574 646 2598 et
666 2568 808 2598 scintillis
830 2568 964 2599 circum-

201 2611 281 2643 fusi:
299 2611 442 2644 similiter
455 2622 525 2653 sup.
546 2611 597 2642 11.
616 2610 648 2641 2.
667 2610 826 2642 dicebatur
841 2614 962 2643 dextera

203 2657 327 2687 rubens.
402 2657 467 2688 urit
481 2657 619 2698 qfficinas
633 2655 665 2684 h.
684 2664 713 2685 e.
738 2654 879 2685 accendit
893 2655 962 2685 offi-

201 2698 299 2736 cinas,
325 2698 422 2739 paulo
446 2698 613 2730 sublimius
633 2707 710 2738 pro:
744 2697 784 2728 ad
810 2697 962 2736 flammas,

201 2752 279 2782 quas
295 2742 329 2772 in
344 2742 480 2774 officinis
492 2741 645 2779 accendit,
661 2751 742 2781 opus
756 2740 840 2771 facit.

246 2795 274 2815 v.
294 2785 411 2817 9-12.
437 2788 541 2819 Nunc
560 2787 644 2817 decet
663 2790 735 2815 cett.
762 2784 844 2821 vide,
866 2795 962 2825 quam

202 2829 337 2859 suaviter
350 2835 443 2869 poeta
464 2829 627 2871 vulgarem
645 2827 847 2859 sententiam:
877 2839 966 2859 nunc

199 2872 324 2909 laecitiae,
339 2875 379 2903 ad
390 2885 488 2915 quam
502 2874 583 2905 anni
596 2879 719 2913 tempus
730 2873 849 2908 invitae,
862 2872 967 2902 indul-

199 2916 339 2954 gendum
382 2923 436 2954 est,
481 2923 610 2948 externa
649 2913 827 2946 laetantium
862 2914 963 2954 specie

202 2955 397 2998 adumbrata,
425 2960 596 2995 extulerit!
631 2958 715 2991 diem
742 2957 853 2990 laetum
878 2958 963 2989 enim

1009 1218 1201 1250 celebrantes
1223 1218 1329 1260 capiti,
1355 1218 1528 1261 unguentis
1542 1217 1692 1255 delibuto,
1710 1220 1774 1260 (ni-

1009 1262 1086 1303 tido)
1099 1262 1231 1294 corollas
1245 1273 1263 1294 e
1273 1268 1375 1304 myrto
1389 1262 1497 1305 (cujus
1510 1273 1588 1294 usus
1601 1262 1663 1294 fuit
1675 1262 1775 1302 inpri-

1008 1307 1070 1337 mis
1082 1305 1118 1336 in
1138 1305 1431 1347 compotationibus,
1454 1307 1495 1337 cf.
1519 1305 1592 1338 infr.
1611 1305 1664 1337 38.
1685 1305 1716 1336 5.
1742 1314 1776 1338 et

1012 1350 1063 1381 11.
1082 1348 1112 1381 7.
1127 1348 1199 1390 25.)
1217 1356 1249 1381 et
1263 1349 1333 1380 aliis
1347 1349 1476 1381 floribus
1495 1359 1592 1381 nexas
1613 1350 1775 1390 imponere

1009 1393 1161 1424 solebant.
1248 1395 1367 1430 solueae,
1389 1404 1409 1424 a
1422 1393 1551 1435 frigore,
1565 1403 1630 1435 quo
1642 1393 1775 1425 fuerunt

1009 1436 1192 1473 constrictae,
1216 1447 1272 1476 per
1295 1437 1431 1477 Zephyri
1451 1436 1545 1468 flatus
1563 1443 1596 1468 et
1615 1436 1774 1469 mitiorem

1008 1481 1083 1511 solis
1104 1481 1240 1512 calorem
1261 1480 1416 1511 resolutae.
1463 1482 1592 1519 Fauno,
1616 1480 1692 1512 huic
1713 1480 1775 1512 deo

1009 1525 1134 1566 agresti,
1156 1530 1307 1565 tanquam
1327 1534 1477 1565 agrorum
1491 1530 1524 1555 et
1645 1534 1679 1555 m
1701 1534 1775 1556 cus-

1008 1567 1086 1606 todi,
1102 1567 1150 1599 bis
1164 1567 1343 1609 quotannis,
1359 1577 1474 1608 nempe
1486 1567 1536 1598 Id.
1554 1567 1645 1599 Febr.
1660 1568 1774 1611 (Ovid.

1012 1612 1096 1643 Fast.
1117 1611 1168 1642 ΙΙ.
1190 1610 1282 1651 193.)
1295 1616 1327 1642 et
1342 1611 1430 1643 Non.
1449 1611 1530 1642 Dec.
1546 1612 1624 1653 (huc
1639 1612 1774 1652 pertinet

1010 1664 1135 1687 carmen
1157 1654 1231 1685 infr.
1258 1654 1345 1686 Libr.
1365 1654 1440 1686 111.
1466 1653 1535 1695 18.)
1558 1657 1774 1698 sacra(Faw-

1010 1700 1095 1731 mdia
1119 1698 1217 1740 vulgo
1241 1697 1407 1739 dicuntur)
1433 1698 1609 1735 instaurari,
1641 1705 1676 1729 et
1698 1709 1775 1730 curn

1010 1752 1136 1773 summa
1148 1741 1294 1773 omnium
1315 1741 1426 1776 laetitia
1445 1741 1594 1778 celebrari
1613 1741 1770 1780 solebant3

1010 1785 1084 1816 hinc
1108 1792 1201 1825 poeta
1225 1785 1266 1816 ad
1290 1784 1433 1816 laetitiam
1452 1791 1638 1817 evocaturus
1661 1785 1774 1817 Fauno

1006 1828 1238 1860 immolandum
1253 1839 1319 1859 esse
1333 1828 1418 1860 dicit.
1494 1830 1775 1870 agna-hado—

1007 1882 1050 1904 sc.
1068 1872 1126 1904 sibi
1139 1871 1308 1904 immolari.

1051 1926 1080 1947 v.
1102 1914 1239 1947 13—20.
1266 1917 1391 1948 Pallida
1413 1916 1504 1948 Mors
1524 1915 1775 1948 cemnexnset

1008 1970 1118 1991 sensus
1131 1966 1179 1990 est
1198 1959 1265 1990 fere
1285 1959 1356 1991 hic:
1386 1968 1482 1996 nunc,
1499 1969 1598 1999 nunc,
1616 1960 1648 1992 0
1673 1958 1774 1997 Sexti,

1008 2004 1086 2035 dum
1100 2003 1182 2039 licet,
1195 2003 1357 2043 perfruere
1369 2002 1444 2034 vitae
1454 2002 1667 2043 voluptatibus
1671 2014 1682 2042 ς
1698 2012 1774 2034 nam

1008 2057 1104 2086 mors,
1120 2046 1267 2078 divitibus
1282 2056 1373 2088 aeque
1387 2056 1424 2078 ac
1438 2046 1629 2087 pauperibus
1641 2046 1773 2084 iustam,

1008 2101 1085 2122 mox
1107 2096 1220 2130 praeter
1243 2089 1425 2131 opinionem
1450 2095 1481 2120 te
1500 2091 1676 2130 opprimet3
1702 2097 1774 2130 post

1009 2140 1144 2165 mortem
1165 2140 1272 2165 autem
1291 2143 1394 2174 neque
1415 2132 1693 2170 comimtiom'boe,
1717 2143 1773 2164 ne-

1010 2188 1074 2219 que
1086 2177 1203 2209 amoris
1217 2177 1338 2208 lusibus
1350 2175 1518 2217 indulgere
1537 2175 1652 2208 licebit.
1722 2183 1773 2208 ta-

1011 2223 1132 2259 bernas,
1148 2220 1285 2251 humiles
1297 2230 1392 2256 casas,
1407 2219 1555 2261 tuguria;
1575 2231 1688 2261 regum
1702 2226 1773 2252 tm·-

1010 2276 1070 2303 res,
1096 2264 1219 2296 excelsa
1243 2263 1399 2294 nobilium
1420 2268 1453 2294 et
1473 2262 1647 2295 beatiorum
1672 2263 1771 2301 adili-

1010 2309 1067 2340 cia.
1092 2319 1178 2348 reges
1198 2309 1283 2347 saepe'
1295 2306 1444 2337 dicuntur
1464 2306 1624 2342 beatiores.
1647 2306 1771 2344 divites.

1008 2357 1154 2392 potentes
1167 2352 1208 2382 ob
1222 2349 1363 2388 divitias;
1374 2349 1560 2380 —eand-
1584 2350 1773 2382 sententian

1008 2405 1091 2426 novo
1111 2400 1225 2426 ornatu
1246 2393 1359 2432 repetit
1381 2393 1498 2424 Noster
1517 2393 1590 2425 infr.
1616 2393 1689 2425 Lib.
1715 2393 1768 2425 11.

1008 2438 1040 2470 3.
1055 2437 1099 2469 25
1113 2448 1196 2479 seqq.
1213 2443 1244 2468 et
1262 2435 1311 2468 14·-
1330 2435 1380 2468 ll.
1395 2443 1428 2468 et
1443 2435 1494 2468 18.
1509 2436 1563 2468 32.
1638 2439 1774 2469 beate—

1007 2483 1090 2514 beati
1104 2481 1254 2513 dicuntur
1274 2482 1308 2511 in
1323 2480 1428 2512 laetam
1443 2487 1561 2512 sortem
1577 2480 1655 2519 nati,
1669 2481 1772 2512 fortu-

1006 2526 1083 2564 nati,
1107 2525 1163 2567 qui
1187 2525 1235 2562 iis,
1260 2535 1332 2566 quae
1352 2523 1522 2565 possident,
1537 2525 1662 2559 benum
1675 2524 1772 2556 vium

1006 2569 1065 2600 sibi
1086 2578 1195 2610 parare
1214 2574 1352 2608 posunt.
1443 2569 1514 2600 m'eae
1525 2570 1652 2600 summa
1664 2569 1770 2605 brevis,

1006 2613 1143 2655 exiguus
1154 2611 1288 2650 dierum,
1296 2612 1352 2653 qui
1363 2610 1404 2642 ad
1414 2610 1584 2642 vivendum
1593 2610 1685 2643 nobis
1693 2620 1769 2642 oon-

1006 2657 1084 2687 cessi
1097 2663 1183 2695 sunt,
1197 2665 1360 2686 numerus.
1446 2665 1530 2696 spem
1543 2664 1600 2686 nos
1611 2660 1670 2686 vet.
1682 2655 1768 2686 ἰηεΙι.

1006 2702 1089 2740 long.
1104 2700 1136 2730 h.
1151 2710 1178 2730 e.
1200 2705 1310 2730 monet
1330 2708 1397 2734 nos,
1418 2707 1462 2729 ne
1479 2697 1582 2729 multa
1602 2696 1772 2728 moliamur

1004 2743 1038 2772 in
1053 2743 1204 2784 longioris
1213 2743 1286 2774 vitae

1007 2787 1058 2827 (ut
1071 2786 1146 2817 infr.
1164 2786 1214 2817 L.
1232 2786 1283 2817 11.
1309 2784 1340 2816 7.
1389 2785 1507 2817 Noster
1517 2783 1672 2826 loquitur)
1686 2795 1771 2826 rpem

1009 2831 1134 2870 longam
1148 2840 1294 2861 resecare.
1384 2838 1412 2859 v.
1434 2826 1483 2859 16.
1501 2828 1576 2870 jam
1596 2834 1628 2860 te
1642 2839 1693 2869 pr.
1711 2839 1772 2859 noz-

1010 2879 1083 2903 cett.
1109 2883 1204 2911 mors,
1233 2882 1343 2904 manes
1370 2878 1402 2903 et
1422 2871 1491 2903 loca
1511 2870 1613 2902 infera
1633 2881 1707 2902 mox
1738 2877 1771 2902 te

1006 2923 1149 2954 prement
1171 2917 1201 2948 h.
1218 2927 1245 2947 e.
1264 2917 1408 2947 tenebras
1427 2914 1484 2947 fibi
1505 2914 1690 2953 offundent;
1709 2914 1770 2958 sa-

1009 2960 1088 2991 bulae
1111 2959 1259 2992 dicuntur
1275 2962 1397 2999 Manes,
1417 2958 1502 3002 quia,
1517 2969 1588 3002 quae
1603 2957 1643 2990 de
1656 2957 1695 2990 iis
1708 2957 1768 2989 cir-

1299 2741 1771 2783 spmdubetnoebmiwt'v
1827 2780 1830 2782 ,
