1904 3250
1601 144 1710 192 [Lm.
1735 155 1766 182 1.

195 136 244 175 14
830 137 876 179 H
887 136 928 180 O
938 138 978 179 R
988 139 1027 179 A
1038 137 1107 179 TI
1120 138 1139 179 I

308 262 399 304 Nos
421 263 623 314 convivia,
647 278 727 306 nos
748 264 898 320 proelia
919 264 1129 320 virginum

308 333 470 375 Strictis
492 335 533 375 in
548 335 724 390 juvenes
747 333 957 391 unguibus
978 332 1138 373 acrium

306 404 549 456 Cantamus,
572 405 706 455 vacui,
729 405 814 446 sive
836 403 938 460 quid
958 403 1134 452 urimur,

218 478 273 515 20
425 475 522 516 Non
543 483 698 530 praeter
720 474 887 515 solitum
908 473 1035 514 leves.

773 675 1041 717 CARMEN
1074 677 1175 718 VII.

650 810 717 840 AD
742 809 1022 842 MUNATIUM
1048 811 1301 842 PLANCUM.

302 924 589 967 LAUDABUNT
609 925 679 966 alii
700 926 856 967 claram
880 925 1080 976 Rhodon,
1103 933 1176 966 aut
1198 923 1451 981 Mitylenen,

358 999 446 1040 Aut
468 998 683 1056 Epheson,
705 1000 928 1041 bimarisve
952 999 1147 1041 Corinthi

181 1124 330 1155 canendis
351 1130 460 1164 aptum
473 1137 483 1162 ;
497 1143 541 1150 —
557 1128 685 1158 imbellis
706 1127 737 1157 h.
764 1138 790 1157 e.
817 1138 836 1158 a
851 1129 944 1159 rebus

181 1167 299 1198 bellicis
313 1168 516 1206 abhorrentis,
532 1169 672 1208 ludicrae,
683 1170 809 1211 jocosae.

223 1222 251 1241 v.
269 1210 406 1242 13—20.
422 1214 523 1244 Mart.
539 1219 609 1245 tun.
625 1220 694 1245 tect·
709 1217 815 1246 adam.
835 1215 944 1246 Ducta

181 1255 249 1285 haec
272 1255 388 1286 Martis
409 1255 515 1297 imago
530 1258 569 1287 ab
587 1257 739 1293 Homero,
756 1258 812 1289 ubi
827 1258 882 1290 ille
896 1259 944 1290 di-

180 1298 263 1329 citur
290 1300 505 1340 χαλιοχῖτων,
542 1301 770 1345 χαλκεοθῶρηξ,
807 1304 942 1344 χάλκεος

175 1342 274 1385 Ἄρης.
316 1341 366 1373 cl.
403 1344 525 1375 Mitsclz.
567 1354 726 1383 comparat
759 1345 871 1377 Claud.
909 1346 943 1377 in

182 1385 278 1416 Cous.
313 1385 408 1416 Prob.
442 1393 475 1417 er.
506 1387 601 1427 Olyb.
635 1388 687 1419 99.
717 1390 846 1421 Mavors
867 1392 945 1421 ada-

180 1435 287 1461 mante
301 1436 450 1461 coruscat.
460 1448 504 1456 -
517 1434 647 1464 adamas
662 1433 701 1462 de
716 1433 799 1464 ferro
813 1433 944 1464 durissi-

178 1482 232 1503 mo
253 1474 582 1515 praestantissimoque.
672 1478 802 1516 nigrum
823 1476 944 1518 signifi-

179 1523 378 1556 canter-pro:
403 1517 586 1553 obductum,
611 1529 824 1560 conspersum.
914 1531 944 1555 v,

183 1558 232 1590 15.
259 1561 434 1593 Merionem
456 1562 685 1594 nobilissimum
707 1564 794 1604 apud
817 1564 943 1596 Home-

179 1613 249 1634 rum
265 1603 431 1635 Idomenei
444 1605 595 1646 aurigam.
698 1609 841 1649 Tydiden
859 1608 942 1639 Dio-

179 1646 313 1681 medem,
334 1647 435 1688 Tydei
452 1648 562 1680 filium.
627 1661 655 1680 v.
677 1649 727 1682 18.
746 1661 804 1691 pro
818 1651 942 1693 vulgari

178 1690 330 1721 lectione:
350 1694 446 1730 sectis,
470 1692 542 1723 dedi
563 1695 687 1731 strictis,
702 1695 788 1735 quod
813 1695 941 1738 elegan-

133 1733 136 1736 ’
177 1740 225 1764 ter
238 1735 377 1773 reposuit
391 1737 562 1774 Bendeius,
579 1737 633 1778 qui
648 1737 859 1770 locutionem:
878 1751 939 1772 un-

175 1788 251 1817 gues
266 1778 316 1808 vel
337 1790 452 1811 manus
473 1782 624 1821 stringere
642 1781 765 1812 idoneis
786 1783 940 1822 exemplis

177 1820 353 1856 illustravit.
372 1823 467 1853 Ovid.
482 1824 558 1854 Am.
580 1824 608 1855 Ι.
622 1824 653 1855 6.
673 1824 722 1855 14.
741 1826 819 1857 Stat.
835 1827 935 1857 Theb,

179 1864 251 1895 111.
277 1864 352 1896 536.
387 1866 474 1897 Nam
495 1867 634 1906 primum
656 1870 707 1899 vix
730 1869 793 1900 dici
814 1877 935 1910 potest:

177 1919 301 1949 ungues
315 1920 416 1941 secare
429 1911 463 1942 in
488 1912 625 1952 (contra)
646 1914 802 1954 aliquem;
825 1913 941 1945 deinde

177 1951 347 1983 ridiculum
354 1953 420 1983 fere
425 1960 481 1991 est,
490 1954 515 1984 si
524 1955 660 1996 virgines
667 1968 763 1993 acres,
772 1957 801 1987 h.
808 1968 835 1988 e.
841 1957 939 1995 imtae,

176 1997 335 2036 unguibus
350 1998 445 2033 sectis,
469 2004 618 2038 tanquam
634 2000 738 2037 armis,
754 2003 789 2032 in
803 2001 940 2041 juvenes

177 2049 244 2070 usoe
259 2039 417 2070 dicuntur.
447 2041 527 2077 Quis
542 2042 626 2072 enim
639 2044 767 2075 accedat
779 2045 940 2085 Interpre-

176 2082 270 2120 tibus,
281 2083 336 2124 qui
348 2083 388 2114 ad
400 2084 629 2116 defendendam
641 2086 827 2119 lectionem:
842 2090 938 2125 sectis,

176 2125 300 2157 addunt
312 2138 320 2157 ι
346 2131 368 2146 “
382 2137 423 2157 ne
437 2127 532 2158 nimis
546 2129 703 2161 laedantur
717 2131 767 2162 vel
781 2131 940 2163 foedentur

176 2178 231 2200 ora
250 2169 454 2211 juvenum?’'
470 2189 514 2195 -—-
539 2172 699 2204 Caeterum
721 2174 939 2207 adumbratam

176 2212 346 2254 virginum,
370 2214 533 2255 unguibus
554 2226 618 2255 prae
641 2217 687 2248 ira
705 2218 738 2247 in
760 2226 939 2251 amatorum

177 2256 301 2287 vultum
326 2257 547 2295 involantium‚
571 2260 742 2301 imaginem
757 2262 844 2293 haud
869 2263 938 2294 Ro-

176 2309 344 2331 manorum
356 2301 564 2332 urbanitatem
580 2303 756 2342 offendisse,
772 2316 810 2336 ex
826 2306 938 2338 multis

176 2343 245 2374 aliis
258 2350 434 2384 poetarum,
449 2345 505 2384 qui
519 2346 672 2386 ejusmodi
694 2348 804 2387 proelia
818 2356 938 2380 amato-

176 2387 224 2417 ria
236 2386 425 2423 describunt,
442 2387 519 2418 locis
534 2390 608 2420 satis
622 2398 758 2430 apparet.
832 2404 860 2423 v.
884 2392 935 2424 19.

176 2442 242 2462 vac.
255 2433 310 2463 siv.
326 2443 380 2472 qu.
393 2433 454 2463 uri.
474 2431 539 2462 sive
549 2432 638 2463 liberi
650 2444 760 2465 sumus
770 2437 809 2467 ab
821 2447 936 2476 amore,

176 2475 242 2505 sive
261 2474 376 2514 puellae
389 2474 439 2505 vel
453 2475 544 2515 pueri
565 2476 731 2517 cujusdam
753 2489 858 2510 amore
874 2481 939 2511 uri-

177 2528 270 2556 mur;
285 2517 498 2558 —particula
519 2521 579 2551 sive
604 2521 653 2550 vel
669 2532 722 2552 seu
745 2522 848 2559 priore
869 2524 940 2554 loco

177 2561 292 2600 passim
307 2561 474 2599 omittitur,
487 2568 525 2592 ut
538 2573 623 2602 supr.
644 2564 673 2594 1.
691 2563 722 2594 3.
745 2564 794 2596 16.
876 2579 939 2599 non

174 2611 290 2644 preecer
303 2607 429 2637 solitum
442 2605 528 2637 haud
550 2612 663 2646 praeter
677 2609 938 2640 consuetudinem

178 2655 326 2686 nostram,
350 2659 390 2680 ex
413 2658 500 2680 more
520 2650 611 2681 nobis
633 2651 777 2690 proprio3
800 2655 874 2684 leves
898 2654 937 2684 ad

178 2690 335 2723 levitatem
353 2699 386 2724 et
398 2693 630 2733 protervitatem
644 2694 805 2734 proclives.

396 2779 608 2812 CARMEN
633 2780 717 2812 VII.

223 2863 261 2893 L.
283 2864 452 2897 Munatius
469 2867 618 2906 Plancus,
641 2878 715 2899 cum
737 2869 778 2899 ob
796 2874 936 2900 contrac-

176 2912 240 2936 tam
256 2907 313 2938 sibi
329 2910 413 2948 apud
435 2909 619 2953 Augustum
633 2911 739 2943 dubiae
754 2911 826 2943 fidei
842 2919 873 2943 ct
889 2912 935 2942 in-

987 1127 1170 1159 constamiae
1183 1125 1395 1166 suspicionem
1410 1133 1476 1155 non
1490 1134 1604 1164 parum
1618 1124 1659 1157 de
1670 1125 1753 1158 salu-

986 1171 1027 1201 tis
1055 1181 1122 1202 suae
1143 1172 1309 1202 securitate
1339 1174 1421 1199 esset
1452 1167 1616 1206 sollicitus,
1639 1177 1754 1209 sponte

987 1214 1091 1246 solum
1106 1213 1246 1246 vertendi
1269 1220 1301 1243 et
1323 1212 1358 1242 in
1376 1213 1522 1243 Graecam
1545 1211 1683 1253 aliquam
1708 1213 1753 1244 ci-

987 1258 1114 1290 vitatem
1126 1256 1300 1292 secedendi,
1313 1261 1468 1297 quantum
1483 1265 1522 1286 ex
1537 1256 1597 1286 hoc
1613 1257 1752 1288 carmine

987 1302 1136 1344 colligere
1163 1302 1247 1338 licet,
1279 1299 1398 1340 cepisse
1419 1307 1451 1330 et
1471 1309 1547 1330 cum
1567 1299 1672 1330 amico
1692 1310 1753 1331 suo

989 1345 1127 1377 Horatio
1155 1343 1415 1377 communicasse*
1425 1342 1551 1374 videtur
1571 1343 1748 1374 consilium.

991 1389 1091 1421 Poeta
1103 1389 1211 1432 igitur,
1227 1387 1304 1429 quid
1319 1386 1379 1418 sibi
1389 1385 1533 1417 videatur
1546 1385 1587 1417 de
1600 1387 1661 1417 hoc
1675 1397 1752 1418 con.

987 1433 1069 1472 silio,
1084 1443 1142 1474 per
1162 1434 1310 1473 ambages
1333 1437 1365 1461 et
1389 1430 1487 1470 paulo
1509 1429 1622 1461 tectius
1635 1430 1669 1460 in
1690 1431 1752 1462 boc

988 1478 1128 1508 carmine
1156 1476 1302 1508 declarat.
1353 1473 1399 1506 Ut
1431 1483 1471 1504 ex
1503 1474 1583 1504 urbe
1611 1473 1753 1506 discedat

990 1520 1142 1558 Plancus,
1163 1519 1251 1551 haud
1273 1517 1402 1560 quidem
1417 1517 1595 1558 improbare
1614 1517 1750 1556 videtur,

987 1563 1052 1602 sed,
1075 1564 1154 1597 dum
1177 1574 1243 1603 prae
1261 1561 1381 1594 Graecis
1394 1560 1572 1592 civitatibus
1586 1562 1666 1603 (quo
1681 1568 1752 1592 tum

985 1608 1123 1649 mig-rare
1146 1607 1288 1640 solebant
1311 1604 1470 1637 securitati
1493 1615 1560 1635 suae
1587 1605 1750 1646 finientes)

989 1650 1166 1683 Tiburtinae
1187 1649 1326 1693 regionis
1353 1647 1568 1680 amoenitatem
1589 1657 1752 1679 commen·

984 1695 1050 1733 dat,
1066 1696 1155 1737 quasi
1169 1694 1258 1726 aliud
1278 1702 1388 1735 agens,
1403 1692 1521 1729 locum,
1537 1691 1593 1723 ubi
1611 1691 1752 1723 Plancus

987 1739 1117 1777 Bacchi,
1133 1738 1251 1769 laetitiae
1265 1736 1390 1773 datoris,
1400 1745 1532 1766 munere
1546 1734 1703 1766 tristitiam
1717 1742 1752 1767 et

984 1782 1125 1813 dolorem
1141 1784 1329 1822 abstergere,
1344 1785 1377 1811 et
1390 1778 1432 1810 ad
1446 1778 1565 1820 quaevis
1585 1777 1750 1829 toleranda

984 1826 1127 1857 animum
1138 1825 1324 1857 confirmare
1334 1823 1440 1864 possit,
1452 1824 1549 1864 longe
1563 1829 1750 1863 opportuni-

985 1880 1071 1901 orem
1081 1870 1197 1900 innuit.
1207 1887 1252 1894 —
1264 1868 1378 1899 Nexus
1384 1866 1622 1903 sententiarum,
1631 1865 1673 1896 de
1685 1876 1753 1908 quo

984 1913 1064 1944 adeo
1079 1914 1260 1945 laborarunt
1273 1909 1424 1942 nonnulli
1438 1909 1631 1950 interpretes,
1641 1915 1680 1940 ut
1689 1910 1752 1941 hoc

985 1967 1112 1988 carmen
1138 1967 1177 1988 ex
1192 1956 1318 1988 duobus
1339 1948 1660 1985 diversis'zconflamm
1681 1963 1750 1984 ase

984 2000 1198 2040 opinarentur,
1211 2005 1259 2031 est
1269 1998 1335 2029 fere
1345 1998 1409 2030 hic=
1425 2002 1448 2018 ‘⁶
1456 1995 1642 2028 elatissimis
1656 1996 1748 2028 Gra-

984 2044 1042 2075 ciae
1063 2044 1203 2075 civitates
1217 2042 1287 2074 aliis
1311 2040 1487 2073 laudandas
1507 2040 1654 2082 relinquo
1661 2051 1679 2090 ς.
1694 2049 1750 2081 me

983 2088 1143 2128 praecipue
1156 2087 1292 2118 delectat
1312 2084 1522 2122 arnoeuisima
1545 2084 1680 2133 Tiburni
1697 2093 1749 2114 re-

983 2131 1057 2173 gio;
1084 2138 1120 2162 tu
1141 2139 1278 2173 quoque,
1307 2129 1434 2166 Plance,
1449 2128 1484 2158 in
1497 2138 1536 2158 ea
1546 2127 1748 2176 potissimum

982 2175 1112 2216 regione
1126 2175 1224 2206 animi
1238 2173 1287 2205 tui
1301 2172 1443 2203 dolorem
1453 2170 1611 2211 deponere
1619 2176 1745 2210 potens,

984 2220 1208 2261 (supplendum
1220 2217 1311 2249 'enim
1325 2221 1380 2253 est,
1403 2217 1486 2257 quod
1507 2216 1643 2264 consuat-to
1660 2225 1748 2255 pra*-

982 2264 1111 2294 temisic
1132 2261 1237 2303 poeta)
1254 2270 1294 2291 eo
1314 2266 1347 2291 te
1366 2259 1486 2297 confer,
1501 2265 1535 2289 et
1547 2264 1662 2308 cogita,
1678 2267 1745 2289 non

981 2315 1104 2345 semper
1117 2305 1202 2337 mala
1210 2305 1334 2340 durare,
1343 2301 1399 2334 sed
1408 2309 1480 2343 post
1488 2301 1555 2339 illa,
1566 2306 1746 2351 sicut‘tem-

982 2355 1133 2389 pestatem
1155 2349 1298 2389 excipere
1319 2346 1398 2377 solet
1419 2346 1578 2383 serenitas,
1593 2344 1746 2376 launa-em

982 2399 1098 2424 sortem
1112 2392 1224 2423 redire.
1274 2390 1467 2431 Ubicunque
1486 2400 1531 2426 es,
1553 2387 1602 2420 vel
1616 2388 1747 2420 futurus

981 2447 1026 2473 es,
1051 2436 1125 2467 vino
1139 2446 1230 2467 curas
1251 2434 1350 2471 dilue,
1371 2440 1404 2465 et
1425 2434 1568 2465 animum
1580 2437 1675 2463 tuum
1689 2436 1747 2463 'ex-

983 2480 1092 2511 hilara.
1141 2479 1302 2520 Exemplo
1316 2478 1351 2508 in
1364 2478 1424 2508 hac
1438 2488 1472 2509 re
1485 2476 1543 2509 tibi
1563 2486 1631 2508 esse
1643 2481 1746 2516 potest

985 2524 1120 2562 Teucer,
1136 2524 1202 2565 qui,
1216 2521 1360 2564 quamvis
1373 2523 1506 2561 patriam
1520 2530 1612 2555 suam
1631 2519 1746 2561 fugere

983 2567 1125 2604 debebat,
1141 2574 1248 2598 tamen
1262 2565 1406 2597 animum
1419 2565 1507 2596 haud
1519 2563 1743 2604 despondebat,

982 2611 1047 2641 imo
1061 2611 1103 2642 ad
1117 2611 1227 2641 vinum
1241 2620 1275 2640 se
1289 2608 1452 2651 sociosque
1464 2618 1540 2640 mos
1551 2606 1594 2638 ad
1606 2605 1746 2637 melioris

983 2654 1074 2684 sortis
1094 2654 1344 2695 expectationem
1369 2650 1559 2684 excitabat.”
1573 2667 1618 2676 ·—
1635 2650 1744 2687 Quam

983 2697 1086 2728 varius
1101 2705 1133 2729 et
1147 2698 1329 2728 inconstans
1341 2695 1439 2728 fuerit
1454 2695 1602 2731 Plancum
1616 2698 1682 2724 tam
1702 2702 1743 2724 ex

981 2740 1120 2779 diversis,
1145 2741 1272 2782 quasin
1286 2740 1446 2780 republica
1459 2745 1585 2771 secutus
1599 2743 1656 2787 ‘3³²’
1672 2745 1743 2787 pm:-

981 2784 1075 2822 tibus,
1098 2795 1195 2826 quam
1223 2794 1263 2815 ex
1291 2785 1412 2815 mutuis
1431 2783 1501 2825 ejus
1524 2787 1560 2813 et
1583 2781 1744 2830 Ciceronis

982 2827 1128 2866 epistolis,
1138 2839 1210 2869 quae
1222 2833 1346 2859 exstant
1355 2827 1389 2857 in
1403 2827 1470 2859 cic.
1482 2826 1544 2865 Ep·
1558 2824 1598 2856 ad
1611 2824 1687 2855 Div.
1702 2823 1741 2854 L.

984 2870 1027 2900 X.
1039 2870 1174 2912 intelligi
1190 2878 1299 2911 potest.
1318 2871 1412 2903 Conf-
1430 2870 1471 2902 de
1483 2879 1523 2901 eo
1539 2868 1589 2902 Cl.
1615 2868 1743 2901 Weazela

983 2915 1056 2944 Ina.
1078 2917 1172 2947 Nom.
1192 2926 1221 2955 p·
1241 2914 1293 2945 69.
