1904 3250
204 182 288 221 240

832 178 1138 223 HORATIl

1572 186 1680 233 [Lm.
1706 195 1761 224 iv.

719 376 1057 418 CARMEN
1101 376 1238 419 XIV.

786 537 855 568 AD
892 537 1174 570 AUGUSTUM.

315 666 430 715 QUAE
453 679 552 706 cura
576 664 761 714 Panum,
784 680 930 721 quaeve
953 665 1196 716 Quiritium,

315 738 454 780 Plenis
475 737 684 780 honorum
704 739 948 780 muneribus
971 747 1077 789 tuas,

429 812 634 870 Auguste,
657 813 829 855 virtutes
850 813 894 854 in
915 828 1051 854 aevum

546 881 629 923 Per
649 882 791 924 titulos
813 897 1102 939 memoresque
1122 882 1252 924 fastus

194 1030 272 1060 pro:
307 1019 447 1050 viserent.
487 1019 618 1061 fervidi,
633 1019 688 1059 qui
699 1018 832 1059 juvenili
846 1018 954 1049 ardore

194 1064 297 1095 adhuc
309 1063 431 1094 fervent
445 1068 476 1093 et
489 1072 595 1093 amore
609 1069 763 1099 aestuant3
787 1062 831 1093 sic
852 1063 953 1093 suavi-

194 1115 241 1138 ter
253 1113 455 1147 opponuntur
469 1106 592 1142 vetulae‚
614 1116 685 1146 quae
708 1105 826 1136 fervere
851 1105 950 1137 desiit.

193 1170 237 1176 —
252 1152 373 1182 Dilabs.
398 1152 431 1181 in
454 1151 549 1181 einer.
566 1150 685 1191 facem,
715 1156 787 1188 apta
814 1148 952 1190 imagine

193 1205 268 1237 pro.
296 1194 405 1235 Lycen
426 1204 445 1224 e
466 1193 572 1233 puella
597 1192 673 1224 olim
693 1192 812 1223 fervida
834 1200 866 1224 et
890 1193 954 1224 for·

193 1247 282 1269 mosa
301 1243 457 1268 mutatam
483 1246 568 1267 nunc
588 1237 623 1266 in
644 1235 790 1277 frigidam
806 1242 837 1266 et
851 1236 955 1267 defor-

192 1292 276 1313 mem
299 1281 458 1318 vetulam3
482 1282 604 1312 Mitsch.
630 1287 789 1320 comparat
811 1279 949 1321 Meleag.

194 1325 330 1357 XLIX.
348 1323 381 1355 2.
402 1324 501 1355 Anth.
518 1325 574 1354 Gr.
597 1324 635 1355 T.
656 1322 740 1364 I.p.
762 1322 812 1355 16.
861 1325 895 1355 in
909 1326 953 1355 ci·

190 1379 286 1406 neres,
309 1368 382 1400 hinc
407 1367 544 1399 Martial.
565 1367 636 1399 111.
654 1366 707 1398 93.
728 1366 778 1398 19.
811 1369 954 1399 Vetustil-

191 1415 266 1450 lam,
305 1418 471 1454 postquam
503 1422 572 1443 eam
601 1417 639 1442 ut
665 1411 830 1443 mulierem
861 1417 951 1442 aetate

190 1457 283 1496 plane
320 1455 495 1487 confectam
535 1455 608 1486 satis
643 1454 746 1495 lepide
780 1454 950 1494 descripsit,

190 1503 364 1532 dementem
384 1501 537 1531 cineribus
551 1500 623 1535 suis,
649 1500 696 1540 (h.
713 1509 740 1529 e.
758 1498 843 1530 sceda
856 1498 951 1528 effoeti

191 1544 330 1585 corporis
349 1542 477 1582 forma)
493 1545 596 1574 virum
608 1543 735 1582 prurire
748 1542 851 1574 adhuc
865 1553 950 1584 quae-

189 1599 256 1621 rere
269 1588 332 1625 ait3
356 1586 396 1618 cf.
416 1586 514 1617 Mart.
534 1586 579 1617 X.
597 1585 650 1617 90.
669 1585 700 1617 2.

997 1026 1071 1050 sunt
1101 1018 1277 1051 Vindelici!
1347 1019 1433 1051 Nam
1459 1019 1598 1060 primum
1630 1020 1757 1054 Drusus

997 1064 1144 1100 exercitu,
1167 1073 1262 1104 quem
1288 1062 1317 1093 ei
1346 1063 1553 1102 commiseras,
1586 1065 1756 1097 Genauno-

995 1117 1066 1137 rum
1088 1114 1119 1138 et
1144 1107 1343 1138 Breunorum
1366 1107 1498 1148 graviter
1512 1108 1599 1139 ultus
1613 1115 1659 1140 est
1673 1109 1755 1140 inso-

994 1150 1132 1181 lentiam.
1178 1150 1258 1181 Mox
1281 1150 1398 1181 bellum
1414 1157 1521 1182 contra
1538 1152 1755 1184 Rhaetos’con-

996 1195 1079 1228 fecit,
1109 1204 1205 1234 quem
1236 1194 1344 1225 Druso
1373 1193 1547 1236 adjutorem
1583 1194 1754 1232 addideras,

1000 1237 1144 1268 Tiberius
1160 1238 1194 1268 Is
1208 1237 1294 1268 enim
1306 1237 1340 1268 in
1354 1206 1466 1275 bosia,
1481 1238 1568 1270 velut
1591 1239 1731 1271 Auster
1721 1251 1754 1271 ιιι

995 1281 1162 1312 indomitas
1191 1281 1301 1319 undas,
1324 1291 1428 1318 ruens,
1459 1288 1491 1313 et
1519 1282 1635 1319 omnia.
1657 1283 1756 1315 veluti

996 1324 1122 1364 rapidus
1136 1324 1260 1362 fluvius,
1275 1331 1481 1375 prosternens,
1501 1325 1514 1356 i
1641 1326 1676 1357 in
1696 1328 1757 1359 boc

996 1368 1079 1399 bello
1106 1367 1298 1399 fortitudinis
1325 1369 1483 1420 specimen
1510 1369 1616 1401 edidit.
1691 1371 1755 1403 Sed

993 1413 1060 1443 haec
1084 1412 1191 1443 omnia
1211 1411 1274 1442 tuis
1302 1412 1409 1451 copiis,
1438 1419 1495 1444 tuo
1522 1413 1663 1452 consilio,
1691 1415 1756 1446 tuis

994 1455 1131 1496 denique
1158 1455 1303 1495 auspiciis
1330 1455 1412 1487 facta
1446 1457 1540 1490 sunt!
1609 1457 1662 1489 Ex
1689 1468 1755 1500 quo

995 1506 1135 1539 tempore
1168 1506 1275 1530 autem
1313 1499 1506 1531 Alexandria
1545 1507 1636 1541 capta
1673 1501 1756 1533 bella

994 1543 1097 1573 civilia
1110 1552 1166 1582 per
1180 1551 1211 1574 te
1231 1542 1318 1573 linita
1336 1550 1420 1581 sunt,
1443 1543 1532 1575 novis
1555 1554 1678 1584 semper
1699 1555 1756 1586 per

995 1585 1174 1628 quindecim
1201 1595 1288 1617 nunc
1317 1596 1418 1618 annos
1440 1587 1607 1627 imperinm
1637 1588 1755 1620 Roma-

952 1628 954 1630 ’
995 1639 1074 1660 ιιιιιιι
1096 1629 1209 1660 auxisti
1229 1629 1384 1668 victoriis;
1405 1629 1472 1662 imo
1495 1636 1580 1662 totus
1599 1639 1755 1664 terrarum

401 1673 615 1705 CARMEN
637 1672 741 1705 XIV.

235 1762 334 1793 Arcto
353 1762 414 1792 hoc
435 1770 561 1792 carmen
582 1770 656 1793 cum
676 1761 773 1802 hujus
793 1759 863 1792 libri
885 1771 951 1792 car-

189 1805 275 1837 mine
299 1811 412 1847 quarto
433 1805 628 1847 cognationis
647 1804 774 1836 vinculo
799 1805 950 1845 conjunc-

188 1856 258 1881 tum
279 1856 335 1880 est.
385 1849 565 1890 Utrumque
586 1848 670 1879 enim
692 1847 732 1879 ad
753 1848 952 1879 celebrandas

189 1894 339 1928 victorias,
362 1902 440 1934 quas
462 1891 527 1924 duo
551 1892 692 1934 Augusti
713 1891 859 1933 privigni,
884 1892 951 1922 Ne-

187 1946 288 1974 rones,
307 1937 433 1967 Drusus
446 1942 478 1967 et
494 1935 640 1967 Tiberius
654 1947 673 1967 a
692 1935 811 1966 Rhaetis
824 1942 855 1966 et
871 1935 951 1966 Vin-

188 1980 296 2011 delicis
309 1986 517 2020 reportarunt,
545 1980 684 2022 Augusti
699 1980 792 2021 jussu
813 1980 853 2010 ab
877 1979 949 2010 Ho-

187 2024 266 2055 ratio
293 2023 501 2063 compositum
531 2029 588 2055 est.
637 2022 788 2063 Superius
822 2022 952 2063 quidem

191 2067 299 2101 Drusi,
340 2073 418 2098 natu
453 2066 593 2104 minoris,
622 2068 681 2098 hoc
711 2066 841 2103 Tiberii,
871 2072 948 2097 natu

186 2109 949 2196 3²³3325¹22³22ffi123fflffffi3323

187 2204 274 2230 tante
287 2207 382 2238 supra
395 2198 429 2227 iu
445 2199 579 2239 Argum.
597 2198 638 2229 ad
655 2207 750 2229 carm.
766 2196 799 2228 4«.
816 2197 951 2228 breviter

185 2241 411 2282 exposuimus.)
457 2241 498 2271 In
528 2248 661 2283 utroque
685 2248 790 2272 autem
812 2241 950 2272 carmine

305 2285 450 2316 consulto
477 2284 522 2315 ita
550 2293 700 2323 versatur,
729 2292 768 2315 ut
793 2284 894 2316 Drusi
916 2291 949 2316 et

190 2327 309 2361 'liberii
336 2327 445 2359 laudes
466 2329 505 2358 ab
532 2328 672 2370 Augusti
696 2328 853 2366 laudibus,
877 2334 947 2360 tan-

187 2380 284 2415 quam
305 2372 400 2404 unico
421 2370 547 2402 illarum
571 2372 668 2410 fonte,
693 2372 820 2409 derivet,
843 2377 875 2403 et
902 2372 947 2403 sic

191 2417 376 2467 Augustum
397 2415 561 2455 utriusque
582 2416 728 2448 carminis
749 2421 949 2446 momentum

188 2458 362 2492 maximum
375 2457 479 2490 saciat·
519 2459 620 2498 Supra
633 2459 750 2491 scilicet
765 2459 866 2490 Drusi
878 2459 949 2490 lau-

189 2504 245 2536 des
267 2502 380 2544 repetit
402 2503 442 2533 ab
470 2502 608 2543 Augusti
629 2513 705 2534 cura
724 2513 796 2534 vere
805 2508 947 2553 paterna,

186 2555 283 2589 quam
296 2547 371 2578 isin
383 2543 440 2578 illo
452 2545 615 2577 educando
628 2553 660 2577 et
673 2547 741 2588 ejus
761 2546 868 2577 animo
889 2547 948 2578 rite

189 2589 362 2623 excolendo
379 2588 540 2631 posueri23
564 2589 683 2620 Tiberii
705 2598 778 2621 vero
798 2589 907 2620 laudes
928 2600 948 2621 a

187 2634 381 2686 benignioris
400 2632 490 2666 nortis
505 2631 663 2670 felicitate,
679 2644 742 2674 qua
755 2633 784 2663 ei
798 2634 857 2663 sub
874 2634 944 2663 Au-

187 2678 274 2720 gusti
290 2676 437 2718 auspiciis
449 2676 576 2718 egregia
589 2677 711 2707 virtun's
725 2676 845 2707 benicae
858 2675 944 2707 rudi-

188 2728 295 2754 menta
307 2721 462 2762 deponere
475 2719 706 2761 eontigerin—
662 2718 946 2750 ——Sententiarum

188 2774 289 2796 nexus
310 2772 356 2796 est
379 2765 444 2796 fa'e
466 2763 539 2796 hic.
566 2762 777 2799 “Quomodo
805 2773 947 2804 unquam

187 2808 253 2840 fieri
267 2815 378 2850 potest.
393 2813 431 2840 at
452 2806 585 2840 senam
604 2806 809 2847 Populusque
826 2806 945 2837 Roma·

189 2862 250 2884 nus
270 2852 383 2895 dignos
395 2852 468 2889 tuis,
490 2853 645 2893 Auguste,
667 2849 833 2881 virtutibus
846 2850 945 2880 hono-

188 2905 236 2926 res
250 2895 419 2928 decernat?
465 2893 616 2928 Tuenim
629 2903 663 2925 es
683 2902 740 2934 per
760 2899 860 2925 totum
882 2899 945 2923 ter·

188 2947 293 2970 rarum
321 2941 428 2971 orbem
631 2937 726 2980 longe
764 2935 941 2968 maximus!

189 2981 293 3013 Tuam
328 2983 362 3014 in
391 2982 474 3015 bello
499 2981 670 3024 potentiam
698 2991 799 3022 nuper
826 2979 943 3020 experti

995 1674 1079 1705 orbis
1091 1673 1148 1704 tibi
1162 1673 1319 1715 subjectus
1331 1679 1388 1712 est,
1402 1681 1436 1705 et
1454 1673 1529 1705 victi
1540 1674 1651 1715 populi
1663 1681 1754 1707 tuam

995 1716 1188 1748 admirantur
1209 1717 1425 1757 potentiam?
1446 1734 1491 1744 —
1511 1718 1668 1759 Scriptum
1692 1719 1754 1751 hoe

995 1769 1120 1791 carmen
1149 1770 1216 1791 esse
1239 1770 1278 1792 eo
1299 1769 1393 1799 anno,
1422 1770 1487 1803 quo
1516 1761 1657 1804 Augusti
1683 1769 1754 1813 post

995 1804 1090 1835 trium
1111 1813 1267 1835 annorum
1287 1804 1458 1836 absentiam
1479 1806 1754 1847 magnoomnimu

994 1847 1148 1879 desiderio
1186 1849 1406 1888 expectabatur
1443 1849 1570 1885 reditus,
1607 1859 1646 1880 ex
1684 1850 1756 1892 ejus

995 1891 1086 1923 initio
1099 1890 1206 1934 colligi
1219 1897 1330 1931 potest.

1039 1946 1068 1965 v.
1088 1934 1180 1966 1-9.
1210 1937 1378 1971 Quaeeum
1394 1937 1484 1968 Patr.
1508 1935 1746 1979 μικρῶν-ἐι.

995 1997 1037 2003 -
1051 1984 1198 2011 oetemet.
1193 1978 1209 2001 ²
1256 1978 1326 2015 Qui
1356 1988 1498 2022 unquam
1528 1980 1660 2012 Senatus
1691 1979 1755 2012 Po-

997 2023 1151 2064 pulusque
1182 2023 1354 2054 Romanus
1367 2028 1470 2054 tantos
1488 2023 1623 2055 honores
1645 2023 1753 2055 animo

992 2066 1154 2107 concipere
1175 2072 1208 2097 et
1227 2067 1395 2098 decernee
1412 2066 1536 2108 potuit,
1549 2067 1675 2109 qinnu's
1687 2067 1749 2098 vir.

991 2117 1076 2141 tutes
1096 2116 1171 2149 tuae,
1197 2111 1353 2151 Auguste,
1375 2116 1441 2142 tam
1453 2109 1750 2151 pen-publianum-

994 2160 1132 2191 umenn,
1148 2163 1244 2196 quam
1259 2163 1315 2194 per
1327 2164 1433 2185 annua
1452 2153 1613 2190 alumnia,
1626 2154 1749 2185 mni.

1401 2199 1486 2238 plen.
1503 2199 1606 2229 honor.
1624 2209 1747 2230 muner.

991 2242 1022 2271 h.
1054 2251 1082 2272 e.
1115 2241 1189 2272 satis
1217 2241 1329 2281 amplis
1355 2241 1511 2272 honorum
1538 2241 1752 2281 emmenum

985 2286 1098 2325 plenis,
1109 2284 1212 2326 justis,
1227 2284 1306 2315 nihil
1319 2283 1473 2324 amplius3
1495 2286 1648 2316 honorum
1661 2284 1748 2316 enim

990 2339 1122 2360 munera
1135 2327 1305 2359 dicuntur·
1291 2337 1358 2369 Jam
1367 2329 1475 2402 plena.l
1484 2337 1556 2369 quae
1569 2327 1629 2358 viri
1641 2329 1750 2371 magui

989 2371 1237 2411 amplitudinem,
1253 2381 1349 2412 quam
1371 2381 1463 2412 comp
1462 2371 1536 2402 lecti
1548 2377 1581 2403 et
1593 2370 1749 2404 celebrare

990 2414 1113 2452 debent,
1135 2415 1228 2455 plene
1249 2414 1501 2455 complectuntur
1519 2421 1552 2446 et
1570 2414 1747 2453 οεΙεῑιειιιις

989 2469 1101 2499 -per
1115 2460 1230 2496 titulos,
1244 2458 1387 2499 intellige
1399 2464 1518 2490 stamas
1531 2467 1604 2489 cum
1617 2458 1749 2508 inserip-

990 2502 1136 2540 tionibus,
1151 2502 1192 2533 cf.
1206 2501 1468 2544 Iv.8.13seqq.
1482 2502 1605 2544 fiam,
1620 2501 1747 2542 antique

989 2555 1047 2586 pro
1046 2547 1160 2588 fastor
1177 2547 1210 2576 h.
1227 2556 1255 2576 e.
1271 2545 1395 2577 tabulas
1411 2545 1586 2586 publiea·
1573 2554 1609 2576 m
1621 2545 1746 2586 quibus,

990 2595 1028 2620 ut
1051 2589 1146 2621 Ovid.
1162 2589 1245 2621 Fast.
1262 2589 1290 2622 1.
1303 2589 1335 2620 8.
1360 2589 1508 2630 loquitur,
1532 2597 1662 2640 quaque
1685 2590 1749 2621 dies

987 2635 1094 2664 merito
1117 2643 1173 2665 suo
1196 2638 1302 2665 notata
1324 2638 1390 2671 est3
1411 2632 1448 2663 in
1567 2638 1666 2674 lglmr
1679 2641 1744 2663 non

988 2676 1092 2707 solum
1112 2687 1162 2707 res
1182 2676 1328 2717 praeclare
1341 2677 1381 2707 ab
1398 2676 1559 2726 Augusto
1568 2680 1672 2717 gestie,
1689 2675 1745 2707 sed

988 2719 1082 2750 etiam
1096 2719 1164 2750 dies
1175 2719 1257 2757 festi,
1278 2721 1314 2750 in
1334 2718 1516 2750 memoriam
1530 2717 1598 2760 ejus
1611 2725 1744 2760 quotan-

988 2763 1038 2793 nis
1067 2762 1252 2800 celebrandi,
1279 2761 1380 2793 notari
1403 2755 1579 2793 debebant.
1601 2761 1675 2794 hinc
1695 2762 1746 2794 di-

986 2812 1102 2836 cuntur
1114 2816 1271 2843 mernores,
1286 2805 1326 2836 cf.
1337 2815 1431 2846 supra
1447 2804 1518 2836 111.
1534 2803 1584 2836 1⁷.
1599 2804 1630 2837 4.
1650 2805 1744 2838 ovid.

989 2848 1112 2880 Fasul.
1130 2848 1200 2879 1.9.
1215 2848 1256 2879 ad
1282 2850 1516 2886 Germanicum,
1534 2849 1743 2892 Augu-seper

987 2891 1185 2933 adoptionem
1200 2898 1365 2932 nepotem.
1390 2894 1533 2924 Inverdes
1546 2895 1609 2925 illic
1620 2894 1742 2936 etsexta

986 2938 1147 2968 domestica
1161 2937 1266 2974 vobis,-
1290 2939 1373 2977 Saepe
1393 2937 1446 2968 tibi.
1459 2943 1550 2978 Jmer
1565 2936 1742 2980 (me-im)

985 2985 1037 3019 est,
1052 2990 1130 3021 soepe
1143 2981 1290 3021 legendus
1303 2991 1388 3018 avus,
1401 2979 1612 3023 (Augustus).
1703 2981 1740 3018 0,

991 2196 1048 2228 tati
1060 2196 1219 2228 tradendae
1233 2203 1307 2228 sunt
1315 2198 1330 2228 ἰ’

1876 3202 1888 3211 z
1872 3010 1892 3193 rubemus*
1890 2959 1891 2963 „
1878 2928 1897 2942 22

1873 3217 1886 3250 w-
