1904 3250
153 179 208 215 60

210 305 235 342 5
271 301 416 344 Nectis
437 303 636 346 catenas?

790 177 1095 220 HORATII

1567 183 1674 230 [Lm.
1699 193 1728 220 1.

698 303 808 353 Quae
829 303 906 344 tibi
927 304 1138 360 virginum

271 373 438 428 Sponso
458 382 608 415 necato
628 373 810 414 barbara
830 371 1014 414 serviet?

390 443 503 485 Puer
523 444 616 500 quis
637 459 691 485 ex
712 443 808 484 aula
828 441 988 498 capillis

503 514 573 555 Ad
595 513 793 570 cyathum
815 520 1020 561 statuetur
1050 514 1200 564 unctis,

269 582 434 624 Doctus
457 584 627 640 sagittas
649 582 822 624 tendere
846 583 1010 625 Sericas

186 655 235 693 10
269 653 385 695 Arcu
407 653 615 708 paterno?

679 654 787 703 Quis
809 663 938 712 neget
959 654 1101 696 arduis

386 723 550 764 Pronos
571 724 704 766 relabi
724 739 849 780 posse
870 725 982 767 rivos

501 793 738 845 Montibus,
761 803 804 836 et
825 794 1016 836 Tiberim
1038 795 1190 836 reverti
1202 811 1213 844 3

146 924 227 954 vent,
243 928 285 948 sc.
305 929 324 947 a
338 927 438 957 poena,
456 917 509 948 cui
524 919 639 950 scelere
654 926 710 950 tuo
724 926 755 950 te
770 919 907 961 obligas-

145 961 180 992 ti.
270 961 379 1001 injecto
393 968 440 992 ter
450 964 588 1001 pulvere,
611 973 685 994 nam
700 963 740 994 ad
757 963 845 1004 justa
858 964 908 993 ιιι-

147 1004 269 1035 humati
283 1004 421 1044 corporis
443 1006 646 1044 persolvenda
666 974 771 1047 parvaJ
784 1006 909 1048 injectae

147 1055 237 1079 terrae
273 1048 323 1078 vel
358 1048 497 1088 pulveris
532 1051 699 1103 particula.
721 1050 907 1088 sufficiebat,

146 1091 232 1133 quod
250 1092 355 1122 Graeci
371 1095 427 1132 γῆν
416 1093 491 1123 uvel
507 1095 541 1124 nb
556 1094 809 1134 ηέταμῆηισθαι
823 1094 908 1125 dice-

146 1137 240 1173 bant;
257 1134 320 1165 vid.
337 1136 469 1167 Dori-ill.
488 1136 529 1167 ad
551 1137 671 1169 Charit.
690 1148 723 1177 p.
740 1135 805 1168 422
819 1148 904 1179 seqq.

146 1178 220 1210 edit.
242 1178 329 1219 Lips.

335 1267 549 1298 CARMEN
573 1268 716 1299 XXIX.

192 1354 274 1386 Cum
292 1354 406 1391 Iccius,
423 1365 460 1385 ex
476 1356 589 1386 umbra
604 1363 635 1387 et
649 1356 726 1393 otio,
741 1356 798 1387 ubi
810 1367 844 1387 se
858 1363 907 1387 ιο-

145 1404 215 1428 ιιιιιι
230 1398 294 1429 huc
304 1409 405 1439 usque
417 1398 622 1438 philosophiae
633 1400 803 1437 abdiderat,
821 1410 908 1431 nunc

145 1441 178 1471 in
194 1441 303 1477 solem,
318 1442 404 1483 quod
419 1441 519 1480 aiunt,
542 1450 574 1473 et
588 1444 750 1482 pulverem
765 1443 908 1483 proditu-

144 1495 207 1517 ηις.
239 1495 357 1516 nomen
385 1496 483 1516 suum
511 1493 624 1525 praeter
657 1486 908 1526 expectationem

143 1528 287 1559 omnium
319 1529 478 1568 professus
507 1537 587 1560 esset
612 1530 697 1570 apud
723 1529 907 1567 exercitum,

145 1582 242 1612 quem
259 1573 436 1613 Augustus,
453 1572 535 1603 duce
550 1573 640 1604 AElio
658 1573 762 1610 Gallo,
778 1573 812 1603 in
827 1574 909 1605 Ara,-

145 1614 229 1646 biam
262 1615 411 1653 Felicem,
443 1616 557 1647 ditioni
576 1628 643 1648 suae
668 1617 907 1658 subjiciendam,

145 1658 299 1689 missurus
326 1667 411 1698 erat;
445 1659 501 1702 (de
529 1670 602 1701 qua,
624 1661 768 1701 quamvis
795 1671 909 1701 parum

134 1712 293 1742 prospero
306 1713 453 1734 successu
472 1704 515 1735 U.
535 1704 573 1735 C.
594 1704 817 1736 DCCXXX.
837 1715 908 1735 sus-

146 1752 237 1786 cepta
251 1746 452 1786 expeditione
473 1746 536 1777 vid.
557 1748 624 1779 Dio
647 1748 753 1779 LIII.
779 1758 811 1788 p.
830 1747 906 1779 723.

148 1789 259 1820 Strabo
276 1790 377 1821 XVI.
394 1801 467 1832 pag.
486 1789 560 1822 780.
579 1798 611 1822 et
637 1791 723 1822 Plin.
744 1791 807 1823 VI.
833 1791 907 1831 28.)

149 1833 316 1870 Horatius,
332 1833 373 1864 de
387 1835 447 1864 hoc
461 1834 637 1866 incredibili
659 1835 753 1866 amici
767 1835 817 1866 sui
832 1846 907 1866 con-

146 1876 217 1907 silio
230 1876 344 1908 certior
358 1876 472 1915 factus,
496 1878 597 1909 facete
621 1889 708 1916 eum,
730 1885 768 1910 ut
788 1889 909 1910 novum

145 1927 179 1951 et
191 1919 379 1958 timendum,
396 1920 421 1951 si
440 1921 513 1952 Diis
528 1922 647 1962 placet!
672 1932 787 1964 regum
803 1924 909 1955 Sabae-

145 1973 238 1994 orum
251 1962 440 1995 domitorem
454 1964 578 1997 deridet
590 1972 685 2007 atque
706 1966 852 1998 traducit.
865 1985 910 1991 —

146 2007 326 2042 observent
353 2007 480 2046 tirones,
510 2019 574 2050 qua
602 2016 669 2041 arte
697 2017 729 2041 et
752 2010 910 2052 elegantia

145 2057 238 2091 poeta
263 2051 439 2090 simplicem
464 2055 670 2085 sententiam.
701 2054 825 2090 “Quis
849 2064 909 2094 pu-

146 2100 251 2133 tasset,
266 2094 335 2125 fleri
349 2095 496 2135 potuisse,
514 2103 551 2128 ιιι
564 2104 610 2134 ιιι,
626 2097 703 2133 Icci,
720 2107 758 2128 ex
774 2097 911 2137 philoso-

147 2137 232 2178 phiae
242 2138 383 2170 studioso
396 2139 488 2170 miles
502 2139 634 2171 fieres?”
651 2142 865 2174 exornaverit!

189 2192 220 2213 v.
235 2180 371 2214 1-10.
399 2184 494 2215 beatis
516 2195 549 2215 n.
575 2186 674 2215 Arab.
698 2186 817 2217 invides
839 2197 907 2226 gaz·

146 2225 236 2267 quasi
249 2226 439 2276 compulerit
455 2227 578 2258 Iccium
600 2228 641 2259 ad
662 2228 808 2260 militiam
831 2228 912 2259 divi·

147 2270 264 2301 tiarum
279 2269 315 2300 in
330 2269 450 2301 Arabia
467 2270 574 2302 Felice
588 2271 646 2303 sibi
660 2272 912 2314 colligendarum

147 2312 312 2354 cupiditas.
402 2325 502 2351 nunc,
518 2325 593 2345 cum
616 2315 656 2354 vi,
680 2322 727 2353 ιιι,
749 2316 805 2357 qui
826 2322 910 2354 anve,

147 2364 186 2387 ιιι
199 2355 412 2397 philosophus,
427 2367 447 2388 a
467 2357 647 2390 divitiarum
668 2359 912 2401 quaerendarum

149 2400 255 2432 studio
267 2400 477 2432 alienissimus
489 2401 604 2432 fueras.
710 2405 805 2435 beatoe
825 2414 912 2444 gazae

149 2450 233 2479 sunt.
249 2444 366 2486 quibus
378 2451 546 2476 censentur
560 2446 722 2483 beatiores,
744 2457 816 2487 quae
837 2453 912 2478 sunt

149 2489 345 2526 beatiorum3
367 2487 412 2520 sic
426 2488 512 2528 apud
529 2489 646 2520 Catull.
665 2490 844 2522 LXVIII.
862 2488 912 2522 14.

150 2534 231 2563 dona
261 2533 349 2564 beata
373 2539 479 2573 petere
507 2542 583 2573 pro:
616 2533 710 2572 dona,
740 2544 812 2575 quae
838 2542 913 2566 sunt

150 2575 336 2613 beatiorum,
351 2582 466 2616 petere.

149 2630 180 2648 υ.
199 2621 264 2650 dev·
284 2621 425 2661 Sub-reg

151 2661 190 2692 sit
205 2663 237 2692 in
252 2663 317 2694 hoc
329 2673 410 2695 novo
425 2673 464 2695 ex
486 2663 672 2704 philosopho
694 2664 778 2694 facto
801 2665 909 2702 milite,

150 2706 204 2745 qui
220 2706 306 2738 solus
319 2713 352 2738 et
365 2717 450 2739 unus
463 2717 530 2738 non
545 2713 618 2739 ante
633 2706 771 2738 devictos
794 2708 912 2739 Sabaeae

151 2758 241 2789 reges
276 2749 441 2782 devincere
475 2751 592 2791 possin
628 2761 724 2791 quam
754 2751 914 2784 salse!—

154 2793 248 2823 Subae.
260 2805 332 2843 oreg.
354 2794 474 2834 Sabaea,
489 2794 616 2826 Arabiae
633 2794 748 2826 Felicis
761 2805 844 2834 pars,
856 2806 914 2835 pro

153 2835 226 2865 totis
239 2836 308 2877 ejus
322 2837 458 2876 finibus;
481 2838 614 2870 habebat
633 2845 742 2869 autem
763 2849 913 2880 unaquae—

152 2889 214 2918 que
233 2880 359 2912 Arabiae
377 2881 491 2914 Felicis
503 2892 576 2922 pars
587 2892 683 2913 suum
697 2882 855 2928 regulum.
869 2900 914 2908 —-

153 2934 173 2951 n
176 2933 216 2952 οη
238 2931 311 2954 ante
332 2927 438 2957 device.
464 2925 608 2957 nondum
635 2925 721 2956 enim
753 2935 852 2965 usque
873 2926 912 2956 ad

157 2965 305 2996 Arabiam
325 2967 472 3007 Felicem,
485 2979 580 3012 quam
595 2969 798 3010 philosophus
809 2976 913 3002 noster

553 2582 583 2607 et
607 2588 674 2608 acr.
698 2579 762 2609 mil.
786 2589 854 2619 par.
872 2590 907 2610 π.

424 2619 548 2662 .quasi
569 2630 694 2652 summa
714 2621 790 2651 belli
812 2622 914 2661 posita

965 929 1051 950 nunc
1062 919 1297 960 perdomiturus
1311 926 1387 958 erat,
1405 921 1624 952 Romanorum
1640 931 1728 952 arma
1756 918 1758 922 ’

964 969 1213 1003 penetraverant.
1301 966 1434 996 lam-ibit.
1449 966 1543 997 Medo
1555 965 1730 995 exercitum

965 1006 1052 1037 enim
1066 1007 1169 1043 illum,
1186 1017 1280 1048 quem
1294 1015 1461 1041 secuturus
1475 1015 1540 1039 erat
1556 1008 1671 1045 Iccius,
1686 1007 1728 1038 ad

968 1050 1102 1081 Parthos
1118 1050 1280 1092 Indosque
1293 1051 1390 1082 simul
1411 1051 1613 1093 debellandos
1634 1051 1728 1082 desti-

965 1100 1078 1125 natum
1103 1093 1213 1131 fuisse,
1240 1104 1279 1124 ex
1305 1095 1382 1126 locis
1405 1105 1492 1136 supr.
1510 1096 1540 1126 1.
1557 1094 1607 1126 12.
1625 1094 1679 1125 56.
1697 1101 1730 1125 et

965 1137 1039 1167 infr.
1061 1138 1089 1168 1.
1108 1137 1161 1168 35.
1180 1137 1233 1168 31.
1252 1138 1399 1180 colligere
1414 1139 1497 1170 licet.
1586 1140 1728 1173 horribili,

965 1181 1049 1212 hosti
1064 1180 1114 1212 vel
1129 1182 1269 1213 maxime
1283 1181 1470 1214 fortitudine
1491 1193 1550 1213 sua
1575 1182 1730 1213 Romanis

966 1225 1119 1256 timendo.
1207 1227 1304 1257 nectis
1318 1227 1470 1258 catenas?
1493 1226 1612 1257 scilicet
1633 1232 1670 1256 ut
1690 1225 1730 1255 iis

965 1269 1223 1310 constringantur
1251 1269 1364 1308 captivi
1392 1277 1466 1300 ante
1498 1269 1576 1300 Iccii
1604 1269 1729 1300 victoris

965 1321 1095 1342 currum
1109 1312 1334 1352 triumphalem
1348 1312 1495 1344 ducendi.

965 1356 1122 1396 virginum
1137 1362 1210 1386 cett.
1260 1356 1394 1387 Sensus:
1421 1366 1518 1397 quam
1539 1355 1728 1397 magnificus

966 1398 1023 1429 tibi
1052 1398 1161 1430 victori
1191 1399 1319 1430 accedet
1346 1400 1457 1437 honor,
1485 1399 1614 1441 quando
1642 1399 1730 1441 regia

966 1441 1065 1483 virgo,
1081 1444 1174 1484 cnjus
1187 1453 1338 1482 sponsum
1353 1444 1480 1481 necasti,
1502 1443 1560 1474 tibi
1581 1453 1680 1481 serva,
1697 1449 1729 1473 et

966 1496 1046 1525 puer
1059 1486 1175 1527 regius,
1199 1488 1279 1517 bene
1300 1487 1334 1516 in
1359 1487 1544 1528 sagittarum
1565 1486 1727 1528 jacienda·-

965 1539 1039 1559 rum
1068 1535 1135 1560 arte
1163 1529 1362 1567 exercitatus,
1393 1530 1543 1570 pincerna
1571 1530 1654 1560 erit?
1684 1547 1730 1555 —

966 1584 1038 1614 quoe
1066 1575 1224 1614 virginum
1246 1575 1375 1604 barbara
1404 1584 1462 1615 pro
1487 1573 1630 1615 vulgari:
1656 1583 1729 1614 quae

966 1616 1056 1657 virgo
1070 1618 1211 1654 barbara,
1226 1616 1295 1648 vel:
1323 1627 1395 1658 quae
1417 1619 1617 1649 barbararum
1631 1616 1728 1658 virgi-

966 1670 1065 1699 num;
1089 1670 1146 1700 per
1166 1662 1320 1701 virginem
1333 1662 1499 1692 barbaram
1511 1659 1656 1701 intelligo
1677 1672 1727 1692 re-

963 1705 1060 1744 giam,
1087 1714 1159 1745 quae
1182 1704 1256 1735 infr.
1278 1704 1351 1735 111.
1377 1703 1408 1735 2.
1433 1704 1465 1735 8.
1490 1703 1546 1735 ubi
1559 1705 1674 1744 pariter
1687 1703 1729 1734 de

969 1747 1191 1778 Romanorum
1221 1747 1419 1786 fortitudine,
1439 1748 1562 1788 sponsis
1582 1748 1726 1778 bau-bm-

966 1801 1039 1822 rum
1063 1790 1223 1833 virginum
1248 1791 1372 1830 infesta,
1396 1801 1499 1823 sermo
1520 1798 1577 1828 est,
1603 1790 1730 1830 plenius

966 1837 1075 1866 adulta
1105 1836 1245 1866 bellantis
1269 1838 1401 1877 tyranni
1429 1837 1514 1876 virgo
1542 1833 1729 1872 dicitur,—

961 1890 1044 1918 puer
1057 1880 1128 1920 quis
1141 1890 1177 1909 ez·
1191 1881 1266 1910 aula
1288 1889 1331 1910 sc.
1352 1879 1498 1910 Arabum
1518 1877 1569 1909 vel
1593 1878 1729 1908 Partho-

966 1931 1039 1952 rum
1053 1921 1138 1963 regis
1158 1921 1334 1963 cujusdam,
1356 1923 1389 1954 ιι.
1407 1933 1436 1953 e.
1453 1932 1533 1962 puer
1552 1921 1668 1962 regius.
1683 1937 1730 1947 —-

966 1967 1008 1996 ad
1022 1967 1172 2007 cyathum
1187 1971 1283 1998 statu.
1299 1976 1341 1997 sc.
1355 1973 1391 1998 ιιι
1406 1965 1516 1997 viuum
1538 1963 1685 1997 infundat
1697 1970 1731 1996 et

967 2008 1135 2061 ministret,
1151 2010 1181 2039 h.
1201 2019 1229 2039 e.
1247 2009 1438 2049 pocillator-is
1460 2018 1592 2047 munere
1612 2003 1730 2050 funga-

967 2047 1031 2083 tur.
1049 2054 1148 2085 statui
1173 2063 1248 2092 pro.
1277 2059 1367 2084 stare.
1395 2053 1446 2085 Cl-
1471 2054 1597 2084 Mitsch.
1621 2051 1730 2083 laudat

972 2097 1096 2128 Auson.
1116 2095 1212 2136 Idyll.
1231 2096 1272 2128 de
1288 2097 1376 2128 Hist-
1405 2095 1456 2127 19.
1489 2099 1558 2128 Stat
1582 2097 1667 2128 Jovis
1685 2097 1729 2127 ad

969 2142 1105 2181 cyathos,
1125 2142 1238 2180 genuit
1251 2152 1344 2181 quem
1364 2141 1557 2172 Dardanius
1583 2141 1671 2171 Tros.
1683 2155 1729 2163 -—

967 2185 1072 2224 capill-
1089 2189 1181 2216 unct.
1204 2194 1279 2214 nam
1293 2183 1334 2214 ad
1355 2183 1570 2215 conviviorum
1583 2181 1731 2223 magnifl-

969 2227 1105 2258 centiam
1126 2234 1160 2259 et
1180 2226 1379 2267 splendorem
1402 2226 1579 2266 pertinebat
1601 2235 1730 2267 quoque

968 2270 1192 2310 pincernarum
1203 2277 1270 2301 tam
1277 2270 1464 2308 formositas,
1475 2279 1571 2311 quam
1579 2275 1730 2301 exterum

968 2324 1078 2345 eorum
1093 2314 1208 2350 cultus,
1230 2314 1313 2345 inter
1325 2313 1388 2345 alia
1400 2313 1435 2344 in
1449 2314 1588 2345 cfinibus
1601 2312 1729 2355 eleg-an-

969 2364 1016 2389 ter
1029 2357 1231 2388 comendiset
1244 2356 1426 2399 unguendis
1433 2356 1564 2397 positus.
1634 2359 1730 2389 Doct-

967 2412 1031 2442 sag.
1049 2403 1132 2433 tend.
1150 2403 1216 2433 Ser.
1234 2412 1300 2433 arc.
1313 2410 1381 2441 pac.
1400 2411 1464 2432 non
1478 2411 1554 2432 cum
1575 2400 1727 2440 interpre-

968 2445 1054 2476 tibus
1067 2446 1136 2475 haec
1150 2444 1298 2486 adjecisse
1309 2451 1432 2485 poetam
1444 2451 1532 2485 puto,
1544 2451 1582 2476 ιιι
1593 2454 1728 2485 puerum

970 2490 1010 2519 ab
1024 2488 1183 2530 ingenuis,
1192 2488 1370 2529 quibusille
1382 2488 1524 2520 imbutus
1537 2488 1643 2526 fuerit,
1654 2488 1728 2520 mi-

968 2534 1029 2563 bus
1053 2531 1297 2569 commendaret,
1323 2531 1380 2563 sed
1403 2538 1442 2563 ut
1466 2531 1567 2563 Iccio
1581 2541 1667 2570 eum,
1691 2539 1729 2562 ut

968 2575 1154 2625 sagittarum
1169 2575 1387 2616 jaciendarum
1407 2574 1641 2615 peritissimum,
1655 2573 1728 2606 red-

967 2619 1057 2651 deret
1082 2618 1272 2657 terribilem,
1303 2619 1378 2650 hinc
1396 2621 1512 2651 Medus
1541 2629 1675 2669 quoque
1687 2619 1728 2650 ab

970 2663 1057 2695 Iccio
1070 2662 1244 2694 vincendus
1263 2662 1360 2703 paulo
1380 2669 1454 2694 ante
1474 2664 1626 2694 horribilis
1643 2661 1727 2695 diee-

967 2709 1071 2739 batur.
1121 2706 1185 2738 His
1209 2706 1357 2737 omnibus
1377 2713 1484 2738 autem
1603 2715 1669 2742 um,
1691 2706 1728 2736 in

968 2750 1055 2792 quod
1082 2750 1188 2782 Iccius
1211 2755 1329 2795 temere
1354 2760 1388 2781 se
1415 2749 1532 2781 adduci
1559 2755 1726 2790 pateretur,

967 2794 1159 2826 discrimen·
1149 2793 1254 2831 innui,
1268 2797 1380 2835 sponte
1394 2799 1532 2833 apparet.
1619 2795 1727 2825 tende-

967 2850 1001 2870 re
1015 2840 1142 2880 sagittas
1149 2849 1238 2876 arcu,
1249 2837 1344 2877 paulo
1354 2837 1506 2869 audacius
1514 2846 1585 2878 pro.
1599 2837 1728 2878 sagittas

968 2893 1006 2913 ex
1021 2893 1098 2914 arcu
1112 2887 1200 2914 tento
1208 2882 1333 2931 jacere;
1355 2881 1416 2912 nisi
1429 2880 1501 2922 quis
1513 2883 1638 2913 tendere
1651 2880 1726 2911 sim·

968 2926 1090 2965 pliciter
1104 2936 1178 2966 pro:
1198 2924 1343 2968 dirigere,
1354 2924 1475 2956 dictum
1489 2930 1588 2964 putet·
1633 2923 1727 2956 Simi-

968 2969 1038 3002 liter
1064 2971 1162 3003 telum
1183 2971 1306 3002 tendere
1331 2968 1411 3001 dixit
1438 2967 1655 3010 Virgi1.AEn.
1684 2968 1726 2999 V.

1589 1315 1666 1348 Quae
1676 1314 1729 1344 tibi
1779 1346 1781 1348 ,
