1904 3250
219 161 317 200 3421

855 158 1170 202 HORATII-

1635 162 1744 212 [Lm.
1767 172 1801 200 1.

249 287 304 325 65
337 284 470 342 Atqui
491 286 526 326 si
546 285 655 326 vitiis
676 284 960 326 mediocribus
981 299 1030 326 ac
1050 299 1145 326 mea
1163 287 1308 341 paucis

338 353 552 396 Mendosa
572 361 636 395 est
654 361 819 403 natura,
842 353 999 409 alioqui
1019 361 1160 403 recta3
1195 355 1326 410 (velut
1346 356 1381 397 si

341 426 527 484 Egregio
548 427 761 481 inspersos
782 425 1014 482 reprendas
1035 440 1214 482 corpore
1232 427 1395 480 naevos)

340 498 385 538 Si
405 511 542 552 neque
563 495 792 546 avaritiam,
815 511 952 552 neque
974 495 1134 546 sordes,
1157 504 1229 538 aut
1248 496 1359 539 mala
1377 497 1513 539 lustra

340 565 523 620 objiciet
543 579 641 606 vere
662 565 885 622 quisquam
905 565 1035 615 mihi3
1066 580 1199 620 purus
1220 574 1262 607 et
1281 566 1449 618 insons,

250 638 306 676 '70

341 634 425 690 (Ut
444 649 512 675 me
533 633 789 687 collaudem)
814 635 849 675 si
869 643 912 676 et
931 635 1026 676 vivo
1047 650 1168 676 carus
1190 635 1334 677 amicis
1349 652 1360 686 ;
1373 654 1381 666 ··

340 707 480 748 Causa
499 706 579 749 fuit
597 715 718 763 pater
739 707 818 759 his,
842 708 915 772 qui
935 723 1079 749 macro
1098 723 1261 764 pauper
1281 708 1423 767 agello

340 779 489 821 Noluit
509 780 554 821 in
577 779 695 822 Flavi
716 781 865 822 ludum
885 796 952 822 me
974 781 1165 832 mittere3
1195 783 1340 839 magni

340 848 440 898 Quo
460 850 596 906 pueri,
617 852 781 909 magnis
802 867 826 892 e
847 852 1162 893 centurionibus
1184 853 1280 903 orti,

339 920 474 962 Laevo
496 922 688 977 suspensi
709 921 870 963 loculos
892 921 1162 978 tabulamque
1181 921 1342 963 lacerto

250 993 275 1031 7
279 993 305 1031 5
338 989 464 1032 Ibant
484 991 646 1032 octonis
667 990 894 1032 referentes
918 991 1066 1032 Idibus
1087 1006 1174 1032 aera
1186 1007 1198 1041 3

341 1059 426 1102 Sed
446 1074 627 1116 puerum
648 1068 712 1102 est
732 1075 858 1101 ausus
883 1060 1066 1102 Romam
1086 1068 1257 1116 portare
1277 1060 1519 1103 docendum

339 1132 481 1183 Artes,
505 1147 608 1190 quas
630 1132 780 1175 doceat
801 1133 936 1190 quivis
957 1148 1085 1190 eques
1106 1141 1233 1190 atque
1255 1141 1423 1175 senator

343 1203 485 1245 Semet
504 1211 752 1261 prognatos.

816 1203 990 1262 Vestem
1011 1218 1238 1260 servosque
1260 1211 1498 1260 sequentes,

341 1273 394 1314 In
415 1288 570 1330 magno
591 1281 638 1314 ut
657 1272 833 1329 populo,
857 1273 892 1314 si
913 1273 986 1329 qui
1006 1272 1191 1324 vidisset,
1214 1274 1327 1315 avita

253 1346 308 1384 80

342 1342 412 1384 Ex
432 1357 479 1384 re
499 1342 686 1398 praeberi
706 1350 868 1384 sumtus
889 1342 993 1383 mihi
1015 1343 1207 1384 crederet
1226 1343 1335 1385 illos.

341 1414 441 1470 Ipse
460 1414 566 1456 mihi
586 1422 726 1457 custos
747 1415 1134 1471 incorruptissimus
1155 1430 1302 1456 omnes

344 1487 517 1529 Circum
539 1487 734 1529 doctores
755 1487 915 1529 aderat.

979 1487 1098 1537 Quid
1117 1487 1282 1529 multa?
1310 1487 1514 1544 pudicum

345 1559 455 1616 (Qui
474 1560 637 1616 primus
657 1560 823 1601 virtutis
843 1559 999 1612 honos)
1025 1561 1205 1603 servavit
1224 1561 1278 1602 ab
1299 1562 1414 1602 omni

342 1631 443 1673 Non
465 1632 601 1674 solum
621 1632 746 1684 facto,
768 1647 916 1675 verum
936 1633 1168 1689 opprobrio
1189 1648 1358 1690 quoque
1373 1633 1514 1690 turpi:

223 1784 290 1805 non
303 1780 430 1814 propter
443 1774 547 1815 stirpis
562 1775 768 1811 nobilitatem,
793 1774 849 1806 sed
869 1780 997 1815 propter

222 1819 296 1849 vitae
309 1817 475 1859 animique
489 1818 658 1858 puritatem
675 1818 791 1859 placui.

267 1872 295 1892 v.
311 1860 453 1892 65-75.
477 1864 576 1902 Atqui
597 1864 624 1894 si
649 1868 721 1893 cett.
741 1861 860 1903 junge:
894 1862 998 1903 Atqui

227 1905 304 1947 (jam
327 1906 415 1946 vero)
442 1906 469 1937 si
497 1917 567 1937 mea
596 1912 714 1937 natura
738 1904 940 1937 mediocribus
970 1911 1000 1937 et

219 1950 332 1990 paucis
346 1950 426 1980 viciis
440 1955 484 1980 est
498 1951 658 1980 mendosa.
714 1951 826 1985 sordes,
843 1948 1001 1979 sordidam

226 1992 450 2029 tenacitatem;
474 1991 548 2023 hinc
573 1993 708 2032 turpiter
737 1992 822 2023 avari
851 1992 1002 2023 dicuntur

226 2035 372 2066 homines
386 2038 513 2067 sordidi·
603 2048 662 2068 nec
676 2038 758 2068 mala
773 2038 883 2073 lustra,
907 2036 999 2066 intel-

226 2078 292 2120 lige
322 2079 390 2109 loca
420 2079 581 2115 latebrosa.
619 2089 657 2111 ut
693 2079 835 2121 loquitur
864 2079 1000 2110 Plautus

227 2122 348 2155 Bacch.
369 2122 441 2153 111.
461 2122 492 2153 3.
511 2122 564 2154 20.
582 2123 603 2154 i.
619 2134 645 2154 e.
662 2123 845 2163 lupanaria;
869 2124 1001 2154 tenebroe

227 2168 399 2198 lustrorum
414 2166 499 2205 apud
514 2167 581 2198 Cic.
599 2178 630 2207 p.
652 2167 736 2198 Sext.
762 2177 789 2198 c.
821 2166 852 2197 9.
937 2178 1000 2207 pu-

226 2221 283 2242 rus
297 2216 326 2241 et
340 2211 446 2241 insons
461 2216 533 2240 cett.
548 2211 668 2251 junge:
695 2213 721 2242 si
729 2222 836 2251 purus
850 2216 879 2241 et
893 2211 1001 2241 insons

230 2255 282 2295 (ut
311 2265 362 2285 me
390 2254 581 2294 collaudem)
611 2260 639 2285 et
671 2266 763 2286 carus
789 2255 900 2285 amicis
921 2255 998 2284 vivo.

229 2308 378 2329 —causa
381 2297 455 2339 suit
468 2303 558 2337 pater
573 2299 628 2334 his,
645 2298 691 2333 iis,
707 2308 780 2338 quae
796 2297 836 2328 de
857 2307 909 2327 me
932 2296 1000 2327 lau-

230 2340 282 2377 do,
298 2347 387 2381 pater
400 2346 510 2371 auctor
524 2341 643 2379 extitit;
667 2353 774 2372 macro
784 2352 909 2382 pauper
918 2342 1001 2381 agel-

230 2386 269 2421 lo,
288 2393 444 2424 possessor
458 2383 565 2424 exigui
580 2384 672 2415 fundi
688 2384 858 2424 opponitur
869 2383 1000 2414 latifun-

230 2427 358 2458 diorum
373 2427 607 2467 possessoribus.
697 2430 732 2460 in
758 2426 854 2459 Flavi
875 2428 999 2464 ludum,

229 2471 294 2502 fuit
306 2470 405 2513 igitur
423 2470 549 2502 Flavius
564 2470 782 2512 ludimagister
806 2470 1000 2507 Venusinus,

232 2514 288 2555 qui
303 2523 417 2554 pueros
430 2516 463 2546 in
485 2514 699 2545 subducendis
721 2514 851 2545 calculis
875 2524 1000 2544 exerce-

231 2565 290 2589 ret.
316 2560 425 2598 magni
439 2560 723 2600 pueri—magnis
748 2565 869 2589 centur.
897 2557 1001 2596 lepide

233 2608 265 2632 et
279 2601 358 2632 salse
376 2601 530 2633 Horatius
544 2602 745 2632 centuriones
759 2611 834 2631 cum
848 2600 922 2630 filiis
936 2601 1001 2631 suis

233 2656 362 2686 magnos
377 2652 476 2683 vocat,
491 2644 634 2686 quamvis
648 2644 756 2685 magni
773 2644 817 2674 illi
840 2643 897 2673 viri
923 2643 1004 2674 filios

234 2699 308 2719 suos
322 2689 462 2731 vulgaris
481 2694 605 2720 tantum
629 2686 841 2728 ludimagistri
866 2686 1002 2726 discipli-

234 2742 286 2762 nae
314 2732 496 2771 tradebant;
546 2738 579 2762 at
610 2731 738 2762 Horatii
766 2737 864 2770 pater,
895 2741 1000 2761 niacro

232 2787 357 2817 pauper
370 2778 478 2816 agello,
493 2775 595 2806 filium
608 2784 714 2812 suum,
734 2774 871 2804 Romam
884 2773 1000 2804 deduc-

232 2826 314 2856 tum,
330 2820 365 2849 in
379 2819 541 2850 altioribus
554 2817 703 2849 doctrinae
717 2817 830 2848 studiis
854 2816 1000 2847 erudien-

235 2862 313 2893 dum
342 2865 480 2894 curabat.
570 2864 666 2894 Laevo
686 2872 771 2902 susp.
800 2862 914 2892 loculos
934 2862 995 2891 tab.

232 2908 358 2944 lacerto,
389 2907 531 2938 tabulam
559 2913 592 2937 et
619 2904 740 2936 loculos
775 2903 854 2935 laevo
884 2903 999 2934 lacerto

231 2959 399 2988 suspensos
413 2956 595 2990 portante53
616 2949 764 2990 ωηιεηεί,
777 2948 908 2990 (Graeca
922 2957 997 2979 cou-

1039 1774 1180 1812 structio,
1199 1774 1376 1819 ἱξηρτημὶηι
1392 1775 1440 1806 τὶν
1453 1773 1576 1815 dauza)
1592 1773 1647 1816 qui
1666 1774 1725 1807 sibi
1739 1787 1811 1809 sus-

1038 1817 1217 1858 penderunt
1229 1820 1356 1855 loculos,
1370 1818 1406 1848 in
1419 1819 1536 1860 quibus
1549 1818 1675 1856 calculi,
1689 1820 1811 1859 ‹et-alia,

1039 1862 1154 1902 quibus
1167 1871 1249 1901 opus
1264 1869 1332 1892 erut
1355 1861 1390 1892 iu
1414 1861 1501 1892 ludis
1522 1861 1715 1903 vulgaribus,
1737 1874 1811 1904 por-

1043 1906 1210 1943 tabantur3
1233 1906 1382 1941 tabulam,
1412 1906 1526 1947 (Schol.
1556 1905 1670 1947 Cruq.)
1691 1908 1726 1938 in
1747 1919 1813 1948 qua

1045 1955 1075 1980 ct
1089 1951 1281 1980 characteres
1295 1951 1502 1981 arithmeticos
1514 1951 1672 1987 notabant,
1694 1956 1724 1982 et
1747 1953 1811 1982 cal·

1045 1994 1130 2023 culos
1145 1994 1290 2023 ordinare
1304 1994 1470 2024 discebant.
1553 1994 1719 2037 refer-emes
1731 2005 1812 2034 oera,

1044 2035 1202 2075 explicant
1216 2046 1279 2066 aera
1293 2035 1333 2066 de
1353 2036 1508 2067 subducta
1527 2047 1549 2067 a
1571 2037 1679 2076 pueris
1702 2041 1738 2068 in
1759 2050 1811 2070 ez·-

1043 2081 1140 2119 emplo
1154 2081 1345 2111 arithmetico
1366 2079 1487 2110 mione
1507 2089 1685 2118 usurarum,
1706 2079 1813 2112 idibus

1044 2123 1200 2163 cujusque
1210 2123 1326 2153 mensis
1336 2134 1356 2154 a
1366 2122 1558 2154 debitoribus
1565 2123 1786 2156 solvendarum
1797 2137 1809 2163 ;

1044 2167 1099 2196 sed
1127 2166 1242 2197 rectius
1278 2166 1408 2197 fortasse
1446 2168 1623 2198 Scholiasta
1651 2169 1749 2208 Cruq.
1779 2175 1812 2199 et

1049 2211 1206 2241 Gesnerus
1220 2209 1379 2249 accipiunt
1398 2221 1463 2241 (ενα
1488 2209 1528 2240 de
1550 2209 1701 2246 didactro,
1722 2211 1811 2251 quod

1044 2253 1150 2283 idibus
1163 2253 1318 2294 cujusque
1329 2253 1445 2283 mensis
1458 2252 1677 2294 ludimagistro
1689 2254 1810 2286 solvere

1044 2295 1200 2327 debebant
1213 2295 1323 2336 pueri;
1347 2296 1438 2337 cujus
1451 2295 1578 2336 quidem
1592 2297 1637 2327 rei
1648 2296 1811 2330 mendene

1044 2340 1127 2370 sacta
1141 2345 1232 2379 poeta
1253 2339 1432 2380 designasse
1453 2339 1578 2370 videtur
1598 2349 1729 2376 morem.
1754 2342 1810 2382 qui

1045 2383 1152 2413 locum
1181 2381 1401 2413 tantummodo
1429 2382 1561 2413 habebat
1595 2383 1681 2423 apud
1715 2384 1811 2416 ludos

1045 2426 1191 2467 vulgares
1218 2425 1268 2455 vel
1295 2425 1453 2464 minor33
1490 2428 1614 2464 octonis,
1649 2427 1811 2466 epitheton

1045 2479 1181 2507 ornam-13
1203 2468 1286 2500 inter
1299 2480 1398 2500 nonas
1412 2469 1497 2500 enim
1511 2476 1544 2500 et
1561 2472 1631 2502 idus
1651 2478 1723 2502 octo
1743 2471 1814 2503 dies

1043 2519 1126 2543 sunt.

1086 2566 1115 2586 v.
1135 2554 1275 2586 76-80.
1303 2561 1347 2587 est
1372 2567 1479 2591 ausus.
1508 2566 1575 2587 non
1602 2556 1695 2588 facile
1722 2558 1809 2589 enIm

1043 2598 1135 2636 alius,
1150 2599 1184 2629 in
1200 2609 1234 2629 re
1248 2600 1336 2629 tenui
1351 2600 1548 2636 constitutus,
1561 2610 1627 2630 rem
1642 2607 1707 2632 tam
1721 2612 1810 2632 sum-

1046 2649 1169 2673 mosam
1185 2642 1340 2682 suscipere
1361 2653 1458 2674 ausus
1477 2649 1566 2674 esset.
1601 2651 1739 2685 portare,
1754 2645 1811 2676 de-

1045 2692 1179 2725 portare,
1195 2685 1372 2723 deducere3
1415 2692 1506 2722 anes,
1522 2686 1664 2729 intellige
1681 2688 1811 2720 Graem

1043 2728 1173 2766 litteras,
1187 2735 1219 2760 et
1233 2728 1304 2766 alia,
1319 2729 1353 2759 in
1368 2729 1484 2770 quibus
1496 2729 1639 2762 doctriua
1652 2739 1807 2763 censetur.

1043 2789 1089 2797 —
1102 2775 1215 2807 doceat,
1231 2772 1388 2803 docendas
1409 2780 1506 2804 curet.
1531 2775 1567 2806 in
1581 2786 1695 2815 magno
1708 2781 1743 2807 ue
1750 2786 1810 2816 po-

1041 2817 1127 2856 pulo,
1144 2818 1347 2859 Heindorfius
1361 2816 1515 2856 explicat:
1541 2820 1575 2849 in
1597 2828 1629 2849 so
1637 2819 1722 2860 sem
1743 2821 1811 2851 diu

1043 2862 1079 2891 in
1105 2861 1176 2891 dem
1194 2870 1319 2900 gros-sen
1344 2862 1426 2891 volke
1448 2862 1575 2901 milgliclz
1602 2863 1650 2898 ist.
1667 2873 1710 2894 wo
1731 2873 1809 2895 man

1041 2905 1104 2935 sich
1125 2909 1204 2934 trotz
1222 2909 1316 2944 guter
1337 2904 1483 2946 kleidung
1499 2907 1567 2937 und
1580 2906 1679 2937 einen
1690 2907 1809 2948 gffolge

1041 2958 1099 2980 von
1114 2948 1235 2980 sclaven
1254 2948 1330 2979 doch
1352 2953 1446 2980 unter-
1467 2951 1522 2981 der
1542 2959 1654 2990 mcnge
1677 2950 1809 2987 adiere,
