1904 3250
252 151 331 191 144

882 153 1185 197 HORATII

1610 164 1719 212 [Lm.
1741 174 1811 204 111.

795 349 1135 394 CARMEN
1180 352 1264 395 VI.

847 503 918 535 AD
942 504 1193 538 ROMANOS.

355 632 557 674 Dauom
578 632 781 687 majorum
801 632 1019 674 inmeritus
1039 633 1144 684 lues,

358 701 560 751 Romane,
581 699 715 743 donec
736 701 891 757 templa
910 701 1120 754 refeceris,

471 769 687 827 AEdesque
707 770 894 813 labentes
915 771 1122 824 Deorum,
1145 780 1188 815 et

586 842 718 884 Foeda
736 844 860 901 nigro
880 844 1102 887 simulacra
1121 844 1250 887 fumo.

295 917 321 953 5
352 911 433 954 Dis
453 921 494 955 te
514 914 718 956 minorem
738 914 853 971 quod
871 915 996 972 geris,
1017 915 1220 971 imperas:

355 983 469 1026 Hinc
488 999 612 1026 omne
630 985 896 1041 principium,
918 985 1002 1027 huc
1021 985 1132 1027 refer
1151 986 1324 1028 exitum.

467 1055 529 1098 Di
547 1057 680 1098 multa
697 1057 877 1115 neglecti
896 1057 1106 1100 dederunt

584 1129 804 1186 Hesperiae
825 1130 935 1173 mala
954 1131 1170 1174 luctuosae.

234 1259 426 1290 Palmerium
449 1257 484 1288 in
507 1259 643 1290 Exere-it.
667 1261 708 1289 ud
732 1261 813 1299 App.
841 1258 897 1300 (cf.
915 1258 988 1290 edit.

235 1304 397 1342 Sclzweiglz.
413 1301 485 1332 Vol.
506 1301 577 1332 111.
595 1312 665 1342 pag.
690 1301 783 1342 392.)
799 1302 913 1342 plureS,
936 1303 992 1344 qui

233 1346 392 1387 vulgarem
407 1345 446 1375 de
465 1345 582 1386 Reguli
603 1345 762 1385 suppliciis
783 1346 992 1376 narrationem

233 1389 266 1419 in
281 1389 507 1420 dubitationem
527 1395 682 1425 vocarent,
705 1395 737 1420 et
757 1395 855 1420 totam
869 1399 935 1420 rem
951 1388 991 1420 ad

231 1432 380 1463 invidiam
401 1439 508 1463 contra
534 1432 696 1464 Romanos
716 1432 894 1473 augendam
915 1442 991 1463 con-

231 1476 336 1507 fictam
364 1486 432 1507 esse
459 1475 700 1514 contenderent;
736 1476 806 1507 vide
835 1475 988 1515 inprimis,

225 1529 302 1560 quae
322 1518 501 1559 nuperrime
522 1518 613 1549 docte
634 1525 666 1550 et
687 1519 810 1559 copiose
823 1518 865 1549 de
877 1520 934 1550 hac
956 1529 989 1549 re

230 1562 399 1600 disputavit
424 1562 473 1594 cl.
493 1564 625 1602 Ruperti
646 1562 687 1593 ad
711 1562 766 1593 Sil.
786 1562 858 1594 Ital.
877 1562 898 1592 1.
917 1563 938 1592 l.
955 1573 987 1602 p.

229 1605 296 1637 395
309 1616 394 1648 seqq.
487 1608 590 1641 Quam
604 1607 630 1637 si
645 1608 745 1638 client.
759 1612 831 1637 cett.
846 1616 941 1648 quam
950 1606 986 1643 si,

229 1656 267 1680 ut
275 1659 439 1681 causarum
450 1649 560 1690 aliquis
570 1656 729 1688 patronus,
743 1660 835 1680 causa
849 1649 986 1687 tandem,

223 1703 324 1734 quam
338 1703 402 1724 non
418 1693 486 1723 sine
500 1703 614 1733 magna
634 1693 777 1724 molestia
791 1703 847 1733 pro
862 1692 986 1723 clienti-

227 1738 288 1768 bus
301 1737 366 1767 suis
379 1735 608 1767 defendendam
629 1743 814 1776 susceperat,
836 1735 987 1777 dijudica-

227 1785 270 1817 ta,
286 1779 383 1811 animi
397 1779 446 1810 sui
460 1779 620 1810 reficiendi
641 1789 736 1810 causa
759 1780 793 1810 in
816 1780 987 1810 amoenissi-

226 1833 312 1855 mam
326 1822 485 1865 quandam
499 1823 660 1864 regionem
673 1822 857 1854 rusticatum
870 1823 986 1853 iret.—

225 1868 318 1907 Ionga
338 1873 370 1897 et
390 1866 521 1907 proinde
545 1877 584 1897 eo
605 1866 785 1898 molestiora
813 1873 844 1897 et
869 1867 986 1908 majore

220 1920 300 1941 cum
334 1910 428 1941 taedio
462 1911 639 1952 conjuncta.
749 1910 916 1953 Venafran.
951 1912 986 1941 in

223 1965 323 1994 agros,
346 1953 379 1984 in
404 1954 577 1994 Campania
597 1953 682 1991 sitm,
704 1964 762 1993 pro
781 1964 905 1995 quaque
926 1953 987 1984 alia

225 1997 393 2027 amoeniore
420 1997 556 2037 regione.
647 1999 819 2029 Lacedoem.
854 1999 982 2029 Tar-ent.

220 2040 265 2071 cf.
284 2051 368 2081 supr.
389 2041 437 2072 11.
456 2040 487 2071 6.
509 2039 558 2071 ll.
581 2039 630 2071 12.

456 2128 667 2159 CARMEN
690 2128 754 2159 VI.

268 2213 323 2245 Ad
336 2214 519 2251 licentiores,
531 2215 646 2255 quibus
658 2221 727 2247 tum
743 2215 890 2255 temporis
903 2225 982 2255 prae-

216 2257 331 2298 ·cipites
344 2257 377 2288 in
391 2258 559 2297 perniciem
580 2258 632 2300 agi
653 2267 810 2299 coeperant
833 2259 980 2295 Romani,

221 2311 334 2338 mores,
349 2301 521 2342 pertinebat
542 2301 682 2341 inprimis
697 2302 828 2333 deorum
843 2308 981 2333 contem-

219 2350 274 2376 tus
287 2350 318 2376 et
331 2344 394 2376 vita
407 2344 610 2377 libidinosior.
656 2347 709 2376 Ab
728 2347 787 2377 hac
800 2345 898 2387 igitur
911 2356 980 2385 per-

220 2387 423 2420 niciosissima
440 2398 564 2418 morum
586 2389 761 2429 corruptela
781 2389 859 2420 dum
881 2399 982 2428 popu-

221 2431 301 2463 lares
323 2442 398 2463 suos
419 2441 547 2462 avocare
571 2432 675 2464 studet
698 2433 731 2463 in
756 2433 816 2463 hoc
841 2432 979 2463 carmine

1035 1258 1206 1297 adulteria;
1233 1258 1369 1300 denique
1390 1265 1428 1291 ut
1448 1269 1522 1291 cum
1543 1259 1663 1300 pudore
1679 1259 1795 1293 intelli-

1034 1310 1121 1343 gant,
1138 1309 1292 1344 quantum
1307 1313 1326 1333 a
1335 1303 1490 1345 majorum
1505 1314 1634 1335 suorum
1647 1304 1752 1336 indole
1763 1313 1796 1336 et

1034 1346 1200 1377 virtutibus
1227 1346 1491 1388 degeneraverint,
1521 1348 1662 1385 breviter,
1686 1349 1795 1390 quales

1033 1388 1081 1419 illi
1095 1390 1160 1421 nati
1175 1396 1206 1421 et
1219 1389 1343 1421 educati
1356 1389 1484 1427 fuerint,
1500 1398 1732 1423 commemorat.
1749 1410 1794 1418 —

1036 1433 1176 1474 Augusti
1189 1433 1316 1474 quidem
1339 1433 1372 1465 in
1386 1440 1452 1465 toto
1465 1434 1525 1464 hoc
1544 1434 1682 1466 carmine
1703 1435 1792 1466 nulla

1032 1474 1115 1507 sacta
1128 1482 1175 1507 est
1188 1476 1316 1515 mentio,
1331 1477 1387 1509 sed
1400 1487 1473 1508 cum
1487 1477 1566 1508 illud
1581 1487 1620 1508 eo
1629 1477 1697 1517 ipso
1711 1485 1792 1509 tem·

1031 1529 1106 1558 pore
1120 1520 1270 1559 scriptum
1286 1531 1352 1550 esse
1366 1520 1516 1558 videatur,
1542 1519 1607 1561 q'uo
1623 1521 1790 1564 Augustus

1030 1562 1071 1592 ad
1085 1563 1217 1594 deorum
1230 1563 1362 1600 cultum,
1385 1564 1441 1605 qui
1454 1570 1523 1595 tum
1536 1564 1679 1606 frigebat,
1698 1565 1732 1596 in
1747 1566 1791 1596 ci-

1030 1606 1117 1636 vium
1142 1607 1255 1637 animis
1278 1606 1485 1638 refovendum
1511 1610 1589 1639 oedes
1613 1619 1727 1645 sacras,
1753 1616 1791 1640 ut

1030 1649 1135 1680 scribit
1152 1651 1280 1681 Sueton.
1302 1650 1389 1692 Aug.
1406 1660 1434 1682 c.
1447 1649 1501 1681 30.
1518 1657 1664 1683 vetustate
1678 1654 1791 1693 collap-

1029 1703 1087 1728 sas.
1117 1700 1173 1725 aut
1198 1696 1339 1725 incendio
1364 1696 1520 1726 absumtos
1544 1696 1658 1737 νψσίι,
1689 1703 1721 1726 et
1749 1695 1789 1726 ad

1029 1736 1284 1776 compescendam
1305 1737 1411 1769 liberae
1426 1737 1558 1768 Veneris
1570 1738 1728 1769 licentiam
1743 1738 1789 1769 le-

1029 1790 1102 1820 gem
1117 1782 1238 1812 Juliam
1258 1783 1296 1812 de
1317 1782 1477 1813 adulteriis
1490 1786 1523 1812 et
1535 1780 1638 1822 legem
1654 1783 1703 1813 Pa
1729 1784 1737 1790 '
1755 1794 1789 1814 m

1030 1826 1197 1864 Poppaeam
1206 1826 1243 1855 de
1251 1826 1435 1856 maritandis
1441 1825 1598 1856 ordinibus
1605 1825 1678 1856 ceta·
1746 1825 1787 1863 ἰς

1031 1867 1215 1904 Horatium,
1237 1873 1275 1898 ut
1294 1867 1329 1898 in
1350 1867 1419 1898 aliis
1436 1867 1626 1899 carminibus
1648 1869 1789 1910 Augusti

1028 1909 1173 1941 virtutem
1182 1912 1330 1949 bellicam,
1338 1911 1383 1942 ita
1392 1911 1427 1941 in
1436 1911 1497 1942 boc
1507 1911 1652 1942 virtutem
1665 1910 1734 1962 ejus
1743 1915 1788 1944 ci-

1029 1955 1118 1985 vilem
1128 1953 1282 1985 celebrare
1290 1955 1424 1986 voluisse
1431 1953 1516 1986 ha'ud
1524 1954 1726 1994 improbabile
1733 1962 1789 1987 est.

1072 2007 1102 2027 v.
1122 1995 1214 2028 1-4.
1239 2000 1365 2030 Delicta
1383 1997 1546 2039 majorum.
1562 1999 1602 2029 ab
1614 1997 1718 2038 impiis
1730 2009 1787 2039 pa-

1027 2040 1137 2079 tribus,
1162 2041 1197 2071 in
1222 2041 1311 2072 bellis
1335 2041 1477 2073 civilibus
1504 2041 1657 2083 inprimis,
1678 2048 1787 2074 contra

1029 2084 1104 2115 deos
1118 2091 1150 2115 et
1163 2084 1294 2124 patriam
1303 2091 1486 2126 perpetrata.
1531 2086 1694 2118 inmeritus
1708 2085 1740 2116 b.
1753 2095 1781 2116 e.

1026 2128 1186 2165 innocens,
1201 2129 1338 2170 integer3
1361 2138 1435 2160 nam
1450 2129 1605 2169 Diespiter
1615 2130 1782 2169 neglectus,

1027 2177 1063 2202 ut
1076 2182 1161 2211 supr.
1179 2170 1209 2202 2.
1228 2171 1281 2203 30.
1304 2171 1426 2207 dicitur,
1449 2183 1527 2213 ,ηερε
1541 2174 1652 2203 incesto
1666 2174 1783 2204 addidit

1024 2216 1191 2255 integrum.
1207 2216 1261 2246 ubi
1275 2215 1316 2246 cf.
1335 2222 1398 2246 not.
1417 2221 1448 2246 et
1462 2225 1546 2254 supr.
1567 2214 1594 2245 1.
1612 2213 1665 2246 28.
1682 2213 1783 2246 30.—

1025 2260 1102 2290 oedes
1115 2261 1253 2295 deorum,
1274 2258 1415 2300 intellige
1429 2257 1568 2295 delubra,
1582 2268 1654 2299 quae
1668 2258 1782 2298 passim

1023 2311 1098 2332 cum
1122 2301 1246 2342 templis
1266 2302 1416 2343 conjungi
1436 2301 1547 2332 solent.
1634 2303 1781 2340 labentes,

1023 2353 1089 2385 prae
1103 2350 1254 2376 vetustate
1273 2344 1448 2375 desidentes
1462 2351 1494 2375 et
1511 2344 1637 2376 ruinam
1657 2345 1780 2376 minan-

1023 2393 1081 2425 tes,
1108 2387 1256 2429 quoniam
1285 2397 1393 2419 earum
1420 2387 1658 2419 reficiendarum
1692 2389 1781 2420 nulla

1020 2430 1123 2462 adhuc
1150 2431 1255 2462 habita
1277 2431 1381 2462 fuerat
1407 2431 1496 2463 ratio.
1570 2433 1663 2475 soeda
1691 2434 1779 2473 nigro

220 2481 322 2516 poeta,
336 2474 472 2515 primum
488 2475 572 2511 deos,
591 2486 726 2517 quorum
740 2475 863 2507 cultum
875 2475 979 2506 adhuc
1007 2475 1099 2517 sum.
1116 2474 1199 2505 soede
1212 2474 1375 2516 inquinata
1388 2481 1420 2506 et
1433 2474 1608 2506 decolorata
1620 2476 1721 2512 sumo,
1736 2486 1778 2506 ac.

220 2517 424 2561 neglexerint,
439 2528 502 2549 non
518 2518 620 2549 solum
643 2520 808 2557 variarum,
824 2529 901 2560 quas
910 2519 977 2560 jam

221 2561 340 2602 experti
367 2562 439 2600 sint,
469 2561 680 2593 calamitatum
709 2569 850 2594 auctores
870 2562 977 2600 fuisse,

219 2605 276 2637 sed
289 2605 414 2637 eosdem
427 2605 529 2636 multo
543 2607 682 2646 graviora
697 2607 790 2643 mala,
805 2606 864 2636 nisi
878 2605 977 2637 refec-

218 2649 259 2681 tis
273 2659 383 2681 eorum
395 2648 519 2688 templis
532 2648 571 2679 ad
593 2649 759 2689 pristinum
782 2648 904 2689 pietatis
923 2660 978 2680 ex-

218 2693 364 2725 erciu'um
387 2691 543 2729 redierint,
568 2692 607 2722 iis
628 2692 822 2724 immissuros
842 2703 909 2724 esse
929 2703 978 2723 os-

218 2736 336 2768 vendit:
355 2734 479 2772 deinde,
490 2741 527 2767 ut
540 2734 738 2777 flagitiorum,
755 2737 870 2777 quibus
883 2736 979 2767 libere

218 2790 305 2811 nunc
319 2779 507 2820 polluantur,
521 2778 746 2819 turpitudinem
762 2781 799 2810 iis
813 2785 885 2811 ante
899 2790 975 2811 ocu-

218 2823 266 2854 los
279 2832 384 2863 ponat.
400 2829 467 2854 tam
480 2822 667 2859 inhonestas,
689 2822 801 2863 quibus
823 2823 937 2862 puellae
957 2834 977 2854 a

216 2872 324 2898 tenera
337 2866 410 2898 inde
425 2871 516 2898 aetate
527 2867 568 2898 ad
582 2865 743 2897 libidInem
762 2866 894 2906 juvenes
908 2867 974 2906 pel-

218 2909 311 2941 licere
325 2910 454 2948 soleant,
469 2916 557 2946 artes,
580 2919 675 2951 quam
688 2909 827 2946 infamia,
842 2920 912 2950 quae
936 2910 973 2939 li-

211 2954 338 2985 centius
352 2964 437 2985 nunc
451 2964 470 2986 a
484 2953 589 2994 nuptis
600 2952 813 2991 admittantur,
831 2952 973 2985 describit

1019 2527 1115 2559 quem
1129 2517 1255 2549 flamma
1265 2518 1374 2555 thuris,
1387 2518 1472 2560 quod
1486 2518 1520 2549 in
1534 2518 1660 2559 templis
1672 2518 1779 2550 adole-

1019 2562 1121 2598 batur,
1150 2571 1274 2592 sursum
1301 2562 1462 2600 mittebat3
1491 2561 1569 2593 ritus
1590 2561 1689 2603 igitur
1713 2560 1776 2597 ille.

1020 2614 1084 2646 quo
1097 2603 1230 2636 deorum
1249 2605 1415 2636 simulacra
1433 2611 1514 2636 stato
1537 2606 1704 2646 quotannis
1726 2604 1778 2636 die

1019 2648 1115 2679 lavari
1129 2647 1278 2686 solebant,
1301 2649 1493 2679 intermissus
1512 2648 1630 2686 fueram
1652 2648 1692 2679 de
1713 2659 1779 2690 quo

1021 2693 1225 2733 Spanhemius
1238 2691 1279 2722 ad
1297 2691 1479 2723 Callimachi
1494 2691 1638 2731 Inscript.
1654 2691 1780 2733 Hymn.

1020 2735 1055 2766 in
1070 2735 1201 2766 Lavacr.
1221 2734 1302 2766 Pall.
1320 2735 1440 2767 erudite
1453 2744 1540 2766 more
1553 2745 1612 2765 suo
1625 2735 1771 2775 disputat.

1059 2789 1088 2809 v.
1105 2777 1201 2809 5-8.
1228 2778 1293 2810 Dis
1307 2785 1337 2810 te
1357 2781 1435 2811 min.
1453 2790 1507 2820 qu.
1521 2789 1586 2819 ger.
1602 2780 1676 2819 imp.
1699 2789 1775 2817 uam

1018 2827 1087 2853 tum
1100 2822 1240 2860 demum,
1263 2832 1336 2852 cum
1351 2822 1482 2853 deorum
1497 2821 1644 2862 potentiae
1656 2828 1688 2853 te
1701 2823 1777 2854 sub-

1015 2865 1123 2902 mittis,
1145 2866 1176 2896 h.
1195 2875 1223 2896 e.
1248 2864 1322 2896 deos
1347 2865 1398 2905 pie
1421 2864 1505 2901 colis,
1529 2865 1666 2903 firmum,
1689 2865 1774 2906 quod

1016 2917 1112 2948 tenes,
1128 2909 1187 2940 erit
1200 2908 1387 2949 imperium;
1411 2908 1562 2940 sententia
1577 2908 1770 2950 gravinimn!

1015 2952 1049 2984 in
1063 2962 1157 2995 quam
1175 2952 1242 2985 Cic.
1260 2951 1299 2985 de
1315 2951 1454 2993 Harusp.
1472 2953 1567 2993 Καρ.
1585 2952 1616 2984 9.
1654 2954 1774 2985 Pietate
