1904 3250
246 167 324 205 120

865 163 1169 207 HORATH

1611 174 1719 222 [un.
1737 186 1791 214 11.

297 294 323 331 5
357 289 495 332 Urbes
516 289 759 346 relinquam.
822 288 921 330 Non
941 304 1021 347 ego
1041 304 1273 346 pauperum

355 359 532 417 Sanguis
551 368 785 415 parentum,
808 372 892 398 non
913 372 1005 414 ego,
1028 373 1154 414 quem
1172 375 1308 412 vocaS,

466 431 631 473 Dilecte
654 429 882 479 Maecenas,
903 429 1044 480 obibo,

582 499 672 541 Nec
695 498 841 555 Stygia
860 497 1091 540 cohibebor
1108 500 1234 541 unda.

348 571 442 612 Jam
455 571 544 626 jam
563 566 752 609 residunt
772 567 963 608 cruribus
985 582 1143 623 asperae

266 646 315 683 10
348 641 483 683 Pelles
500 657 509 681 :
542 648 583 681 et
603 638 746 680 album
766 646 907 679 mutor
928 639 971 680 in
992 639 1132 680 alitem

463 713 676 768 Superna:
708 719 1020 768 nascunturque
1043 711 1154 753 leves

575 784 658 826 Per
679 783 832 842 digitos
854 779 1135 841 humerosque
1155 784 1323 840 plumae.

343 858 439 899 Jam
459 857 666 898 Daedaleo
686 856 801 898 ocior
824 855 945 898 Icaro

344 929 487 971 Visam
508 929 712 987 gementis
734 928 858 969 litora
881 927 1074 984 Bospori,

260 1005 309 1043 15

460 1001 685 1058 Syrtesque
709 1000 899 1042 Gaetulas
916 1015 1094 1042 canorus

570 1070 672 1111 Ales
696 1069 1082 1126 Hyperboreosque
1103 1084 1287 1125 campos.

340 1138 416 1181 Me
439 1138 637 1189 Colchus,
661 1147 702 1180 et
723 1139 795 1195 qui
810 1138 1046 1179 dissimulat
1064 1146 1222 1180 metum

340 1211 500 1254 Marsae
522 1211 704 1253 cohortis
726 1211 886 1261 Dacus,
909 1219 951 1252 et
971 1210 1106 1252 ultimi

454 1281 641 1322 Noscent
663 1280 841 1323 Geloni:
874 1296 941 1321 me
961 1281 1120 1336 peritus

252 1358 307 1396 20

219 1499 298 1529 ‘’lor-e
325 1504 421 1532 muto,
452 1497 511 1528 vid.
541 1503 605 1528 not.
640 1497 680 1528 ad
713 1497 848 1537 Eclogg.
890 1496 974 1527 Vett.

219 1541 320 1573 Poett.
351 1551 382 1581 p.
410 1539 502 1581 232.)
529 1541 588 1581 ipsi
616 1549 716 1581 poetae
745 1540 859 1579 passim
887 1543 978 1581 cycni

215 1584 420 1625 appellentur,
437 1584 491 1626 (cf.
506 1595 590 1624 supr.
605 1584 645 1615 ad
663 1584 690 1615 I.
706 1584 736 1614 6.
754 1583 804 1624 2.)
821 1594 905 1620 sane,
922 1594 978 1614 cur

216 1639 280 1669 prae
292 1628 401 1660 ceteris
422 1629 548 1659 alitibus
567 1628 602 1658 in
623 1638 758 1668 cycnum
779 1626 976 1667 potissimum

214 1671 330 1706 mutari
343 1672 476 1703 voluerit
497 1678 599 1711 poeta,
621 1682 715 1703 nemo
737 1681 802 1702 non
814 1670 973 1712 intelligit.

214 1733 259 1742 —
272 1715 421 1747 Ceterum
436 1722 500 1746 tam
514 1715 560 1746 rei
580 1715 762 1756 imaginem,
777 1720 873 1755 quam
887 1715 976 1745 altio-

213 1769 290 1794 rem.
313 1769 378 1800 quo
401 1759 517 1790 Noster
541 1759 574 1789 in
595 1759 656 1790 hoc
677 1758 814 1789 carmine
829 1758 975 1800 assurgit,

213 1802 356 1843 spiritum
381 1814 400 1834 a
424 1809 516 1843 poeta
539 1802 676 1844 quodam
706 1803 819 1833 Graeco
847 1804 976 1833 traxisse

215 1845 348 1879 videtur.

255 1900 286 1920 v.
306 1887 399 1937 1-8.

212 1976 292 2011 alius
315 1985 388 2008 ante
413 1988 466 2009 me
490 1978 660 2009 instructus
681 1977 764 2015 fuit;
798 1989 862 2008 non
886 1979 975 2008 tenui

211 2021 243 2052 h.
272 2031 300 2052 e.
328 2031 392 2052 non
417 2021 475 2052 alis
500 2021 641 2057 modicis,
665 2020 720 2051 sed
745 2020 973 2062 grandioribus,

211 2064 335 2106 cycneis
370 2075 491 2105 nempe.
506 2083 549 2089 —
563 2065 615 2096 De
643 2072 821 2095 commento
850 2063 970 2095 alarum

212 2119 272 2139 usu
286 2108 418 2150 gloriam
433 2119 489 2147 per
501 2109 571 2140 loca
584 2108 790 2139 remotissima
800 2107 970 2147 dissipandi

210 2151 374 2184 commode
402 2152 535 2193 afferunt
564 2152 669 2183 locum
697 2151 872 2192 Tbeognid.
897 2150 971 2182 231.

213 2197 255 2228 Σοὶ
275 2197 326 2236 μὲν
349 2195 406 2235 ἔγω
428 2197 543 2239 ’1-τὲρί
530 2195 632 2231 ἔδωκα,
657 2209 692 2226 συ
747 2197 817 2227 ἐπ’
838 2197 937 2238 a’naen'og
940 2210 971 2227 uz

210 2240 312 2272 τίνων
338 2240 473 2282 Πωφησῃ,
501 2241 585 2270 κατὰ
611 2254 666 2279 ’γῆν
695 2242 794 2270 ariam
819 2241 876 2281 ἄεις
878 2239 941 2279 ἇνμε
943 2254 969 2274 ος

208 2272 531 2318 ‘iPn'Slue-—aeonm
559 2283 655 2323 κε’νμε
656 2297 682 2317 ος
713 2285 738 2313 ἔν
775 2283 909 2322 (τίμιαι.
927 2301 970 2307 -

208 2327 344 2371 bformis
363 2346 407 2352 —
426 2333 520 2363 vates,
537 2336 604 2367 ego,
628 2326 690 2363 cui,
712 2332 749 2357 ut
762 2333 872 2366 poetae,
887 2326 970 2356 binae

211 2370 330 2407 fonnae,
345 2376 410 2401 tam
423 2351 575 2406 hominis?
591 2380 685 2410 quam
700 2369 802 2420 cycni,
816 2379 970 2400 concessae

208 2420 291 2445 sunt.
329 2415 333 2417 ’
379 2415 553 2454 invidiaque
573 2414 680 2453 mqjor,
696 2420 727 2444 et
741 2412 858 2454 majore
870 2413 969 2455 gloria

208 2457 319 2495 elatus,
333 2467 429 2498 quam
443 2464 480 2487 ut
494 2456 624 2487 invideri
646 2457 724 2487 mihi
743 2456 877 2497 amplius
897 2466 968 2496 pos-

208 2502 269 2539 sit;
305 2499 389 2546 ultra
421 2499 572 2531 invidiam
608 2500 716 2531 elatus.
802 2502 880 2532 Mm
913 2512 964 2541 ego

203 2556 301 2586 paup.
325 2538 414 2586 sting.
432 2550 559 2585 parent.
583 2553 647 2573 non
669 2554 738 2585 ego,
760 2543 861 2586 qualis
883 2554 968 2575 nunc

207 2599 289 2627 sum,
315 2597 487 2628 pauperum
512 2593 676 2627 parentum
686 2569 811 2618 1’filiur
802 2594 967 2638 ‚—patre

206 2632 291 2663 enim
312 2630 456 2666 libertino
476 2641 552 2662 usus
573 2636 620 2661 est
642 2630 804 2662 Horatius-
829 2633 966 2672 sanguis.

206 2676 247 2706 de
267 2674 355 2716 prole
369 2673 582 2716 e't'propagine
603 2674 727 2713 passim.
775 2675 864 2716 Virg.
883 2675 961 2706 AEn.

208 2719 272 2751 VI.
289 2718 364 2751 836.
468 2718 520 2751 'icc
533 2719 592 2750 tela
606 2729 716 2755 manu,
729 2721 854 2758 sanguis
867 2730 963 2755 meus.

206 2763 261 2795 ubi
275 2762 337 2794 vid.
357 2764 464 2796 Cer-da.
481 2761 522 2793 cf.
539 2761 612 2792 infr·
630 2761 701 2792 111.
717 2761 769 2792 27.
788 2761 839 2792 63.
899 2774 963 2795 mm

205 2819 268 2847 ego,
294 2819 386 2848 quem
406 2817 503 2842 vocas,
529 2807 649 2838 Dilecte
677 2806 842 2842 Maecenas,
871 2807 961 2842 obibo,

206 2861 270 2880 non
285 2861 355 2892 ego,
372 2857 409 2881 ut
428 2848 525 2880 homo
538 2848 683 2891 vulgaris,
705 2849 831 2889 qualem
853 2856 887 2880 ιιι
909 2860 961 2880 me

205 2903 290 2924 nunc
317 2893 462 2935 appellas,
485 2892 596 2924 dilecte
619 2892 786 2928 Maecenas,
809 2899 841 2923 et
862 2893 962 2933 qualis

205 2936 260 2966 tibi
281 2948 346 2968 esse
368 2938 484 2975 videor,
505 2936 599 2968 morti
617 2946 671 2967 ero
691 2936 864 2974 obnoxius;
890 2939 959 2967 Nec

206 2982 286 3020 Styg·
307 2983 396 3013 cohib.
415 2983 512 3018 unda,
534 2981 635 3012 nec'a
661 2979 957 3053 StygeStrajicienda

426 1892 504 1922 Non
524 1892 640 1922 usitata
658 1901 763 1931 penna
786 1890 818 1920 h.
837 1900 865 1920 e.
890 1890 979 1920 novis
1021 1891 1129 1921 &vnvm-281

212 1933 280 1971 alis
295 1919 440 1974 qualibus
454 1945 513 1965 nec
527 1945 588 1975 ego
602 1933 716 1971 adbuc,
737 1943 795 1964 nec
811 1934 977 1975 quisquam
1021 1943 1134 1964 narum
1144 1943 1329 1974 cycnearum
1345 1932 1487 1964 nitorem.

570 1353 719 1395 Discet
741 1353 852 1403 Iber,
881 1352 1161 1410 Rhodanique
1180 1360 1323 1410 potor.

1019 1507 1072 1528 me
1086 1497 1242 1528 cohibebit
1259 1498 1394 1536 Charon,
1410 1498 1441 1528 11.
1460 1509 1487 1529 e.
1503 1508 1562 1530 nec
1577 1509 1615 1530 ex
1631 1499 1689 1533 hae
1702 1505 1783 1532 terra

1019 1541 1162 1583 migrabo
1178 1540 1217 1571 ad
1235 1541 1360 1571 inferos.

1062 1595 1090 1614 v.
1114 1583 1230 1615 9-12.
1255 1585 1427 1634 Jam-jam
1425 1587 1514 1617 resia.
1529 1597 1612 1618 οταν.
1627 1598 1692 1629 asp
1705 1589 1778 1629 pell.

1013 1628 1080 1670 jam
1095 1628 1205 1668 incipit
1216 1629 1352 1668 corporis
1365 1627 1427 1658 mei
1442 1628 1477 1658 in
1491 1639 1624 1670 cycnum
1636 1630 1780 1669 mutatio,

1018 1671 1108 1711 pellis
1123 1672 1158 1702 fit
1172 1681 1290 1712 aspera,
1305 1678 1337 1702 et
1350 1674 1454 1704 residit
1475 1674 1617 1705 cruribus
1638 1674 1669 1704 b.
1687 1685 1715 1706 e.
1734 1675 1780 1706 ita

1019 1715 1222 1752 contrahitur,
1245 1721 1281 1746 ut
1300 1715 1442 1746 tenuiora
1462 1721 1585 1747 tantum
1607 1727 1699 1748 crura
1712 1729 1779 1749 am-

1019 1758 1092 1789 biat.
1180 1761 1287 1791 album
1309 1760 1423 1796 alitem,
1449 1769 1603 1800 cycnum3
1632 1765 1778 1802 superno,

1018 1802 1104 1843 quod
1118 1803 1159 1833 ad
1179 1811 1312 1842 superna
1334 1802 1472 1842 corporis
1491 1805 1641 1852 membra,
1663 1804 1705 1851 ad
1725 1807 1779 1837 su-

1021 1846 1173 1886 periorem
1194 1844 1330 1885 corporis
1353 1852 1472 1885 panem
1493 1846 1622 1885 attinet,
1650 1848 1691 1879 τὰ
1713 1849 1778 1885 ὅσα,

1215 1890 1293 1921 leves
1313 1889 1394 1921 refer
1414 1887 1455 1920 ad
1475 1889 1677 1930 splendidum
1700 1901 1779 1933 pen-

1434 1976 1509 2009 Jam
1529 1987 1653 2009 summa
1666 1976 1779 2011 veloci-

1016 2026 1080 2052 tate
1105 2022 1139 2051 in
1158 2028 1254 2052 terras
1278 2019 1458 2061 longissime
1478 2031 1499 2051 a
1519 2021 1610 2052 nobis
1629 2021 1778 2055 distantes

1013 2064 1136 2095 volabo.
1225 2067 1299 2097 Jam
1320 2065 1469 2096 Doedateo
1490 2066 1572 2096 ocior
1586 2066 1680 2098 Icaro
1693 2066 1726 2098 h.
1746 2070 1774 2098 e.

1008 2108 1075 2149 jam
1099 2118 1135 2139 ut
1156 2118 1248 2138 verus
1268 2107 1332 2139 ales
1352 2113 1384 2138 et
1404 2107 1494 2146 veris,
1516 2118 1581 2139 non
1602 2109 1640 2140 ιἰι
1654 2108 1776 2147 Icarus,

1015 2151 1142 2183 Daedali
1162 2151 1255 2187 filius,
1279 2150 1374 2182 cereis
1394 2150 1452 2182 alis
1471 2151 1650 2189 instructus,
1671 2152 1774 2184 multo

1014 2194 1166 2227 velociore
1194 2195 1299 2226 volatu
1327 2200 1456 2225 cett.—
1472 2194 1570 2230 Quod
1596 2196 1631 2226 in
1666 2196 1775 2228 multis

1013 2238 1082 2270 aliis
1102 2237 1382 2285 comparationibus
1402 2236 1575 2268 tenendum
1598 2245 1655 2276 est,
1677 2247 1714 2271 ut
1734 2250 1773 2272 ex

1012 2293 1046 2313 re
1059 2283 1236 2322 comparata
1255 2281 1289 2312 id
1309 2287 1443 2316 tanum,
1465 2280 1551 2322 quod
1572 2282 1665 2313 unice
1685 2287 1773 2324 spec-

1013 2332 1114 2357 tatum
1130 2334 1185 2361 est,
1201 2324 1370 2360 eliciamus,
1386 2323 1419 2355 id
1433 2333 1558 2366 quoque
1571 2324 1611 2356 de
1624 2325 1684 2357 hac
1697 2336 1772 2358 cum

1013 2369 1104 2400 Icaro
1125 2369 1266 2400 instituta
1288 2367 1519 2407 comparatione
1539 2367 1630 2400 valet.
1678 2369 1769 2402 Sciu-

1011 2419 1061 2444 cet
1076 2411 1238 2450 Horatius,
1261 2418 1297 2442 ut
1317 2422 1359 2446 se,
1381 2411 1416 2441 in
1437 2420 1546 2442 verum
1566 2411 1673 2444 alitem
1694 2423 1771 2445 con·

1011 2466 1143 2492 versum,
1172 2455 1274 2486 multo
1303 2454 1439 2486 velocius
1470 2454 1561 2486 Icaro
1591 2456 1769 2489 volaturum

1010 2510 1076 2531 esse
1089 2499 1273 2536 ostenderet,
1292 2499 1358 2540 jam
1380 2499 1413 2529 in
1434 2497 1501 2536 illo,
1516 2508 1622 2530 secum
1644 2508 1799 2542 compa-.

1010 2549 1087 2580 rato,
1116 2553 1182 2574 non
1210 2549 1273 2573 tam
1300 2541 1341 2573 ad
1369 2541 1526 2573 infelicem
1556 2544 1625 2585 ejus
1649 2553 1767 2583 casnm,

1008 2597 1103 2628 quam
1127 2587 1168 2617 ad
1193 2586 1261 2627 ejus
1282 2585 1346 2616 alas
1367 2585 1512 2620 factieias.
1536 2585 1631 2628 longe
1653 2587 1767 2619 nativis

1007 2629 1243 2670 postponendas,
1259 2630 1425 2669 respexisse
1437 2629 1597 2670 putandus
1610 2637 1666 2662 est.
1705 2629 1767 2662 sic

1007 2673 1084 2704 mihi
1097 2673 1225 2715 quidem
1239 2673 1290 2704 hic
1305 2674 1393 2704 locus
1410 2682 1468 2706 nec
1482 2673 1763 2713 reprehendendus,

1008 2727 1066 2748 nec
1079 2717 1293 2748 emendandus
1312 2727 1387 2748 cum
1409 2718 1549 2749 Bentleii)
1563 2723 1595 2748 et
1608 2716 1678 2748 aliis
1698 2727 1764 2750 ase

1006 2761 1136 2792 videtur.
1213 2763 1372 2802 gementis,
1388 2761 1469 2792 refer
1481 2759 1522 2791 ad
1534 2758 1684 2799 sonitum,
1698 2771 1763 2804 quo

1006 2804 1119 2836 fluctus
1139 2804 1182 2834 ibi
1210 2805 1407 2846 franguntur.
1453 2805 1591 2844 Bospori,
1620 2804 1762 2848 intellige

1005 2849 1137 2888 Bospori
1154 2848 1277 2879 Thracii
1299 2849 1426 2880 accolas-
1497 2848 1644 2886 Gaeeulas,
1662 2847 1759 2890 Liby-

1005 2903 1076 2930 ειη
1103 2893 1235 2924 Gaetulia
1258 2892 1340 2922 enim
1366 2901 1438 2932 pars
1460 2890 1613 2922 interioris
1633 2859 1757 2933 ’Libya’-

1004 2937 1187 2977 -Hypera
1203 2947 1332 2976 campos.
1346 2944 1498 2967 extremas
1511 2929 1757 2975 Septentrionem

1002 2989 1104 3010 versus
1119 2986 1233 3018 terras;
1257 2979 1295 3011 cf.
1319 2979 1400 3011 Plin.
1421 2977 1482 3010 lv.
1503 2976 1553 3009 12.

1059 1987 1087 2007 v.
1110 1975 1246 2008 13-16.
1274 1976 1408 2008 Sensus:
