1904 3250
205 147 288 186 236

823 143 1129 188 HORATII

1572 154 1678 202 [mn.
1703 164 1758 193 Ν.

319 270 482 313 Dicunt
502 270 545 311 in
565 277 710 312 tenero
730 268 918 326 gramine
938 269 1157 327 pinguium
1216 272 1219 275 ’

238 346 287 384 10
321 342 529 386 Custodes
551 343 690 384 ovium
712 340 898 382 carmina
916 340 1069 393 fistula,

319 415 626 471 Delectantque
647 413 803 464 Deum,
826 414 893 455 cui
912 428 1040 470 pecus
1061 422 1103 456 et
1122 415 1231 473 nigri

726 487 866 530 Colles
888 489 1084 530 Arcadiae
1104 489 1280 545 placent.

318 562 550 604 Adduxere
567 561 677 602 sitim
697 569 899 617 tempora,
923 561 1088 620 Virgili,

320 633 405 676 Sed
425 647 617 689 pressum
641 631 812 674 Calibus
833 633 986 674 ducere
1008 632 1211 675 Liberum

236 706 284 744 15
319 702 364 744 Si
383 702 525 760 gestis,
541 703 743 758 juvenum
763 701 967 744 nobilium
987 702 1130 754 cliens,

723 774 871 816 Nardo
890 775 987 817 vina
1005 776 1231 818 merebere.

318 843 454 886 Nardi
473 859 626 900 parvus
647 859 762 901 onyx
782 845 918 887 eliciet
937 846 1101 897 cadum,

319 917 408 967 Qui
427 932 539 959 nunc
564 917 758 973 Sulpiciis
779 918 960 961 adcubat
979 919 1153 970 horreis,

320 987 424 1043 Spes
446 976 604 1029 donare'
622 1003 751 1030 novas
771 988 927 1047 largus,
950 1004 1174 1048 amaraque

230 1062 285 1100 20

201 1173 341 1205 lusciniae
356 1179 478 1204 tantum
494 1173 647 1205 flebilibus
661 1174 762 1205 modis
783 1182 960 1206 constanter

200 1228 221 1248 a
249 1216 349 1257 poetis
376 1217 540 1255 tribuatur,
570 1217 703 1248 luscinia
731 1228 803 1249 vero
829 1220 868 1250 ab
891 1219 959 1259 ipso

202 1260 348 1292 Homero
364 1260 477 1302 odyss.
505 1261 609 1292 XIX.
635 1260 709 1292 522.
734 1262 788 1292 ubi
810 1273 879 1293 eam
901 1265 960 1294 sub

199 1302 280 1335 veris
314 1303 405 1338 initio
439 1303 569 1345 pulchre
604 1311 768 1336 canentem
804 1305 957 1343 describit,

200 1347 281 1379 was?
303 1348 490 1392 ὄλοφυρομίνη
505 1348 624 1380 Ἴτυλον
646 1349 727 1390 φίλον
749 1348 892 1388 dicatur3
914 1350 954 1381 cf.

199 1396 273 1422 ante
301 1391 410 1422 omnia
437 1391 581 1431 Sophocl.
613 1391 731 1423 Electr.
760 1390 831 1422 147.
859 1399 890 1423 et
915 1393 964 1424 ibiv

203 1434 384 1472 Scholiast.;
413 1434 611 1466 dulcissimus
646 1434 782 1477 denique
817 1436 958 1468 lusciniae

199 1483 311 1509 cantus
324 1478 374 1509 vel
386 1478 523 1509 maxime
536 1478 577 1509 ad
591 1489 637 1517 ea,
652 1489 723 1520 quae
744 1479 879 1510 suaviter
899 1481 957 1511 sub

199 1531 271 1552 vere
283 1531 342 1552 nos
355 1521 519 1558 deliniunt,
542 1522 715 1561 pertineat;
739 1523 885 1563 equidem
907 1526 957 1555 in·

187 1566 318 1608 felicem
343 1576 431 1597 avem
452 1564 492 1595 de
517 1565 648 1596 luscinia
671 1565 810 1606 accipere
835 1566 954 1598 malim.

202 1608 356 1640 Fabulam
370 1607 410 1639 de
431 1608 552 1639 Procne
566 1615 597 1639 et
621 1609 797 1640 Philomela
817 1610 956 1642 felicissi-

199 1662 252 1683 me
279 1652 422 1683 tractavit
452 1651 546 1683 Ovid.
581 1652 663 1683 Met.
694 1653 756 1684 vl.
785 1651 851 1684 425
874 1664 958 1696 seqq.

133 1732 135 1734 ³
198 1713 243 1720 -
258 1698 381 1736 Cecrop.
399 1698 478 1727 dom.
497 1701 604 1727 oetern.
623 1698 756 1737 opprobr.
783 1708 855 1738 quae
876 1708 959 1728 sem-

196 1749 255 1779 per
279 1738 414 1770 extitura
435 1745 482 1770 est
505 1739 634 1770 familiae
657 1751 722 1771 suae
745 1741 957 1781 opprobrium,

197 1782 343 1819 dedecuS,
374 1783 516 1824 ἔλεγχος,
540 1782 644 1820 ὄνειδος,
669 1784 701 1814 h.
727 1795 754 1815 e.
779 1794 852 1826 quse
874 1794 956 1816 nun·

197 1836 293 1868 quam
308 1825 414 1856 eluere
427 1833 460 1857 et
473 1827 647 1868 abstergere
661 1828 773 1867 poterit
790 1827 956 1865 maculam,

196 1879 292 1911 quam
306 1871 395 1912 genti
408 1879 474 1900 suae
496 1870 656 1910 Cecropiae
676 1869 890 1902 crudelissimo
911 1871 958 1904 fa-

197 1912 303 1944 cinere
317 1912 485 1953 adspersit3
496 1931 541 1940 —
550 1913 592 1944 de
605 1924 681 1946 voce
694 1916 891 1956 opprobrium
912 1916 953 1947 cf.

196 1966 292 1997 supra
304 1956 345 1987 ad
360 1956 411 1988 11.
431 1955 482 1988 13.
499 1956 530 1988 4.
580 1960 741 1999 Cecropiae,
759 1959 885 1996 Atticae,
896 1959 959 1991 fuit

197 2000 284 2031 enim
313 2002 434 2032 Procne
463 2000 645 2038 Pandionis,
675 2002 757 2044 regis
783 2002 958 2034 Athenien·

196 2043 290 2082 sium,
307 2043 381 2074 filia.
437 2046 528 2082 male,
544 2053 608 2076 tam
623 2045 810 2085 crudeliter3
836 2046 958 2078 Procne

197 2087 292 2125 enim,
315 2093 353 2118 ut
373 2087 524 2119 incestam
544 2088 648 2119 mariti
669 2089 719 2119 sui
742 2089 834 2121 Terei
855 2089 958 2122 libidi-

196 2140 272 2161 nem
296 2130 507 2170 ulcisceretur,
530 2139 702 2163 mactatum
723 2143 854 2173 parvum
876 2133 956 2166 filio-

196 2174 267 2205 lum
292 2174 368 2215 Ityn
392 2175 443 2206 isti
463 2175 658 2216 epulandum
681 2178 860 2217 apposuisse
880 2177 957 2209 dici-

195 2224 258 2250 tur.
293 2228 413 2259 regum,
446 2218 548 2250 Terei.
637 2221 762 2252 Dicunt
790 2222 825 2253 in
853 2227 956 2254 tenero

193 2263 338 2303 granum
350 2267 421 2292 cett.
449 2262 651 2297 Dulcissima,
673 2273 745 2305 quae
766 2264 915 2306 sequitur,
937 2275 956 2296 e

193 2304 260 2338 vita
369 2305 441 2336 ritia
464 2305 648 2338 adumbrata
668 2307 775 2349 imago
795 2317 834 2339 eo
854 2308 956 2350 magis

197 2358 308 2389 capere
321 2354 354 2380 et
364 2348 517 2380 delectare
531 2349 662 2381 debebat
685 2350 867 2393 Virgilium,
891 2362 954 2393 quo

196 2391 300 2435 magis
311 2402 349 2423 ea
361 2392 402 2424 ad
414 2392 555 2423 indolem
568 2393 634 2425 sere
647 2404 756 2425 eorum
767 2395 952 2435 carminum,

197 2435 234 2467 in
246 2435 361 2478 quibus
372 2435 425 2467 ille
439 2436 582 2477 princeps
596 2436 678 2468 inter
694 2438 857 2469 Romanos
877 2449 953 2479 poe-

196 2486 245 2512 tas
258 2485 314 2518 est,
329 2478 402 2511 data
413 2489 516 2522 opera,
532 2486 569 2511 ut
584 2481 715 2520 videtur,
730 2481 901 2523 composita
921 2489 954 2515 et

196 2529 398 2563 attemperata
410 2529 466 2555 est.
555 2525 674 2559 Deum.
692 2528 745 2557 cui
761 2536 856 2566 pecus
877 2531 949 2558 cett.

197 2566 299 2599 Pana.
351 2567 441 2610 nigri,
457 2566 603 2607 piniferi;
625 2568 666 2599 cf.
684 2578 778 2608 supra
794 2569 820 2600 Ι.
840 2568 893 2600 21.
919 2569 949 2601 7.

197 2629 241 2637 -
255 2613 352 2649 colles,
367 2617 403 2646 ut
419 2611 586 2646 Maenalus,
603 2611 747 2652 Lycaeus.

242 2665 270 2685 v.
288 2648 422 2687 13—24.
439 2656 606 2687 Adduxere
615 2657 697 2686 sitim
708 2661 855 2696 tempora,
867 2666 952 2688 uunc

198 2698 274 2730 anni
287 2698 450 2732 amoenitas
460 2704 494 2732 et
506 2698 579 2729 solis
593 2698 677 2729 calor
690 2698 773 2729 sitim
788 2698 951 2737 adducere,

198 2743 230 2774 h.
257 2752 285 2772 e.
310 2741 435 2775 bibendi
454 2741 655 2783 cupiditatem
681 2742 815 2773 excitare
838 2742 948 2774 solent.

199 2804 244 2810 —
258 2787 411 2818 Liberum
425 2787 548 2819 Calibm
562 2796 718 2827 messum,
734 2786 843 2816 vinum
861 2786 952 2817 Cale-

199 2839 290 2866 num,
305 2830 345 2861 ab
358 2831 435 2865 urbe
450 2831 536 2863 Cales
548 2828 584 2862 in
599 2828 792 2869 Campania3
815 2839 899 2869 supr.
920 2830 948 2860 Ι.

200 2872 253 2903 20.
272 2873 302 2904 9.
316 2885 379 2906 uva
396 2875 506 2907 calmo
517 2874 612 2916 praelo
626 2875 751 2905 domita.
826 2875 948 2911 ducere,

199 2915 318 2957 largius
331 2917 443 2957 bibere,
458 2918 499 2949 cf.
516 2927 601 2958 supr.
617 2916 658 2948 ad
673 2916 702 2948 1.
723 2915 772 2948 17.
791 2915 843 2947 22.
888 2916 950 2957 ju-

202 2970 312 2992 venum
341 2962 433 2994 nobil.
464 2963 568 3000 cliens,
594 2960 624 2993 Ο
650 2966 696 2999 tu,
722 2959 776 3003 qui
796 2960 949 3002 juvenum

726 1061 935 1104 Curarum
956 1063 1095 1106 eluere
1115 1063 1275 1106 efficax.

1002 1175 1156 1207 nobilium
1172 1175 1272 1218 gratia
1286 1185 1322 1207 ac
1336 1175 1441 1207 favore
1454 1174 1575 1213 frueris,
1593 1175 1647 1216 qui
1670 1176 1759 1207 nobi·

1001 1219 1084 1251 libus
1099 1219 1268 1260 juvenibus
1289 1229 1322 1250 os
1343 1219 1376 1250 in
1399 1218 1536 1257 deliciis3
1560 1221 1662 1256 cliens,
1678 1229 1754 1250 nos:

1001 1265 1174 1304 ganstling.
1219 1262 1281 1294 Per
1291 1263 1425 1304 ‚juvenes
1439 1264 1550 1295 nobiles
1564 1262 1648 1294 baud
1663 1262 1758 1294 dubie

1002 1306 1107 1338 innuit
1137 1307 1288 1343 Nerones,
1318 1306 1457 1349 Augusti
1479 1305 1646 1347 privignos,
1670 1305 1757 1337 Dru·

1002 1360 1073 1381 sum
1098 1356 1130 1381 et
1153 1349 1314 1382 Tiberium
1326 1362 1337 1388 3
1368 1360 1427 1381 nos
1447 1349 1514 1381 siue
1538 1359 1632 1381 causa
1652 1355 1756 1381 autem

1003 1393 1157 1425 Horatius
1183 1393 1354 1435 Virgilium
1380 1403 1474 1424 suum
1498 1403 1584 1424 nunc
1600 1393 1758 1434 juvenum

1000 1438 1146 1469 nobilium
1167 1439 1307 1469 clientem
1328 1436 1498 1478 appellasse
1518 1436 1663 1475 videtur3
1685 1437 1759 1468 latet

1001 1480 1097 1517 enim,
1113 1480 1172 1511 nisi
1187 1480 1288 1519 fallor,
1311 1481 1344 1511 in
1367 1481 1424 1511 hac
1445 1479 1650 1519 appellatione
1667 1479 1758 1521 jocus

1000 1524 1066 1555 sere
1079 1524 1150 1556 hic:
1176 1524 1350 1555 dummodo
1368 1535 1387 1555 a
1408 1530 1439 1554 te
1460 1523 1624 1563 impetrare
1645 1523 1758 1564 poteris

999 1568 1068 1604 hoc,
1091 1575 1128 1598 ut
1149 1578 1167 1598 e
1188 1568 1311 1610 fastigio
1334 1574 1391 1598 tuo
1412 1566 1589 1604 descendas,
1614 1572 1646 1598 et
1665 1569 1757 1609 juve-

999 1621 1078 1641 num
1110 1611 1263 1642 nobilium
1291 1610 1483 1643 consortium
1511 1620 1585 1641 cum
1613 1610 1758 1652 pauperis

1003 1654 1130 1685 Horatii
1144 1655 1289 1686 societate
1309 1660 1476 1696 permutes.
1563 1656 1662 1685 nardo
1683 1655 1756 1686 vina

1001 1700 1160 1737 merebere,
1176 1708 1234 1738 pro
1253 1703 1418 1741 unguento
1438 1696 1581 1734 nardino,
1603 1697 1688 1739 quod
1710 1704 1757 1728 te-

1001 1751 1074 1772 cum
1090 1741 1241 1779 attuleris,
1255 1742 1353 1784 gratis
1365 1739 1451 1781 apud
1463 1750 1516 1771 me
1529 1740 1639 1772 vinum
1663 1740 1755 1772 Cale-

1001 1795 1079 1816 num
1101 1785 1196 1822 bibes,
1219 1785 1302 1817 sivez
1337 1785 1414 1816 affer
1433 1790 1538 1815 tecum
1558 1789 1758 1826 unguentum

1001 1828 1181 1866 nardinum,
1197 1829 1283 1870 quod
1297 1839 1358 1871 ego
1379 1828 1452 1859 vino
1473 1827 1593 1859 Caleno
1612 1837 1759 1868 remune-

1001 1873 1199 1904 rabon—-De
1211 1874 1307 1904 nardi
1326 1871 1449 1911 frutice,
1471 1880 1490 1902 e
1510 1871 1601 1913 cujus
1620 1870 1706 1902 foliis
1726 1877 1759 1903 et

1000 1915 1092 1956 spicis
1105 1921 1305 1958 unguentum
1319 1915 1559 1958 exprimebatur,
1579 1913 1650 1946 vid.
1669 1914 1755 1947 Plin.

1002 1959 1090 1990 XII.
1113 1958 1163 1990 12.
1182 1959 1292 1991 XIII.
1310 1957 1504 1992 2.—Simili
1518 1958 1584 1990 fere
1599 1958 1674 2001 joco
1697 1957 1757 1990 Fa-

1000 2002 1124 2034 bullum
1149 2003 1190 2035 ad
1212 2013 1332 2035 coenam
1355 2007 1445 2036 vocat
1470 2001 1616 2034 Catullus
1642 2001 1752 2035 XIII.

1000 2047 1040 2077 ab
1070 2046 1207 2078 Horatio
1235 2053 1359 2078 tantum
1386 2046 1562 2086 discrepans
1589 2055 1638 2084 eo,
1670 2045 1756 2087 qnod

1003 2089 1183 2127 Fabullum,
1208 2089 1358 2133 quicquid
1380 2090 1423 2122 ad
1444 2090 1558 2122 bonam
1582 2094 1614 2120 et
1637 2088 1755 2120 latitam

999 2143 1119 2165 coenam
1144 2134 1305 2175 pertineat,
1331 2144 1438 2165 secum
1467 2131 1578 2164 afferre
1597 2132 1698 2174 jubet,
1721 2142 1756 2164 ae

999 2183 1103 2208 autem
1129 2178 1174 2208 nil
1192 2177 1252 2208 nisi
1277 2183 1477 2219 unguentum
1498 2175 1667 2216 pretiosum
1681 2174 1756 2210 date

998 2230 1087 2261 posse
1107 2221 1160 2252 ait.
1233 2223 1340 2253 Nardi
1355 2232 1444 2262 parv.
1469 2230 1550 2261 onyoe
1569 2219 1667 2252 eliciet
1687 2222 1755 2252 cad.

1002 2266 1064 2300 Qui
1075 2276 1163 2297 nunc
1177 2266 1292 2306 Sulpic.
1315 2265 1426 2296 adcub-
1449 2265 1534 2295 horr.
1557 2262 1590 2293 h.
1607 2272 1635 2294 e·
1659 2261 1756 2295 allato

997 2308 1082 2339 enim
1095 2319 1116 2339 a
1128 2314 1160 2339 te
1173 2307 1299 2340 vasculo
1311 2306 1532 2350 unguentario,
1546 2305 1636 2338 nardi
1649 2306 1752 2347 pleno,

996 2351 1128 2382 vicissim
1144 2361 1205 2394 ego
1217 2350 1282 2382 vini
1299 2350 1409 2383 Caleni
1422 2349 1547 2387 cadum,
1561 2359 1601 2380 ex
1623 2349 1755 2390 Sulpicii

996 2395 1145 2435 apotheca
1158 2394 1276 2426 vinaria
1289 2394 1496 2434 depromtum,
1511 2392 1614 2425 afferri
1621 2393 1749 2436 jubebo.

995 2456 1039 2464 —
1052 2450 1141 2481 onyx,
1160 2444 1228 2471 tam
1256 2437 1296 2469 de
1323 2447 1458 2480 gemma,
1476 2438 1563 2480 (que
1582 2437 1624 2468 ob
1643 2436 1753 2468 sinzili-

994 2482 1147 2517 tudinem‚
1174 2491 1268 2524 quam
1297 2491 1372 2513 cum
1398 2481 1569 2524 digitorum
1592 2479 1753 2523 unguibus

994 2526 1096 2564 habet,
1127 2525 1245 2558 Graecis
1269 2525 1330 2564 ὄνυξ
1357 2532 1466 2557 vocata
1493 2523 1566 2565 eeu)
1587 2533 1684 2564 qnam
1711 2523 1751 2555 de

996 2579 1159 2608 marmore,
1182 2575 1342 2600 externam
1363 2569 1492 2610 onychis
1511 2567 1644 2608 speciem
1658 2567 1754 2599 refer-

996 2621 1078 2652 ente,
1107 2613 1171 2644 sive
1198 2614 1383 2651 alabastrite,
1406 2611 1529 2644 dicit-nar.
1575 2609 1650 2642 Jam
1676 2621 1750 2642 cum

995 2657 1118 2688 vascula
1147 2655 1356 2697 unguentaria
1389 2655 1527 2696 primum
1554 2653 1682 2695 quidem
1711 2665 1750 2686 ex

995 2702 1120 2741 onyche,
1148 2709 1282 2741 gemma,
1311 2698 1426 2730 deinde
1454 2708 1493 2729 ex
1520 2699 1644 2739 onyche,
1667 2706 1751 2730 mar·

994 2751 1092 2782 more,
1108 2742 1353 2780 conficerentur3
1376 2742 1494 2773 facum
1515 2745 1572 2778 est,
1593 2746 1631 2772 ut
1650 2742 1750 2783 quod-

996 2796 1058 2826 que
1072 2786 1232 2817 vasculum
1254 2784 1509 2827 unguentarium,
1530 2785 1593 2816 sive
1610 2794 1649 2816 ex
1662 2795 1752 2827 gem·

995 2839 1057 2867 ma,
1074 2830 1138 2860 sive
1159 2839 1197 2860 ex
1219 2838 1379 2864 marmore,
1402 2828 1466 2860 sive
1494 2837 1532 2859 ex
1561 2837 1751 2871 quocunque

993 2872 1054 2904 alio
1083 2872 1185 2913 lapide
1206 2879 1398 2909 excavatum,
1421 2883 1501 2914 onyx
1522 2871 1748 2913 appellaretur;

993 2915 1055 2947 vid.
1073 2918 1194 2957 Boettig.
1212 2933 1256 2940 —
1269 2917 1412 2954 adcubat,
1435 2921 1582 2955 servatur,
1596 2915 1750 2956 repositus

993 2965 1047 2991 est.
1139 2960 1265 3001 Sulpicii
1285 2962 1367 2992 horr.
1392 2977 1435 2986 —
1448 2961 1589 2992 horreum
1611 2959 1651 2992 de
1671 2965 1745 3000 apoa
