1904 3250
154 143 239 181 274

786 136 1091 180 HORATII

1478 139 1634 187 [CARM.
1657 149 1719 176 xl.

275 265 447 315 Amore,
470 264 542 321 qui
562 279 628 305 me
649 270 803 319 praeter
825 277 969 303 omnes
991 263 1150 318 expetit

392 336 598 379 Mollibus
619 336 662 376 in
682 335 824 391 pueris
845 342 918 376 aut
937 335 980 376 in
1000 334 1152 391 puellis
1172 350 1306 378 urere.
1337 355 1345 360 >-

218 411 244 449 5
278 406 362 449 Hic
382 406 528 448 tertius
550 403 804 453 December,
826 418 882 444 ex
902 418 986 460 quo
1007 403 1147 445 destiti

392 477 566 521 Inachia
585 476 738 527 furere,
761 476 873 518 silvis
893 476 1100 518 honorem
1120 476 1291 519 decutit.

280 549 378 590 Heu
397 547 407 591 !
438 562 520 597 me,
542 561 618 602 per
637 546 801 597 urbem,
828 549 945 603 (nam
964 546 1097 602 pudet
1116 547 1222 588 tanti
1240 546 1374 598 mali,)

394 619 556 661 Fabula
575 626 732 676 quanta
750 617 836 663 fui!
869 619 1155 662 conviviorum
1176 628 1218 661 et
1237 620 1425 676 poenitet,

280 691 330 732 In
352 690 469 746 queis
490 697 700 731 amantem
721 696 762 730 et
781 688 962 747 languor
982 697 1024 731 et
1044 689 1255 732 silentium

197 765 247 802 10

395 759 564 817 Arguit,
587 768 629 800 et
647 759 779 801 latere
800 756 955 815 petitus
975 760 1061 801 imo
1082 760 1265 816 spiritus.

281 833 494 874 Contrane
513 832 679 874 lucrum
699 832 759 873 nil
779 832 918 874 valere
940 832 1167 874 candidum

398 902 602 958 Pauperis
622 901 872 960 ingenium?
902 903 1121 960 querebar,
1144 903 1368 959 adplorans
1389 905 1488 954 tibi3

282 975 417 1018 Simul
437 975 609 1017 calentis
629 976 937 1018 inverecundus
958 975 1080 1019 Deus

397 1044 642 1087 Fervidiore
661 1060 779 1087 mero
800 1061 953 1088 arcana
971 1056 1188 1103 promorat
1207 1048 1314 1090 loco.

199 1119 249 1158 15
282 1115 413 1166 Quod
433 1116 470 1157 si
488 1116 592 1157 meis
613 1116 809 1158 inaestuat
827 1117 1074 1172 praecordiis

399 1185 558 1228 Libera
576 1185 685 1236 bilis,
708 1194 755 1227 ut
774 1185 868 1228 haec
888 1187 1053 1245 ingrata
1072 1189 1205 1230 ventis
1226 1189 1387 1231 dividat

282 1257 500 1308 Fomenta,
522 1256 673 1298 vulnus
694 1257 754 1298 nil
774 1257 931 1300 malum
951 1258 1155 1310 levantia3

399 1327 580 1388 Desinet
598 1327 816 1383 inparibus
837 1336 998 1370 certare
1018 1329 1236 1371 submotus
1256 1331 1409 1386 pudor.

169 1459 209 1491 ad
222 1460 253 1490 h.
271 1458 294 1489 l.
312 1463 345 1489 et
358 1459 522 1490 Drakenb.
535 1457 576 1489 ad
593 1457 648 1489 Sil.
676 1458 750 1489 Ital.
781 1458 830 1489 II.
856 1458 931 1490 213.

168 1504 334 1544 —gravis‚
349 1509 396 1533 est
409 1502 496 1532 enim
513 1502 615 1533 Amor
628 1502 693 1536 ὃσὸς
718 1502 820 1545 βαρὺς,
842 1502 934 1538 διινός.

169 1564 213 1572 -
225 1548 280 1588 qui
307 1557 357 1577 me
380 1551 498 1586 proeter
527 1556 632 1577 omnes
662 1547 768 1586 expetit
781 1558 936 1584 -urere,

170 1590 330 1632 eleganter
359 1599 416 1629 pro
445 1588 587 1630 vulgari:
628 1589 683 1630 qui
711 1599 764 1619 me
784 1588 937 1629 imprimis

169 1634 245 1664 urit.
332 1634 496 1664 mollib..in
505 1643 599 1673 puer.
616 1639 672 1664 aut
687 1634 722 1664 in
732 1634 827 1673 puell.
843 1651 886 1657 —
897 1633 937 1664 de

170 1677 331 1708 locutione
341 1687 433 1708 urere
444 1677 479 1707 in
489 1678 590 1717 aliquo
605 1681 637 1706 et
650 1677 765 1717 aliqua,
780 1683 817 1706 ut
830 1679 939 1708 ardere
968 1686 972 1691 “

131 1726 133 1728 ’
171 1727 203 1752 et
217 1727 347 1752 aestuare
361 1721 397 1751 in
410 1721 525 1761 aliqua,
542 1729 616 1759 pro:
642 1721 684 1750 ob
703 1719 850 1761 aliquam,
873 1720 935 1751 vid.

174 1765 288 1796 Heius.
307 1762 348 1794 ad
366 1762 460 1794 ovid.
482 1763 562 1794 Met.
583 1762 646 1794 IV.
672 1761 744 1794 234«.
764 1769 796 1794 et
815 1765 940 1796 Broulc-

173 1809 244 1840 hus.
261 1806 302 1837 ad
318 1806 438 1837 Tibull.
458 1806 487 1837 I.
505 1805 537 1838 7.
550 1804 603 1837 40.

217 1860 246 1880 v.
266 1848 384 1880 5-10.
405 1851 470 1882 Hic
491 1852 599 1882 tercius
620 1852 790 1883 December
803 1852 940 1882 —silvis

175 1898 323 1926 honorem
338 1895 464 1930 decutit,
487 1900 596 1924 ornate
617 1904 695 1933 pro:
721 1893 832 1925 tertius
852 1904 939 1925 nunc

176 1944 224 1969 est
235 1948 346 1968 annus.
381 1939 535 1974 honorem,
546 1937 632 1967 folia.
649 1937 739 1979 Virg.
753 1938 869 1978 Georg.
887 1938 938 1969 11.

175 1979 251 2012 404«.
299 1982 449 2021 Frigidus
463 1987 491 2012 et
506 1982 588 2012 silvis
603 1983 716 2022 Aquilo
736 1983 869 2012 decussit
889 1984 941 2013 Ιιο-

176 2036 293 2058 norem-
380 2026 512 2056 Inachia
514 2024 640 2066 furere,
655 2026 696 2055 ob
713 2024 875 2055 Inachiam
890 2025 941 2056 fu-

176 2078 255 2103 rere.
285 2067 397 2105 furori,
425 2077 490 2108 quo
522 2067 652 2099 Inachia
681 2078 734 2099 me
762 2075 943 2106 correptum

178 2113 314 2149 tenebat,
351 2110 537 2152 indulgere;
578 2122 636 2152 per
672 2113 783 2143 urbem
819 2114 942 2144 Fabula

180 2161 301 2198 quanta
313 2155 377 2196 sui
389 2156 405 2186 l
438 2153 598 2195 quomodo
623 2165 679 2194 per
699 2165 754 2186 ora
776 2155 944 2186 hominum

180 2198 343 2230 traductus
356 2197 404 2227 sui
417 2198 424 2229 !
493 2199 620 2240 sabulae
635 2198 794 2236 dicuntur,
810 2199 865 2239 qui
880 2208 943 2229 ser-

182 2241 329 2274 monibus
343 2240 484 2271 omnium
501 2240 775 2281 circumferuntur,
791 2242 944 2279 ridentur,

183 2285 386 2317 diffamantur
396 2296 406 2322 ;
430 2284 573 2324 exempla
588 2285 649 2315 vid.
667 2285 753 2325 apud
769 2287 880 2317 Heins.
905 2285 946 2316 ad

185 2329 283 2362 Ovid.
304 2329 375 2360 Art.
395 2327 471 2358 Am.
492 2327 541 2358 ΙΙ.
559 2327 634 2358 561.
719 2330 886 2367 silentium,
906 2328 947 2359 de

185 2372 320 2410 silentio,
346 2372 460 2402 amoris
482 2371 582 2411 signo,
610 2372 650 2402 cf.
680 2372 797 2403 Catull.
823 2373 886 2404 LI.
912 2371 943 2403 9.

186 2417 228 2448 cf.
245 2425 341 2456 supra.
355 2415 419 2446 IV.
439 2413 469 2445 1·
485 2413 539 2452 35,
554 2414 607 2446 36.
698 2418 816 2456 arguit,
832 2415 947 2456 prodit,

187 2460 295 2501 μηνύει,
310 2469 405 2499 supra
425 2458 455 2489 1.
482 2457 532 2488 13.
558 2458 589 2489 7.
615 2461 726 2490 humor
747 2466 776 2490 et
798 2461 833 2491 in
852 2470 950 2499 genas

191 2505 321 2536 Furtim
333 2503 456 2541 labitur,
470 2513 617 2542 arguens,
637 2505 739 2538 Quam
752 2504 842 2534 lentis
858 2504 951 2544 peni-

190 2555 242 2580 tus
256 2547 540 2587 macerer'ignibus.
627 2552 657 2577 et
671 2547 765 2577 latere
773 2549 860 2586 petit.
886 2548 949 2577 imo

189 2592 287 2632 qn'rie.
305 2594 414 2621 ornate
426 2599 500 2629 pro:
523 2588 587 2620 alta
600 2589 740 2627 suspiria.
762 2589 812 2620 Cl.
825 2592 950 2621 Mitsclz.

192 2639 353 2674 comparat
369 2632 550 2664 Callimach.
571 2632 633 2672 Ep.
653 2632 764 2663 XLV.
785 2631 814 2663 l.
836 2634 949 2667 Ἕλιος

192 2678 271 2719 ’ἔχων
286 2678 299 2708 o‘
314 2678 394 2717 ξεῖνος
409 2677 563 2708 iudans·
578 2675 615 2710 ἇς
637 2676 743 2718 dungh
764 2676 883 2717 Πνεῦμα
904 2676 950 2707 διὰ

194 2721 326 2757 στηθέων,
341 2719 418 2757 εἶδες,
433 2721 612 2761 ἀνηγάγετο.

236 2775 266 2795 v.
287 2762 424 2795 11-18.
441 2766 592 2796 emm-ane
600 2764 726 2794 lucrum
737 2768 808 2793 cett.
839 2762 950 2793 Nexus

193 2814 227 2839 et
250 2817 359 2838 sensus
385 2807 481 2848 hujus
505 2805 601 2847 paulo
620 2805 823 2845 impeditioris
843 2811 875 2836 et
894 2806 950 2836 ob-

195 2851 341 2881 scurioris
354 2850 426 2888 loci,
441 2856 478 2881 ut
493 2849 571 2881 mibi
585 2848 716 2885 videtur,
731 2856 778 2880 est
790 2849 856 2880 fere
876 2848 945 2880 hic:

198 2894 252 2924 Tu
266 2894 341 2934 ipse,
359 2893 455 2931 Petti,
469 2899 542 2924 ante
553 2899 616 2924 tres
627 2902 726 2924 annos
746 2892 832 2924 testis
851 2892 949 2930 suisti,

195 2937 354 2978 quomodo
374 2944 482 2969 contra
505 2936 666 2969 Inachiam
687 2946 794 2968 meum
816 2935 949 2968 obdura-

978 1469 1044 1490 rem
1071 1459 1236 1498 animum3
1271 1465 1294 1480 “
1307 1459 1432 1491 Fierine
1454 1467 1565 1502 potest,
1590 1465 1740 1504 querebar

978 1503 1064 1542 apud
1086 1510 1126 1541 te,
1148 1514 1223 1535 cum
1243 1503 1317 1535 vino
1337 1504 1485 1537 incensus
1505 1516 1634 1537 arcanos
1653 1517 1739 1538 meos

980 1557 1102 1578 amores
1130 1547 1187 1578 tibi
1215 1554 1398 1588 reteget-em,
1427 1548 1538 1580 fierine
1566 1556 1676 1589 potest,
1702 1557 1740 1582 ut

981 1589 1113 1621 Inachia
1123 1591 1222 1625 animi
1235 1591 1298 1621 mei
1312 1590 1479 1623 candorem
1493 1592 1640 1624 ditiorum
1654 1600 1740 1633 pont-

979 1641 1076 1673 ponat
1096 1634 1304 1665 muneribus?
1334 1634 1456 1671 Quodsi
1477 1635 1575 1677 igitur
1594 1637 1745 1678 indigna-

982 1676 1062 1708 tioni
1075 1687 1154 1708 meae
1169 1677 1208 1708 de
1225 1677 1365 1709 Inachiae
1378 1677 1493 1720 injuria
1507 1679 1634 1712 liberius
1643 1710 1646 1712 ,
1654 1691 1743 1712 nunc

982 1720 1027 1751 ita
1039 1720 1206 1762 indulgere
1219 1721 1332 1761 placet,
1347 1728 1384 1752 ut
1396 1732 1445 1760 en,
1458 1732 1531 1763 quae
1545 1733 1625 1755 vana
1637 1723 1743 1756 adhue

983 1763 1098 1795 amoris
1111 1764 1175 1795 mei
1188 1764 1330 1796 fomenta
1341 1764 1481 1803 fuerunt,
1497 1776 1538 1797 ex
1558 1767 1667 1801 animo
1686 1767 1745 1808 eji-

984 1807 1063 1838 ciam
1080 1813 1112 1838 et
1124 1808 1220 1838 missa
1238 1807 1373 1846 faciam3
1395 1819 1467 1851 ego,
1488 1819 1584 1850 quem
1604 1817 1688 1848 ante,
1702 1821 1744 1842 *se

983 1861 1048 1891 prae
1063 1850 1228 1882 ditioribus
1241 1851 1410 1889 contemni,
1428 1853 1576 1892 pudebat,
1598 1855 1745 1887 submoto

983 1904 1069 1925 nunc
1094 1894 1154 1925 isto
1180 1894 1310 1934 pudore,
1335 1905 1410 1926 cum
1431 1895 1609 1935 ditioribus
1627 1897 1745 1938 quibus

983 1938 1085 1977 impar
1112 1949 1193 1974 sum,
1223 1945 1340 1970 certare
1364 1938 1747 1981 desinam-'’-Copioee

985 1981 1025 2012 de
1045 1982 1105 2012 hoc
1129 1981 1200 2013 loco
1228 1981 1407 2021 disputavit,
1436 1982 1493 2013 sed
1520 1983 1590 2024 ejus
1617 1995 1746 2018 sensum

984 2035 1049 2055 non
1066 2025 1139 2055 satis
1153 2024 1310 2065 perspexit
1324 2027 1590 2059 Masona-lichiam.
1664 2031 1746 2060 con-

982 2075 1073 2107 trane
1087 2070 1166 2100 lucr.
1184 2070 1231 2100 nil
1243 2071 1354 2106 valere,
1370 2076 1445 2100 nota
1457 2069 1608 2111 loquendi
1625 2071 1747 2103 ratione

983 2122 1060 2152 pro:
1094 2112 1204 2143 fierine
1231 2119 1342 2153 potest,
1372 2119 1410 2144 ut
1437 2112 1483 2144 nil
1509 2113 1612 2145 valent
1638 2120 1746 2146 coum

986 2156 1110 2186 lucrum
1141 2161 1213 2187 cett.
1316 2158 1483 2197 adplorans
1510 2158 1575 2196 tibi,
1603 2157 1745 2189 dolorm

985 2209 1095 2229 meum
1107 2204 1214 2230 tecum
1234 2199 1510 2237 communimu—
1578 2202 1682 2237 simul,
1705 2202 1747 2232 si-

988 2242 1104 2273 mulae.
1191 2244 1324 2274 inverec.
1341 2244 1442 2278 Deus.
1459 2242 1606 2275 Bacchus
1613 2244 1682 2285 jam
1696 2244 1746 2276 di·

989 2285 1070 2316 citur
1097 2285 1176 2317 deus
1203 2288 1441 2321 inverecundus.
1471 2286 1568 2327 quod,
1597 2287 1654 2329 qui
1677 2289 1746 2330 ejus

989 2339 1130 2366 munere,
1159 2328 1242 2366 vino,
1270 2328 1478 2366 incaluerunt,
1507 2339 1572 2360 non
1599 2341 1670 2362 raro
1697 2342 1744 2368 ea,

989 2382 1060 2413 quae
1085 2371 1260 2403 verecunde
1284 2378 1434 2410 texerant,
1457 2372 1586 2404 liberius
1609 2374 1748 2414 profem

989 2422 1022 2446 et
1034 2414 1296 2456 retegerevsolent.
1362 2427 1480 2447 arcana
1493 2419 1747 2460 calemissernid.

985 2469 1068 2501 *mer-
1086 2459 1118 2489 h.
1136 2469 1164 2489 e.
1189 2468 1302 2489 arcana
1321 2459 1396 2496 mei,
1417 2458 1472 2499 qui
1493 2460 1632 2493 alebam
1653 2461 1746 2494 fervi.

994 2500 1081 2532 diore
1109 2511 1204 2537 mero,
1232 2501 1367 2542 graviter
1395 2509 1427 2533 et
1455 2502 1666 2544 significanter
1689 2515 1747 2546 pm

991 2544 1152 2584 simplice:
1177 2554 1257 2582 men,
1272 2545 1336 2575 sive
1349 2555 1479 2577 arcanos
1498 2546 1586 2579 meos
1605 2558 1747 2588 nmmug

992 2589 1104 2620 verbex
1129 2590 1253 2620 calentis
1260 2589 1431 2631 fervidiore
1450 2601 1535 2622 mero
1549 2597 1666 2623 mmm
1678 2592 1747 2624 ani-

991 2631 1047 2667 mi,
1074 2641 1114 2662 ex
1135 2641 1200 2674 quo
1222 2631 1346 2662 facilius
1370 2632 1490 2674 aliquid
1516 2635 1690 2675 promoveri
1713 2643 1748 2668 et

992 2674 1062 2706 elici
1071 2680 1181 2715 potest,
1189 2676 1270 2706 bene
1279 2674 1453 2717 designant.
1504 2684 1663 2718 prome
1670 2680 1747 2718 loco,

992 2718 1264 2792 ‘iilanglnoiglud'e
1273 2718 1458 2796 leidgffnti'u
1477 2727 1748 2806 ημξητίῗπιωὲαη

994 2816 1046 2837 ras
1073 2811 1103 2837 et
1129 2816 1284 2837 arcanum
1306 2807 1411 2846 jocoso
1442 2809 1610 2840 Concilium
1633 2812 1748 2851 *retegit

993 2850 1099 2890 Lyaeo.
1117 2849 1158 2879 cf.
1174 2858 1268 2888 supra
1284 2849 1312 2880 1.
1333 2848 1383 2881 18.
1407 2849 1457 2883 16.
1480 2850 1563 2886 infra
1584 2851 1692 2894 Epist.
1713 2853 1750 2885 Ῑω

993 2889 1023 2923 5.
1040 2890 1089 2923 16.
1107 2897 1139 2923 et
1161 2892 1338 2931 Asclepiad.
1365 2894 1427 2935 Ep.
1442 2893 1501 2930 ,Χ
1528 2893 1558 2926 l.
1581 2894 1614 2926 2.
1639 2896 1750 2928 Antii.-

995 2935 1059 2979 Gr.
1073 2935 1113 2967 T.
1134 2935 1161 2967 Ι.
1185 2946 1215 2976 p.
1244 2934 1314 2968 146.
1403 2940 1618 2976 Quodam.
1642 2940 1747 2975 inem
