<?xml version="1.0" encoding="UTF-8"?>
<!DOCTYPE html PUBLIC "-//W3C//DTD XHTML 1.0 Transitional//EN"
    "http://www.w3.org/TR/xhtml1/DTD/xhtml1-transitional.dtd">
<html xmlns="http://www.w3.org/1999/xhtml" xml:lang="en" lang="en">
 <head>
  <title>
</title>
<meta http-equiv="Content-Type" content="text/html;charset=utf-8" />
  <meta name='ocr-system' content='tesseract 3.04.00' />
  <meta name='ocr-capabilities' content='ocr_page ocr_carea ocr_par ocr_line ocrx_word'/>
</head>
<body>
  <div class='ocr_page' id='page_1' title='image "./operaomniacumind00horauoft_0330.png"; bbox 0 0 1904 3250; ppageno 0'>
   <div class='ocr_carea' id='block_1_1' title="bbox 214 163 307 203">
    <p class='ocr_par' dir='ltr' id='par_1_1' title="bbox 214 163 307 203">
     <span class='ocr_line' id='line_1_1' title="bbox 214 163 307 203; baseline 0.032 -3"><span class='ocrx_word' id='word_1_1' title='bbox 214 163 307 203; x_wconf 57' lang='lat'><strong>290&gt;</strong></span> 
     </span>
    </p>
   </div>
   <div class='ocr_carea' id='block_1_2' title="bbox 336 287 1007 348">
    <p class='ocr_par' dir='ltr' id='par_1_2' title="bbox 336 287 1007 348">
     <span class='ocr_line' id='line_1_2' title="bbox 336 287 1007 348; baseline 0.003 -18"><span class='ocrx_word' id='word_1_2' title='bbox 336 287 503 331; x_wconf 90' lang='lat' dir='ltr'>Inultus</span> <span class='ocrx_word' id='word_1_3' title='bbox 525 298 572 331; x_wconf 91' lang='lat' dir='ltr'>ut</span> <span class='ocrx_word' id='word_1_4' title='bbox 591 297 637 331; x_wconf 88' lang='lat' dir='ltr'>tu</span> <span class='ocrx_word' id='word_1_5' title='bbox 654 290 795 331; x_wconf 89' lang='lat' dir='ltr'>riseris</span> <span class='ocrx_word' id='word_1_6' title='bbox 820 290 1007 348; x_wconf 87' lang='lat' dir='ltr'>Cotyttia</span> 
     </span>
    </p>
   </div>
   <div class='ocr_carea' id='block_1_3' title="bbox 846 165 1156 210">
    <p class='ocr_par' dir='ltr' id='par_1_3' title="bbox 846 165 1156 210">
     <span class='ocr_line' id='line_1_3' title="bbox 846 165 1156 210; baseline 0.006 -2"><span class='ocrx_word' id='word_1_7' title='bbox 846 165 1156 210; x_wconf 90' lang='lat' dir='ltr'>HORATII</span> 
     </span>
    </p>
   </div>
   <div class='ocr_carea' id='block_1_4' title="bbox 1497 174 1785 223">
    <p class='ocr_par' dir='ltr' id='par_1_4' title="bbox 1497 174 1785 223">
     <span class='ocr_line' id='line_1_4' title="bbox 1497 174 1785 223; baseline 0.01 -10"><span class='ocrx_word' id='word_1_8' title='bbox 1497 174 1652 223; x_wconf 67' lang='lat' dir='ltr'>[cmm.</span> <span class='ocrx_word' id='word_1_9' title='bbox 1673 186 1785 216; x_wconf 86' lang='lat' dir='ltr'>xvn.</span> 
     </span>
    </p>
   </div>
   <div class='ocr_carea' id='block_1_5' title="bbox 247 357 1270 773">
    <p class='ocr_par' dir='ltr' id='par_1_5' title="bbox 337 357 1140 417">
     <span class='ocr_line' id='line_1_5' title="bbox 337 357 1140 417; baseline 0.005 -18"><span class='ocrx_word' id='word_1_10' title='bbox 337 357 533 417; x_wconf 75' lang='lat' dir='ltr'>Vulgata,</span> <span class='ocrx_word' id='word_1_11' title='bbox 556 374 721 401; x_wconf 89' lang='lat' dir='ltr'>sacrum</span> <span class='ocrx_word' id='word_1_12' title='bbox 740 358 862 400; x_wconf 88' lang='lat' dir='ltr'>liberi</span> <span class='ocrx_word' id='word_1_13' title='bbox 885 359 1107 416; x_wconf 88' lang='lat' dir='ltr'>Cupidinis</span> <span class='ocrx_word' id='word_1_14' title='bbox 1119 360 1140 403; x_wconf 69' lang='grc' dir='ltr'><strong><em>Ρ</em></strong></span> 
     </span>
    </p>

    <p class='ocr_par' dir='ltr' id='par_1_6' title="bbox 336 429 1041 487">
     <span class='ocr_line' id='line_1_6' title="bbox 336 429 1041 487; baseline 0.004 -16"><span class='ocrx_word' id='word_1_15' title='bbox 336 429 394 471; x_wconf 89' lang='lat' dir='ltr'>Et</span> <span class='ocrx_word' id='word_1_16' title='bbox 415 430 624 487; x_wconf 90' lang='lat' dir='ltr'>Esquilini</span> <span class='ocrx_word' id='word_1_17' title='bbox 646 429 844 472; x_wconf 80' lang='lat' dir='ltr'>Pontifex</span> <span class='ocrx_word' id='word_1_18' title='bbox 861 430 1041 474; x_wconf 73' lang='lat' dir='ltr'>venefici</span> 
     </span>
    </p>

    <p class='ocr_par' dir='ltr' id='par_1_7' title="bbox 247 498 1270 631">
     <span class='ocr_line' id='line_1_7' title="bbox 334 498 1270 557; baseline 0.005 -18"><span class='ocrx_word' id='word_1_19' title='bbox 334 498 500 554; x_wconf 89' lang='lat' dir='ltr'>Inpune</span> <span class='ocrx_word' id='word_1_20' title='bbox 519 506 568 539; x_wconf 88' lang='lat' dir='ltr'>ut</span> <span class='ocrx_word' id='word_1_21' title='bbox 586 498 736 540; x_wconf 89' lang='lat' dir='ltr'>urbem</span> <span class='ocrx_word' id='word_1_22' title='bbox 755 499 925 542; x_wconf 86' lang='lat' dir='ltr'>nomine</span> <span class='ocrx_word' id='word_1_23' title='bbox 944 500 1119 557; x_wconf 85' lang='lat' dir='ltr'>inpleris</span> <span class='ocrx_word' id='word_1_24' title='bbox 1140 517 1236 544; x_wconf 88' lang='lat' dir='ltr'>meo</span> <span class='ocrx_word' id='word_1_25' title='bbox 1249 502 1270 544; x_wconf 82' lang='lat'>?</span> 
     </span>
     <span class='ocr_line' id='line_1_8' title="bbox 247 569 1209 631; baseline 0.006 -21"><span class='ocrx_word' id='word_1_26' title='bbox 247 573 302 610; x_wconf 88' lang='grc'>60</span> <span class='ocrx_word' id='word_1_27' title='bbox 335 569 453 619; x_wconf 84' lang='lat' dir='ltr'>Quid</span> <span class='ocrx_word' id='word_1_28' title='bbox 471 570 673 625; x_wconf 86' lang='lat' dir='ltr'>proderat</span> <span class='ocrx_word' id='word_1_29' title='bbox 693 570 848 614; x_wconf 77' lang='lat' dir='ltr'>ditasse</span> <span class='ocrx_word' id='word_1_30' title='bbox 870 572 1069 631; x_wconf 87' lang='lat' dir='ltr'>Pelignas</span> <span class='ocrx_word' id='word_1_31' title='bbox 1090 589 1209 626; x_wconf 86' lang='lat' dir='ltr'>anus,</span> 
     </span>
    </p>

    <p class='ocr_par' dir='ltr' id='par_1_8' title="bbox 334 641 1062 687">
     <span class='ocr_line' id='line_1_9' title="bbox 334 641 1062 687; baseline 0.007 -5"><span class='ocrx_word' id='word_1_32' title='bbox 334 641 582 684; x_wconf 90' lang='lat' dir='ltr'>Velociusve</span> <span class='ocrx_word' id='word_1_33' title='bbox 601 643 818 686; x_wconf 84' lang='lat' dir='ltr'>miscuisse</span> <span class='ocrx_word' id='word_1_34' title='bbox 837 645 1062 687; x_wconf 81' lang='lat' dir='ltr'>toxicum?</span> 
     </span>
    </p>

    <p class='ocr_par' dir='ltr' id='par_1_9' title="bbox 332 713 1132 773">
     <span class='ocr_line' id='line_1_10' title="bbox 332 713 1132 773; baseline 0.008 -19"><span class='ocrx_word' id='word_1_35' title='bbox 332 713 418 755; x_wconf 87' lang='lat' dir='ltr'>Sed</span> <span class='ocrx_word' id='word_1_36' title='bbox 438 714 626 764; x_wconf 75' lang='lat' dir='ltr'>tardiora</span> <span class='ocrx_word' id='word_1_37' title='bbox 643 714 729 757; x_wconf 87' lang='lat' dir='ltr'>fata</span> <span class='ocrx_word' id='word_1_38' title='bbox 748 724 791 758; x_wconf 91' lang='lat' dir='ltr'>te</span> <span class='ocrx_word' id='word_1_39' title='bbox 810 717 917 773; x_wconf 84' lang='lat' dir='ltr'>votis</span> <span class='ocrx_word' id='word_1_40' title='bbox 938 726 1132 760; x_wconf 86' lang='lat' dir='ltr'>manent:</span> 
     </span>
    </p>
   </div>
   <div class='ocr_carea' id='block_1_6' title="bbox 331 785 1004 843">
    <p class='ocr_par' dir='ltr' id='par_1_10' title="bbox 331 785 1004 843">
     <span class='ocr_line' id='line_1_11' title="bbox 331 785 1004 843; baseline 0.009 -17"><span class='ocrx_word' id='word_1_41' title='bbox 331 785 506 843; x_wconf 88' lang='lat' dir='ltr'>Ingrata</span> <span class='ocrx_word' id='word_1_42' title='bbox 524 788 682 830; x_wconf 88' lang='lat' dir='ltr'>misero</span> <span class='ocrx_word' id='word_1_43' title='bbox 701 789 788 831; x_wconf 88' lang='lat' dir='ltr'>vita</span> <span class='ocrx_word' id='word_1_44' title='bbox 808 789 1004 832; x_wconf 88' lang='lat' dir='ltr'>ducenda</span> 
     </span>
    </p>
   </div>
   <div class='ocr_carea' id='block_1_7' title="bbox 1023 791 1282 843">
    <p class='ocr_par' dir='ltr' id='par_1_11' title="bbox 1023 791 1282 843">
     <span class='ocr_line' id='line_1_12' title="bbox 1023 791 1282 843; baseline 0.004 -11"><span class='ocrx_word' id='word_1_45' title='bbox 1023 799 1099 842; x_wconf 89' lang='lat' dir='ltr'>est,</span> <span class='ocrx_word' id='word_1_46' title='bbox 1121 791 1166 832; x_wconf 87' lang='lat' dir='ltr'>in</span> <span class='ocrx_word' id='word_1_47' title='bbox 1185 791 1282 843; x_wconf 88' lang='lat' dir='ltr'>hoc,</span> 
     </span>
    </p>
   </div>
   <div class='ocr_carea' id='block_1_8' title="bbox 241 857 1273 1062">
    <p class='ocr_par' dir='ltr' id='par_1_12' title="bbox 241 857 1273 1062">
     <span class='ocr_line' id='line_1_13' title="bbox 331 857 1162 919; baseline 0.007 -19"><span class='ocrx_word' id='word_1_48' title='bbox 331 857 465 901; x_wconf 90' lang='lat' dir='ltr'>Novis</span> <span class='ocrx_word' id='word_1_49' title='bbox 486 868 534 902; x_wconf 91' lang='lat' dir='ltr'>ut</span> <span class='ocrx_word' id='word_1_50' title='bbox 553 877 687 919; x_wconf 91' lang='lat' dir='ltr'>usque</span> <span class='ocrx_word' id='word_1_51' title='bbox 710 870 908 919; x_wconf 87' lang='lat' dir='ltr'>suppetas</span> <span class='ocrx_word' id='word_1_52' title='bbox 930 864 1162 906; x_wconf 90' lang='lat' dir='ltr'>doloribus.</span> 
     </span>
     <span class='ocr_line' id='line_1_14' title="bbox 241 926 1194 989; baseline 0.008 -22"><span class='ocrx_word' id='word_1_53' title='bbox 241 930 297 968; x_wconf 86' lang='lat'>65</span> <span class='ocrx_word' id='word_1_54' title='bbox 330 926 464 984; x_wconf 86' lang='lat' dir='ltr'>Optat</span> <span class='ocrx_word' id='word_1_55' title='bbox 485 930 668 987; x_wconf 91' lang='lat' dir='ltr'>quietem</span> <span class='ocrx_word' id='word_1_56' title='bbox 690 930 861 988; x_wconf 90' lang='lat' dir='ltr'>Pelopis</span> <span class='ocrx_word' id='word_1_57' title='bbox 881 932 1039 974; x_wconf 90' lang='lat' dir='ltr'>infidus</span> <span class='ocrx_word' id='word_1_58' title='bbox 1059 941 1194 989; x_wconf 87' lang='lat' dir='ltr'>pater,</span> 
     </span>
     <span class='ocr_line' id='line_1_15' title="bbox 328 999 1273 1062; baseline 0.006 -21"><span class='ocrx_word' id='word_1_59' title='bbox 328 999 471 1058; x_wconf 89' lang='lat' dir='ltr'>Egens</span> <span class='ocrx_word' id='word_1_60' title='bbox 490 1002 687 1061; x_wconf 87' lang='lat' dir='ltr'>benignae</span> <span class='ocrx_word' id='word_1_61' title='bbox 709 1003 915 1046; x_wconf 81' lang='lat' dir='ltr'>Tantalus</span> <span class='ocrx_word' id='word_1_62' title='bbox 936 1020 1102 1062; x_wconf 88' lang='lat' dir='ltr'>semper</span> <span class='ocrx_word' id='word_1_63' title='bbox 1123 1005 1243 1061; x_wconf 87' lang='lat' dir='ltr'>dapis</span> <span class='ocrx_word' id='word_1_64' title='bbox 1260 1021 1273 1054; x_wconf 86' lang='lat'><strong>;</strong></span> 
     </span>
    </p>
   </div>
   <div class='ocr_carea' id='block_1_9' title="bbox 326 1071 993 1135">
    <p class='ocr_par' dir='ltr' id='par_1_13' title="bbox 326 1071 993 1135">
     <span class='ocr_line' id='line_1_16' title="bbox 326 1071 993 1135; baseline 0.009 -22"><span class='ocrx_word' id='word_1_65' title='bbox 326 1071 461 1128; x_wconf 87' lang='lat' dir='ltr'>Optat</span> <span class='ocrx_word' id='word_1_66' title='bbox 482 1074 761 1118; x_wconf 90' lang='lat' dir='ltr'>Prometheus</span> <span class='ocrx_word' id='word_1_67' title='bbox 783 1077 993 1135; x_wconf 86' lang='lat' dir='ltr'>obligatus</span> 
     </span>
    </p>
   </div>
   <div class='ocr_carea' id='block_1_10' title="bbox 1018 1077 1133 1127">
    <p class='ocr_par' dir='ltr' id='par_1_14' title="bbox 1018 1077 1133 1127">
     <span class='ocr_line' id='line_1_17' title="bbox 1018 1077 1133 1127; baseline 0 -8"><span class='ocrx_word' id='word_1_68' title='bbox 1018 1077 1107 1119; x_wconf 89' lang='lat' dir='ltr'>aliti</span> <span class='ocrx_word' id='word_1_69' title='bbox 1121 1094 1133 1127; x_wconf 91' lang='lat'>;</span> 
     </span>
    </p>
   </div>
   <div class='ocr_carea' id='block_1_11' title="bbox 327 1141 1154 1205">
    <p class='ocr_par' dir='ltr' id='par_1_15' title="bbox 327 1141 1154 1205">
     <span class='ocr_line' id='line_1_18' title="bbox 327 1141 1154 1205; baseline 0.006 -21"><span class='ocrx_word' id='word_1_70' title='bbox 327 1141 462 1199; x_wconf 86' lang='lat' dir='ltr'>Optat</span> <span class='ocrx_word' id='word_1_71' title='bbox 481 1160 679 1202; x_wconf 88' lang='lat' dir='ltr'>supremo</span> <span class='ocrx_word' id='word_1_72' title='bbox 701 1147 923 1191; x_wconf 89' lang='lat' dir='ltr'>conlocare</span> <span class='ocrx_word' id='word_1_73' title='bbox 946 1147 1154 1205; x_wconf 88' lang='lat' dir='ltr'>Sisyphus</span> 
     </span>
    </p>
   </div>
   <div class='ocr_carea' id='block_1_12' title="bbox 236 1214 1297 1485">
    <p class='ocr_par' dir='ltr' id='par_1_16' title="bbox 236 1214 1297 1340">
     <span class='ocr_line' id='line_1_19' title="bbox 325 1214 1297 1278; baseline 0.004 -21"><span class='ocrx_word' id='word_1_74' title='bbox 325 1214 378 1257; x_wconf 93' lang='lat' dir='ltr'>In</span> <span class='ocrx_word' id='word_1_75' title='bbox 398 1225 542 1260; x_wconf 90' lang='lat' dir='ltr'>monte</span> <span class='ocrx_word' id='word_1_76' title='bbox 562 1234 712 1261; x_wconf 88' lang='lat' dir='ltr'>saxum</span> <span class='ocrx_word' id='word_1_77' title='bbox 727 1237 738 1270; x_wconf 82' lang='lat'><em>3</em></span> <span class='ocrx_word' id='word_1_78' title='bbox 771 1221 845 1262; x_wconf 90' lang='lat' dir='ltr'>sed</span> <span class='ocrx_word' id='word_1_79' title='bbox 866 1228 1010 1262; x_wconf 87' lang='lat' dir='ltr'>vetant</span> <span class='ocrx_word' id='word_1_80' title='bbox 1028 1221 1144 1278; x_wconf 88' lang='lat' dir='ltr'>leges</span> <span class='ocrx_word' id='word_1_81' title='bbox 1165 1220 1297 1262; x_wconf 90' lang='lat' dir='ltr'>Jovis.</span> 
     </span>
     <span class='ocr_line' id='line_1_20' title="bbox 236 1276 1130 1340; baseline 0.008 -16"><span class='ocrx_word' id='word_1_82' title='bbox 236 1286 293 1325; x_wconf 73' lang='lat'>70</span> <span class='ocrx_word' id='word_1_83' title='bbox 321 1276 454 1327; x_wconf 84' lang='lat' dir='ltr'>Voles</span> <span class='ocrx_word' id='word_1_84' title='bbox 474 1287 603 1329; x_wconf 91' lang='lat' dir='ltr'>modo</span> <span class='ocrx_word' id='word_1_85' title='bbox 623 1288 717 1330; x_wconf 89' lang='lat' dir='ltr'>altis</span> <span class='ocrx_word' id='word_1_86' title='bbox 738 1289 908 1331; x_wconf 86' lang='lat' dir='ltr'>desilire</span> <span class='ocrx_word' id='word_1_87' title='bbox 928 1290 1130 1340; x_wconf 88' lang='lat' dir='ltr'>turribus,</span> 
     </span>
    </p>

    <p class='ocr_par' dir='ltr' id='par_1_17' title="bbox 326 1352 1202 1412">
     <span class='ocr_line' id='line_1_21' title="bbox 326 1352 1202 1412; baseline 0.006 -17"><span class='ocrx_word' id='word_1_88' title='bbox 326 1352 465 1396; x_wconf 93' lang='lat' dir='ltr'>Modo</span> <span class='ocrx_word' id='word_1_89' title='bbox 485 1371 585 1398; x_wconf 90' lang='lat' dir='ltr'>ense</span> <span class='ocrx_word' id='word_1_90' title='bbox 604 1364 751 1412; x_wconf 92' lang='lat' dir='ltr'>pectus</span> <span class='ocrx_word' id='word_1_91' title='bbox 775 1357 935 1399; x_wconf 89' lang='lat' dir='ltr'>Norico</span> <span class='ocrx_word' id='word_1_92' title='bbox 956 1357 1175 1400; x_wconf 87' lang='lat' dir='ltr'>recludere</span> <span class='ocrx_word' id='word_1_93' title='bbox 1190 1375 1202 1408; x_wconf 93' lang='lat'>;</span> 
     </span>
    </p>

    <p class='ocr_par' dir='ltr' id='par_1_18' title="bbox 326 1423 1193 1485">
     <span class='ocr_line' id='line_1_22' title="bbox 326 1423 1193 1485; baseline 0.005 -20"><span class='ocrx_word' id='word_1_94' title='bbox 326 1423 584 1483; x_wconf 85' lang='lat' dir='ltr'>Frustraque</span> <span class='ocrx_word' id='word_1_95' title='bbox 604 1426 742 1469; x_wconf 87' lang='lat' dir='ltr'>vincla</span> <span class='ocrx_word' id='word_1_96' title='bbox 759 1428 923 1485; x_wconf 87' lang='lat' dir='ltr'>gutturi</span> <span class='ocrx_word' id='word_1_97' title='bbox 942 1435 1085 1469; x_wconf 82' lang='lat' dir='ltr'>nectes</span> <span class='ocrx_word' id='word_1_98' title='bbox 1105 1435 1193 1478; x_wconf 90' lang='lat' dir='ltr'>tuo,</span> 
     </span>
    </p>
   </div>
   <div class='ocr_carea' id='block_1_13' title="bbox 326 1493 990 1555">
    <p class='ocr_par' dir='ltr' id='par_1_19' title="bbox 326 1493 990 1555">
     <span class='ocr_line' id='line_1_23' title="bbox 326 1493 990 1555; baseline 0.005 -19"><span class='ocrx_word' id='word_1_99' title='bbox 326 1493 363 1536; x_wconf 94' lang='lat' dir='ltr'><strong>F</strong></span> <span class='ocrx_word' id='word_1_100' title='bbox 363 1496 562 1538; x_wconf 88' lang='lat' dir='ltr'>astidiosa</span> <span class='ocrx_word' id='word_1_101' title='bbox 581 1497 710 1539; x_wconf 87' lang='lat' dir='ltr'>tristis</span> <span class='ocrx_word' id='word_1_102' title='bbox 730 1497 990 1555; x_wconf 86' lang='lat' dir='ltr'>aegrimonia.</span> 
     </span>
    </p>
   </div>
   <div class='ocr_carea' id='block_1_14' title="bbox 237 1567 1332 1698">
    <p class='ocr_par' dir='ltr' id='par_1_20' title="bbox 237 1567 1332 1698">
     <span class='ocr_line' id='line_1_24' title="bbox 325 1567 1332 1629; baseline 0.004 -20"><span class='ocrx_word' id='word_1_103' title='bbox 325 1567 538 1611; x_wconf 88' lang='lat' dir='ltr'>Vectabor</span> <span class='ocrx_word' id='word_1_104' title='bbox 558 1569 745 1612; x_wconf 86' lang='lat' dir='ltr'>humeris</span> <span class='ocrx_word' id='word_1_105' title='bbox 766 1578 867 1613; x_wconf 91' lang='lat' dir='ltr'>tunc</span> <span class='ocrx_word' id='word_1_106' title='bbox 887 1586 968 1629; x_wconf 88' lang='lat' dir='ltr'>ego</span> <span class='ocrx_word' id='word_1_107' title='bbox 989 1571 1169 1612; x_wconf 89' lang='lat' dir='ltr'>inimicis</span> <span class='ocrx_word' id='word_1_108' title='bbox 1190 1585 1332 1628; x_wconf 85' lang='lat' dir='ltr'>eques,</span> 
     </span>
     <span class='ocr_line' id='line_1_25' title="bbox 237 1638 1069 1698; baseline 0.006 -18"><span class='ocrx_word' id='word_1_109' title='bbox 237 1643 264 1680; x_wconf 71' lang='lat'>’7</span> <span class='ocrx_word' id='word_1_110' title='bbox 268 1642 295 1681; x_wconf 86' lang='lat'>5</span> <span class='ocrx_word' id='word_1_111' title='bbox 326 1638 527 1698; x_wconf 89' lang='lat' dir='ltr'>Meaeque</span> <span class='ocrx_word' id='word_1_112' title='bbox 547 1651 663 1685; x_wconf 90' lang='lat' dir='ltr'>terra</span> <span class='ocrx_word' id='word_1_113' title='bbox 682 1643 804 1686; x_wconf 88' lang='lat' dir='ltr'>cedet</span> <span class='ocrx_word' id='word_1_114' title='bbox 822 1643 1069 1685; x_wconf 89' lang='lat' dir='ltr'>insolentiae.</span> 
     </span>
    </p>
   </div>
   <div class='ocr_carea' id='block_1_15' title="bbox 197 1756 972 3015">
    <p class='ocr_par' dir='ltr' id='par_1_21' title="bbox 198 1756 972 2625">
     <span class='ocr_line' id='line_1_26' title="bbox 204 1756 971 1798; baseline 0.008 -13"><span class='ocrx_word' id='word_1_115' title='bbox 204 1756 401 1798; x_wconf 85' lang='lat' dir='ltr'>evulgaveris</span> <span class='ocrx_word' id='word_1_116' title='bbox 428 1758 581 1791; x_wconf 78' lang='lat' dir='ltr'>veneficia</span> <span class='ocrx_word' id='word_1_117' title='bbox 607 1770 689 1798; x_wconf 85' lang='lat' dir='ltr'>mea,</span> <span class='ocrx_word' id='word_1_118' title='bbox 718 1759 825 1791; x_wconf 88' lang='lat' dir='ltr'>liberae</span> <span class='ocrx_word' id='word_1_119' title='bbox 851 1759 971 1791; x_wconf 87' lang='lat' dir='ltr'>Veneri</span> 
     </span>
     <span class='ocr_line' id='line_1_27' title="bbox 203 1801 972 1845; baseline 0.008 -16"><span class='ocrx_word' id='word_1_120' title='bbox 203 1809 302 1838; x_wconf 77' lang='lat' dir='ltr'>sacra,</span> <span class='ocrx_word' id='word_1_121' title='bbox 317 1807 349 1831; x_wconf 86' lang='lat' dir='ltr'>et</span> <span class='ocrx_word' id='word_1_122' title='bbox 362 1801 452 1842; x_wconf 81' lang='lat' dir='ltr'>quasi</span> <span class='ocrx_word' id='word_1_123' title='bbox 474 1813 570 1843; x_wconf 86' lang='lat' dir='ltr'>penes</span> <span class='ocrx_word' id='word_1_124' title='bbox 591 1809 633 1840; x_wconf 86' lang='lat' dir='ltr'>te,</span> <span class='ocrx_word' id='word_1_125' title='bbox 659 1809 811 1845; x_wconf 81' lang='lat' dir='ltr'>tanquam</span> <span class='ocrx_word' id='word_1_126' title='bbox 836 1803 972 1835; x_wconf 80' lang='lat' dir='ltr'>Pontifi-</span> 
     </span>
     <span class='ocr_line' id='line_1_28' title="bbox 204 1846 972 1888; baseline 0.007 -15"><span class='ocrx_word' id='word_1_127' title='bbox 204 1853 284 1880; x_wconf 88' lang='lat' dir='ltr'>cem,</span> <span class='ocrx_word' id='word_1_128' title='bbox 309 1854 470 1876; x_wconf 85' lang='lat' dir='ltr'>sacrorum</span> <span class='ocrx_word' id='word_1_129' title='bbox 491 1846 688 1888; x_wconf 86' lang='lat' dir='ltr'>magicorum</span> <span class='ocrx_word' id='word_1_130' title='bbox 709 1853 789 1878; x_wconf 84' lang='lat' dir='ltr'>esset</span> <span class='ocrx_word' id='word_1_131' title='bbox 808 1847 972 1878; x_wconf 80' lang='lat' dir='ltr'>arbitrium</span> 
     </span>
     <span class='ocr_line' id='line_1_29' title="bbox 201 1886 970 1930; baseline 0.007 -14"><span class='ocrx_word' id='word_1_132' title='bbox 201 1892 234 1917; x_wconf 85' lang='lat' dir='ltr'>et</span> <span class='ocrx_word' id='word_1_133' title='bbox 243 1886 410 1927; x_wconf 83' lang='lat' dir='ltr'>judicium,</span> <span class='ocrx_word' id='word_1_134' title='bbox 426 1889 557 1929; x_wconf 89' lang='lat' dir='ltr'>impune</span> <span class='ocrx_word' id='word_1_135' title='bbox 578 1901 631 1922; x_wconf 91' lang='lat' dir='ltr'>me</span> <span class='ocrx_word' id='word_1_136' title='bbox 652 1901 708 1930; x_wconf 88' lang='lat' dir='ltr'>per</span> <span class='ocrx_word' id='word_1_137' title='bbox 728 1901 783 1922; x_wconf 89' lang='lat' dir='ltr'>ora</span> <span class='ocrx_word' id='word_1_138' title='bbox 803 1891 970 1921; x_wconf 88' lang='lat' dir='ltr'>hominum</span> 
     </span>
     <span class='ocr_line' id='line_1_30' title="bbox 202 1929 971 1975; baseline 0.007 -16"><span class='ocrx_word' id='word_1_139' title='bbox 202 1929 399 1962; x_wconf 79' lang='lat' dir='ltr'>traduxeris?</span> <span class='ocrx_word' id='word_1_140' title='bbox 440 1935 583 1975; x_wconf 78' lang='lat' dir='ltr'>Cotyuia,</span> <span class='ocrx_word' id='word_1_141' title='bbox 602 1936 688 1975; x_wconf 89' lang='lat' dir='ltr'>(quae</span> <span class='ocrx_word' id='word_1_142' title='bbox 703 1934 826 1974; x_wconf 82' lang='lat' dir='ltr'>proprie</span> <span class='ocrx_word' id='word_1_143' title='bbox 840 1934 971 1964; x_wconf 87' lang='lat' dir='ltr'>fuerunt</span> 
     </span>
     <span class='ocr_line' id='line_1_31' title="bbox 201 1977 971 2020; baseline 0.005 -16"><span class='ocrx_word' id='word_1_144' title='bbox 201 1983 288 2004; x_wconf 82' lang='lat' dir='ltr'>sacra</span> <span class='ocrx_word' id='word_1_145' title='bbox 302 1981 466 2013; x_wconf 81' lang='lat' dir='ltr'>nocturna,</span> <span class='ocrx_word' id='word_1_146' title='bbox 477 1988 497 2007; x_wconf 85' lang='lat' dir='ltr'>a</span> <span class='ocrx_word' id='word_1_147' title='bbox 513 1977 687 2008; x_wconf 84' lang='lat' dir='ltr'>Thracibus</span> <span class='ocrx_word' id='word_1_148' title='bbox 701 1977 839 2017; x_wconf 85' lang='lat' dir='ltr'>primum</span> <span class='ocrx_word' id='word_1_149' title='bbox 853 1978 971 2020; x_wconf 82' lang='lat' dir='ltr'>(Strab.</span> 
     </span>
     <span class='ocr_line' id='line_1_32' title="bbox 204 2016 971 2062; baseline 0.007 -16"><span class='ocrx_word' id='word_1_150' title='bbox 204 2016 250 2047; x_wconf 91' lang='lat' dir='ltr'>X.</span> <span class='ocrx_word' id='word_1_151' title='bbox 268 2027 300 2057; x_wconf 88' lang='lat' dir='ltr'>p.</span> <span class='ocrx_word' id='word_1_152' title='bbox 318 2017 411 2059; x_wconf 73' lang='lat'><strong>324.)</strong></span> <span class='ocrx_word' id='word_1_153' title='bbox 435 2020 468 2050; x_wconf 90' lang='lat' dir='ltr'>in</span> <span class='ocrx_word' id='word_1_154' title='bbox 489 2021 641 2051; x_wconf 89' lang='lat' dir='ltr'>honorem</span> <span class='ocrx_word' id='word_1_155' title='bbox 668 2024 808 2062; x_wconf 76' lang='lat' dir='ltr'>Cotytlus</span> <span class='ocrx_word' id='word_1_156' title='bbox 829 2021 860 2051; x_wconf 88' lang='lat' dir='ltr'>h.</span> <span class='ocrx_word' id='word_1_157' title='bbox 878 2032 906 2052; x_wconf 88' lang='lat' dir='ltr'>e.</span> <span class='ocrx_word' id='word_1_158' title='bbox 932 2020 971 2051; x_wconf 92' lang='lat' dir='ltr'>li-</span> 
     </span>
     <span class='ocr_line' id='line_1_33' title="bbox 201 2061 971 2101; baseline 0.006 -11"><span class='ocrx_word' id='word_1_159' title='bbox 201 2061 286 2091; x_wconf 86' lang='lat' dir='ltr'>berae</span> <span class='ocrx_word' id='word_1_160' title='bbox 309 2062 442 2092; x_wconf 85' lang='lat' dir='ltr'>Veneris</span> <span class='ocrx_word' id='word_1_161' title='bbox 467 2069 499 2094; x_wconf 91' lang='lat' dir='ltr'>et</span> <span class='ocrx_word' id='word_1_162' title='bbox 526 2064 679 2095; x_wconf 83' lang='lat' dir='ltr'>Licentiae</span> <span class='ocrx_word' id='word_1_163' title='bbox 708 2065 860 2101; x_wconf 78' lang='lat' dir='ltr'>instituta,</span> <span class='ocrx_word' id='word_1_164' title='bbox 884 2064 971 2095; x_wconf 91' lang='lat' dir='ltr'>unde</span> 
     </span>
     <span class='ocr_line' id='line_1_34' title="bbox 201 2103 971 2148; baseline 0.005 -14"><span class='ocrx_word' id='word_1_165' title='bbox 201 2103 326 2134; x_wconf 81' lang='lat' dir='ltr'>additur</span> <span class='ocrx_word' id='word_1_166' title='bbox 340 2117 467 2138; x_wconf 79' lang='lat' dir='ltr'>sacrum</span> <span class='ocrx_word' id='word_1_167' title='bbox 480 2109 569 2138; x_wconf 80' lang='lat' dir='ltr'>liberi</span> <span class='ocrx_word' id='word_1_168' title='bbox 585 2107 774 2148; x_wconf 81' lang='lat' dir='ltr'>Cupidinis,)</span> <span class='ocrx_word' id='word_1_169' title='bbox 790 2118 876 2138; x_wconf 91' lang='lat' dir='ltr'>nunc</span> <span class='ocrx_word' id='word_1_170' title='bbox 899 2107 971 2139; x_wconf 87' lang='lat' dir='ltr'>ideo</span> 
     </span>
     <span class='ocr_line' id='line_1_35' title="bbox 201 2147 971 2193; baseline 0.006 -15"><span class='ocrx_word' id='word_1_171' title='bbox 201 2147 325 2188; x_wconf 85' lang='lat' dir='ltr'>magica</span> <span class='ocrx_word' id='word_1_172' title='bbox 354 2159 411 2179; x_wconf 87' lang='lat' dir='ltr'>sua</span> <span class='ocrx_word' id='word_1_173' title='bbox 440 2160 525 2181; x_wconf 89' lang='lat' dir='ltr'>sacra</span> <span class='ocrx_word' id='word_1_174' title='bbox 550 2151 686 2191; x_wconf 88' lang='lat' dir='ltr'>appellat</span> <span class='ocrx_word' id='word_1_175' title='bbox 714 2151 856 2188; x_wconf 80' lang='lat' dir='ltr'>Canidia,</span> <span class='ocrx_word' id='word_1_176' title='bbox 884 2151 971 2193; x_wconf 90' lang='lat' dir='ltr'>quod</span> 
     </span>
     <span class='ocr_line' id='line_1_36' title="bbox 201 2191 970 2235; baseline 0.007 -14"><span class='ocrx_word' id='word_1_177' title='bbox 201 2201 257 2230; x_wconf 85' lang='lat' dir='ltr'>per</span> <span class='ocrx_word' id='word_1_178' title='bbox 281 2202 318 2222; x_wconf 82' lang='lat' dir='ltr'>ea</span> <span class='ocrx_word' id='word_1_179' title='bbox 343 2191 465 2223; x_wconf 87' lang='lat' dir='ltr'>libidini</span> <span class='ocrx_word' id='word_1_180' title='bbox 487 2205 561 2230; x_wconf 89' lang='lat' dir='ltr'>suae,</span> <span class='ocrx_word' id='word_1_181' title='bbox 586 2194 733 2226; x_wconf 79' lang='lat' dir='ltr'>arcessito</span> <span class='ocrx_word' id='word_1_182' title='bbox 755 2205 869 2235; x_wconf 84' lang='lat' dir='ltr'>nempe</span> <span class='ocrx_word' id='word_1_183' title='bbox 895 2205 970 2226; x_wconf 90' lang='lat' dir='ltr'>sene</span> 
     </span>
     <span class='ocr_line' id='line_1_37' title="bbox 200 2234 967 2279; baseline 0.005 -14"><span class='ocrx_word' id='word_1_184' title='bbox 200 2234 257 2265; x_wconf 86' lang='lat' dir='ltr'>illo</span> <span class='ocrx_word' id='word_1_185' title='bbox 290 2235 387 2273; x_wconf 84' lang='lat' dir='ltr'>Varo,</span> <span class='ocrx_word' id='word_1_186' title='bbox 427 2236 603 2268; x_wconf 80' lang='lat' dir='ltr'>satisfacere</span> <span class='ocrx_word' id='word_1_187' title='bbox 631 2239 791 2276; x_wconf 86' lang='lat' dir='ltr'>voluerat;</span> <span class='ocrx_word' id='word_1_188' title='bbox 830 2241 967 2279; x_wconf 80' lang='lat' dir='ltr'>vulgata,</span> 
     </span>
     <span class='ocr_line' id='line_1_38' title="bbox 201 2277 969 2321; baseline 0.005 -13"><span class='ocrx_word' id='word_1_189' title='bbox 201 2277 358 2318; x_wconf 86' lang='lat' dir='ltr'>evulgata,</span> <span class='ocrx_word' id='word_1_190' title='bbox 384 2280 521 2310; x_wconf 82' lang='lat' dir='ltr'>carmine</span> <span class='ocrx_word' id='word_1_191' title='bbox 543 2281 598 2311; x_wconf 90' lang='lat' dir='ltr'>illo</span> <span class='ocrx_word' id='word_1_192' title='bbox 624 2282 852 2313; x_wconf 89' lang='lat' dir='ltr'>contumelioso</span> <span class='ocrx_word' id='word_1_193' title='bbox 874 2292 969 2321; x_wconf 82' lang='lat' dir='ltr'>supra</span> 
     </span>
     <span class='ocr_line' id='line_1_39' title="bbox 200 2321 966 2367; baseline 0.008 -16"><span class='ocrx_word' id='word_1_194' title='bbox 200 2321 308 2361; x_wconf 84' lang='lat' dir='ltr'>Epod.</span> <span class='ocrx_word' id='word_1_195' title='bbox 329 2322 369 2353; x_wconf 89' lang='lat' dir='ltr'>V.</span> <span class='ocrx_word' id='word_1_196' title='bbox 460 2325 506 2354; x_wconf 80' lang='lat' dir='ltr'>Ee</span> <span class='ocrx_word' id='word_1_197' title='bbox 529 2326 650 2366; x_wconf 83' lang='lat' dir='ltr'>Esquil.</span> <span class='ocrx_word' id='word_1_198' title='bbox 677 2327 798 2367; x_wconf 65' lang='lat' dir='ltr'>Pontffl</span> <span class='ocrx_word' id='word_1_199' title='bbox 825 2325 966 2367; x_wconf 62' lang='lat' dir='ltr'>venefici,</span> 
     </span>
     <span class='ocr_line' id='line_1_40' title="bbox 201 2366 966 2410; baseline 0.005 -14"><span class='ocrx_word' id='word_1_200' title='bbox 201 2371 234 2396; x_wconf 89' lang='lat' dir='ltr'>et</span> <span class='ocrx_word' id='word_1_201' title='bbox 254 2366 342 2406; x_wconf 86' lang='lat' dir='ltr'>quasi</span> <span class='ocrx_word' id='word_1_202' title='bbox 371 2367 555 2406; x_wconf 83' lang='lat' dir='ltr'>praepositus</span> <span class='ocrx_word' id='word_1_203' title='bbox 584 2379 665 2399; x_wconf 87' lang='lat' dir='ltr'>esses</span> <span class='ocrx_word' id='word_1_204' title='bbox 693 2369 787 2399; x_wconf 84' lang='lat' dir='ltr'>sacris</span> <span class='ocrx_word' id='word_1_205' title='bbox 815 2368 966 2410; x_wconf 63' lang='lat' dir='ltr'>magicis-»3</span> 
     </span>
     <span class='ocr_line' id='line_1_41' title="bbox 203 2409 970 2452; baseline 0.005 -13"><span class='ocrx_word' id='word_1_206' title='bbox 203 2410 346 2452; x_wconf 65' lang='lat' dir='ltr'>Pcmtg‘feae</span> <span class='ocrx_word' id='word_1_207' title='bbox 380 2409 464 2439; x_wconf 83' lang='lat' dir='ltr'>enim</span> <span class='ocrx_word' id='word_1_208' title='bbox 502 2411 594 2441; x_wconf 82' lang='lat' dir='ltr'>sacris</span> <span class='ocrx_word' id='word_1_209' title='bbox 623 2412 755 2450; x_wconf 87' lang='lat' dir='ltr'>publicis</span> <span class='ocrx_word' id='word_1_210' title='bbox 784 2419 815 2443; x_wconf 88' lang='lat' dir='ltr'>et</span> <span class='ocrx_word' id='word_1_211' title='bbox 843 2412 970 2452; x_wconf 87' lang='lat' dir='ltr'>privatis</span> 
     </span>
     <span class='ocr_line' id='line_1_42' title="bbox 200 2454 967 2497; baseline 0.007 -15"><span class='ocrx_word' id='word_1_212' title='bbox 200 2458 353 2492; x_wconf 80' lang='lat' dir='ltr'>praeerat3</span> <span class='ocrx_word' id='word_1_213' title='bbox 391 2455 570 2496; x_wconf 63' lang='lat' dir='ltr'>venqicium</span> <span class='ocrx_word' id='word_1_214' title='bbox 609 2454 724 2486; x_wconf 86' lang='lat' dir='ltr'>dicitur</span> <span class='ocrx_word' id='word_1_215' title='bbox 753 2457 967 2497; x_wconf 80' lang='lat' dir='ltr'>Esquilinum,</span> 
     </span>
     <span class='ocr_line' id='line_1_43' title="bbox 201 2495 967 2539; baseline 0.004 -13"><span class='ocrx_word' id='word_1_216' title='bbox 201 2496 276 2536; x_wconf 90' lang='lat' dir='ltr'>quia</span> <span class='ocrx_word' id='word_1_217' title='bbox 297 2495 443 2527; x_wconf 85' lang='lat' dir='ltr'>veneficae</span> <span class='ocrx_word' id='word_1_218' title='bbox 465 2507 483 2527; x_wconf 92' lang='lat' dir='ltr'>e</span> <span class='ocrx_word' id='word_1_219' title='bbox 505 2503 611 2528; x_wconf 90' lang='lat' dir='ltr'>monte</span> <span class='ocrx_word' id='word_1_220' title='bbox 642 2498 811 2539; x_wconf 86' lang='lat' dir='ltr'>Esquilino</span> <span class='ocrx_word' id='word_1_221' title='bbox 838 2508 908 2529; x_wconf 87' lang='lat' dir='ltr'>ossa</span> <span class='ocrx_word' id='word_1_222' title='bbox 935 2505 967 2530; x_wconf 90' lang='lat' dir='ltr'>et</span> 
     </span>
     <span class='ocr_line' id='line_1_44' title="bbox 201 2539 966 2583; baseline 0.004 -14"><span class='ocrx_word' id='word_1_223' title='bbox 201 2539 321 2570; x_wconf 89' lang='lat' dir='ltr'>cineres</span> <span class='ocrx_word' id='word_1_224' title='bbox 343 2546 541 2571; x_wconf 84' lang='lat' dir='ltr'>mortuorum</span> <span class='ocrx_word' id='word_1_225' title='bbox 562 2541 602 2571; x_wconf 87' lang='lat' dir='ltr'>ad</span> <span class='ocrx_word' id='word_1_226' title='bbox 623 2541 697 2572; x_wconf 85' lang='lat' dir='ltr'>artis</span> <span class='ocrx_word' id='word_1_227' title='bbox 718 2541 849 2583; x_wconf 84' lang='lat' dir='ltr'>magicae</span> <span class='ocrx_word' id='word_1_228' title='bbox 872 2552 966 2572; x_wconf 89' lang='lat' dir='ltr'>usum</span> 
     </span>
     <span class='ocr_line' id='line_1_45' title="bbox 198 2583 468 2625; baseline 0.004 -12"><span class='ocrx_word' id='word_1_229' title='bbox 198 2590 304 2623; x_wconf 88' lang='lat' dir='ltr'>petere</span> <span class='ocrx_word' id='word_1_230' title='bbox 319 2583 468 2625; x_wconf 84' lang='lat' dir='ltr'>solebant.</span> 
     </span>
    </p>

    <p class='ocr_par' dir='ltr' id='par_1_22' title="bbox 197 2625 962 3015">
     <span class='ocr_line' id='line_1_46' title="bbox 244 2625 961 2668; baseline 0.004 -12"><span class='ocrx_word' id='word_1_231' title='bbox 244 2637 272 2657; x_wconf 86' lang='lat' dir='ltr'>v.</span> <span class='ocrx_word' id='word_1_232' title='bbox 298 2625 437 2657; x_wconf 75' lang='lat'><strong>60-64.</strong></span> <span class='ocrx_word' id='word_1_233' title='bbox 474 2628 557 2663; x_wconf 79' lang='lat' dir='ltr'>Quid</span> <span class='ocrx_word' id='word_1_234' title='bbox 579 2630 723 2668; x_wconf 78' lang='lat' dir='ltr'>proderat</span> <span class='ocrx_word' id='word_1_235' title='bbox 750 2629 861 2659; x_wconf 76' lang='lat' dir='ltr'>ditasse</span> <span class='ocrx_word' id='word_1_236' title='bbox 890 2634 961 2659; x_wconf 80' lang='lat' dir='ltr'>cett.</span> 
     </span>
     <span class='ocr_line' id='line_1_47' title="bbox 203 2670 961 2711; baseline 0.001 -10"><span class='ocrx_word' id='word_1_237' title='bbox 203 2670 320 2701; x_wconf 87' lang='lat' dir='ltr'>Sensus</span> <span class='ocrx_word' id='word_1_238' title='bbox 334 2677 366 2701; x_wconf 84' lang='lat' dir='ltr'>et</span> <span class='ocrx_word' id='word_1_239' title='bbox 379 2680 498 2702; x_wconf 76' lang='lat' dir='ltr'>nexus:</span> <span class='ocrx_word' id='word_1_240' title='bbox 528 2670 626 2708; x_wconf 82' lang='lat' dir='ltr'>Quid,</span> <span class='ocrx_word' id='word_1_241' title='bbox 643 2681 759 2711; x_wconf 86' lang='lat' dir='ltr'>quaeso,</span> <span class='ocrx_word' id='word_1_242' title='bbox 783 2670 808 2700; x_wconf 89' lang='lat' dir='ltr'>si</span> <span class='ocrx_word' id='word_1_243' title='bbox 830 2671 961 2711; x_wconf 90' lang='lat' dir='ltr'>impune</span> 
     </span>
     <span class='ocr_line' id='line_1_48' title="bbox 199 2713 961 2754; baseline 0.003 -11"><span class='ocrx_word' id='word_1_244' title='bbox 199 2714 268 2745; x_wconf 78' lang='lat' dir='ltr'>haec</span> <span class='ocrx_word' id='word_1_245' title='bbox 298 2713 399 2745; x_wconf 82' lang='lat' dir='ltr'>facere</span> <span class='ocrx_word' id='word_1_246' title='bbox 426 2724 541 2754; x_wconf 88' lang='lat' dir='ltr'>posses,</span> <span class='ocrx_word' id='word_1_247' title='bbox 570 2714 737 2754; x_wconf 85' lang='lat' dir='ltr'>profuisset</span> <span class='ocrx_word' id='word_1_248' title='bbox 772 2714 851 2744; x_wconf 90' lang='lat' dir='ltr'>mihi</span> <span class='ocrx_word' id='word_1_249' title='bbox 881 2721 961 2745; x_wconf 83' lang='lat' dir='ltr'>artes</span> 
     </span>
     <span class='ocr_line' id='line_1_49' title="bbox 199 2756 962 2799; baseline 0 -11"><span class='ocrx_word' id='word_1_250' title='bbox 199 2756 338 2798; x_wconf 80' lang='lat' dir='ltr'>magicas</span> <span class='ocrx_word' id='word_1_251' title='bbox 365 2767 430 2788; x_wconf 84' lang='lat' dir='ltr'>non</span> <span class='ocrx_word' id='word_1_252' title='bbox 459 2757 526 2788; x_wconf 85' lang='lat' dir='ltr'>siue</span> <span class='ocrx_word' id='word_1_253' title='bbox 560 2767 677 2799; x_wconf 82' lang='lat' dir='ltr'>magna</span> <span class='ocrx_word' id='word_1_254' title='bbox 704 2756 848 2787; x_wconf 84' lang='lat' dir='ltr'>mercede</span> <span class='ocrx_word' id='word_1_255' title='bbox 876 2758 962 2797; x_wconf 87' lang='lat' dir='ltr'>apud</span> 
     </span>
     <span class='ocr_line' id='line_1_50' title="bbox 199 2799 960 2841; baseline -0.001 -10"><span class='ocrx_word' id='word_1_256' title='bbox 199 2811 279 2831; x_wconf 86' lang='lat' dir='ltr'>anus</span> <span class='ocrx_word' id='word_1_257' title='bbox 303 2800 452 2841; x_wconf 86' lang='lat' dir='ltr'>Pelignas</span> <span class='ocrx_word' id='word_1_258' title='bbox 472 2800 624 2838; x_wconf 80' lang='lat' dir='ltr'>didicisse,</span> <span class='ocrx_word' id='word_1_259' title='bbox 647 2806 703 2831; x_wconf 85' lang='lat' dir='ltr'>aut</span> <span class='ocrx_word' id='word_1_260' title='bbox 723 2799 887 2840; x_wconf 82' lang='lat' dir='ltr'>praesentia</span> <span class='ocrx_word' id='word_1_261' title='bbox 908 2811 960 2831; x_wconf 88' lang='lat' dir='ltr'>ve-</span> 
     </span>
     <span class='ocr_line' id='line_1_51' title="bbox 199 2843 958 2880; baseline 0.001 -7"><span class='ocrx_word' id='word_1_262' title='bbox 199 2854 282 2875; x_wconf 78' lang='lat' dir='ltr'>nena</span> <span class='ocrx_word' id='word_1_263' title='bbox 306 2845 488 2875; x_wconf 80' lang='lat' dir='ltr'>miscuisse?</span> <span class='ocrx_word' id='word_1_264' title='bbox 535 2843 596 2875; x_wconf 89' lang='lat' dir='ltr'>Sed</span> <span class='ocrx_word' id='word_1_265' title='bbox 616 2854 680 2874; x_wconf 89' lang='lat' dir='ltr'>non</span> <span class='ocrx_word' id='word_1_266' title='bbox 706 2843 827 2874; x_wconf 89' lang='lat' dir='ltr'>inultus</span> <span class='ocrx_word' id='word_1_267' title='bbox 851 2843 958 2880; x_wconf 88' lang='lat' dir='ltr'>abibis,</span> 
     </span>
     <span class='ocr_line' id='line_1_52' title="bbox 199 2886 957 2930; baseline 0.001 -14"><span class='ocrx_word' id='word_1_268' title='bbox 199 2886 264 2918; x_wconf 89' lang='lat' dir='ltr'>imo</span> <span class='ocrx_word' id='word_1_269' title='bbox 285 2887 350 2919; x_wconf 87' lang='lat' dir='ltr'>fata</span> <span class='ocrx_word' id='word_1_270' title='bbox 370 2888 515 2926; x_wconf 82' lang='lat' dir='ltr'>tardiora,</span> <span class='ocrx_word' id='word_1_271' title='bbox 530 2897 625 2930; x_wconf 83' lang='lat' dir='ltr'>quam</span> <span class='ocrx_word' id='word_1_272' title='bbox 646 2893 744 2927; x_wconf 81' lang='lat' dir='ltr'>optas,</span> <span class='ocrx_word' id='word_1_273' title='bbox 759 2895 791 2917; x_wconf 88' lang='lat' dir='ltr'>te</span> <span class='ocrx_word' id='word_1_274' title='bbox 808 2893 957 2925; x_wconf 82' lang='lat' dir='ltr'>manent3</span> 
     </span>
     <span class='ocr_line' id='line_1_53' title="bbox 198 2929 959 2973; baseline 0.001 -14"><span class='ocrx_word' id='word_1_275' title='bbox 198 2939 271 2960; x_wconf 79' lang='lat' dir='ltr'>nam</span> <span class='ocrx_word' id='word_1_276' title='bbox 295 2932 358 2963; x_wconf 85' lang='lat' dir='ltr'>vita</span> <span class='ocrx_word' id='word_1_277' title='bbox 377 2931 474 2973; x_wconf 81' lang='lat' dir='ltr'>longa</span> <span class='ocrx_word' id='word_1_278' title='bbox 495 2938 527 2963; x_wconf 91' lang='lat' dir='ltr'>et</span> <span class='ocrx_word' id='word_1_279' title='bbox 546 2931 658 2962; x_wconf 83' lang='lat' dir='ltr'>misera</span> <span class='ocrx_word' id='word_1_280' title='bbox 678 2929 829 2961; x_wconf 81' lang='lat' dir='ltr'>trahenda</span> <span class='ocrx_word' id='word_1_281' title='bbox 842 2929 898 2961; x_wconf 86' lang='lat' dir='ltr'>tibi</span> <span class='ocrx_word' id='word_1_282' title='bbox 913 2937 959 2961; x_wconf 91' lang='lat' dir='ltr'>est</span> 
     </span>
     <span class='ocr_line' id='line_1_54' title="bbox 197 2973 956 3015; baseline 0.003 -12"><span class='ocrx_word' id='word_1_283' title='bbox 197 2982 236 3003; x_wconf 83' lang='lat' dir='ltr'>eo</span> <span class='ocrx_word' id='word_1_284' title='bbox 251 2973 322 3011; x_wconf 82' lang='lat' dir='ltr'>fine,</span> <span class='ocrx_word' id='word_1_285' title='bbox 346 2980 383 3005; x_wconf 86' lang='lat' dir='ltr'>ut</span> <span class='ocrx_word' id='word_1_286' title='bbox 396 2985 519 3015; x_wconf 83' lang='lat' dir='ltr'>semper</span> <span class='ocrx_word' id='word_1_287' title='bbox 533 2975 622 3007; x_wconf 86' lang='lat' dir='ltr'>novis</span> <span class='ocrx_word' id='word_1_288' title='bbox 635 2974 770 3007; x_wconf 76' lang='lat' dir='ltr'>sufficias</span> <span class='ocrx_word' id='word_1_289' title='bbox 791 2980 822 3006; x_wconf 87' lang='lat' dir='ltr'>et</span> <span class='ocrx_word' id='word_1_290' title='bbox 843 2984 956 3014; x_wconf 87' lang='lat' dir='ltr'>suppe-</span> 
     </span>
    </p>
   </div>
   <div class='ocr_carea' id='block_1_16' title="bbox 1000 1758 1785 3015">
    <p class='ocr_par' dir='ltr' id='par_1_23' title="bbox 1014 1758 1785 1843">
     <span class='ocr_line' id='line_1_55' title="bbox 1014 1758 1780 1802; baseline 0.003 -11"><span class='ocrx_word' id='word_1_291' title='bbox 1014 1759 1122 1791; x_wconf 82' lang='lat' dir='ltr'>diteris</span> <span class='ocrx_word' id='word_1_292' title='bbox 1142 1759 1314 1799; x_wconf 84' lang='lat' dir='ltr'>doloribus,</span> <span class='ocrx_word' id='word_1_293' title='bbox 1336 1759 1368 1790; x_wconf 88' lang='lat' dir='ltr'>h.</span> <span class='ocrx_word' id='word_1_294' title='bbox 1386 1769 1414 1791; x_wconf 80' lang='lat' dir='ltr'>e·</span> <span class='ocrx_word' id='word_1_295' title='bbox 1439 1758 1513 1791; x_wconf 81' lang='lat' dir='ltr'>novi</span> <span class='ocrx_word' id='word_1_296' title='bbox 1533 1769 1656 1802; x_wconf 67' lang='lat' dir='ltr'>suuper</span> <span class='ocrx_word' id='word_1_297' title='bbox 1675 1766 1708 1793; x_wconf 79' lang='lat' dir='ltr'>te</span> <span class='ocrx_word' id='word_1_298' title='bbox 1721 1761 1780 1795; x_wconf 82' lang='lat' dir='ltr'>do-</span> 
     </span>
     <span class='ocr_line' id='line_1_56' title="bbox 1014 1803 1785 1843; baseline 0 -9"><span class='ocrx_word' id='word_1_299' title='bbox 1014 1803 1096 1834; x_wconf 87' lang='lat' dir='ltr'>lores</span> <span class='ocrx_word' id='word_1_300' title='bbox 1111 1803 1278 1843; x_wconf 82' lang='lat' dir='ltr'>excipiant.</span> <span class='ocrx_word' id='word_1_301' title='bbox 1783 1816 1785 1819; x_wconf 95' lang='lat'>·</span> 
     </span>
    </p>

    <p class='ocr_par' dir='ltr' id='par_1_24' title="bbox 1008 1846 1780 2666">
     <span class='ocr_line' id='line_1_57' title="bbox 1058 1846 1255 1878; baseline 0.005 -1"><span class='ocrx_word' id='word_1_302' title='bbox 1058 1857 1088 1878; x_wconf 85' lang='lat' dir='ltr'>v.</span> <span class='ocrx_word' id='word_1_303' title='bbox 1113 1846 1255 1878; x_wconf 86' lang='lat'><strong>65-69.</strong></span> 
     </span>
     <span class='ocr_line' id='line_1_58' title="bbox 1012 1890 1780 1933; baseline 0.003 -12"><span class='ocrx_word' id='word_1_304' title='bbox 1012 1891 1091 1933; x_wconf 82' lang='lat' dir='ltr'>sata</span> <span class='ocrx_word' id='word_1_305' title='bbox 1106 1893 1181 1923; x_wconf 78' lang='lat' dir='ltr'>votis</span> <span class='ocrx_word' id='word_1_306' title='bbox 1203 1891 1341 1922; x_wconf 77' lang='lat' dir='ltr'>tardiora</span> <span class='ocrx_word' id='word_1_307' title='bbox 1362 1890 1397 1921; x_wconf 85' lang='lat' dir='ltr'>in</span> <span class='ocrx_word' id='word_1_308' title='bbox 1417 1901 1496 1922; x_wconf 76' lang='lat' dir='ltr'>vers,</span> <span class='ocrx_word' id='word_1_309' title='bbox 1519 1890 1573 1922; x_wconf 80' lang='lat'>62.</span> <span class='ocrx_word' id='word_1_310' title='bbox 1599 1891 1702 1933; x_wconf 78' lang='lat' dir='ltr'>magis</span> <span class='ocrx_word' id='word_1_311' title='bbox 1724 1903 1780 1923; x_wconf 88' lang='lat' dir='ltr'>ex-</span> 
     </span>
     <span class='ocr_line' id='line_1_59' title="bbox 1012 1933 1777 1975; baseline 0.004 -11"><span class='ocrx_word' id='word_1_312' title='bbox 1012 1933 1129 1973; x_wconf 77' lang='lat' dir='ltr'>plicat3</span> <span class='ocrx_word' id='word_1_313' title='bbox 1159 1934 1280 1974; x_wconf 82' lang='lat' dir='ltr'>optabis</span> <span class='ocrx_word' id='word_1_314' title='bbox 1301 1933 1440 1975; x_wconf 86' lang='lat' dir='ltr'>quidem,</span> <span class='ocrx_word' id='word_1_315' title='bbox 1462 1934 1516 1972; x_wconf 84' lang='lat' dir='ltr'>ait,</span> <span class='ocrx_word' id='word_1_316' title='bbox 1546 1945 1566 1966; x_wconf 86' lang='lat' dir='ltr'>a</span> <span class='ocrx_word' id='word_1_317' title='bbox 1586 1934 1777 1967; x_wconf 81' lang='lat' dir='ltr'>cruciatibus</span> 
     </span>
     <span class='ocr_line' id='line_1_60' title="bbox 1013 1977 1779 2019; baseline 0.003 -11"><span class='ocrx_word' id='word_1_318' title='bbox 1013 1978 1076 2008; x_wconf 86' lang='lat' dir='ltr'>tuis</span> <span class='ocrx_word' id='word_1_319' title='bbox 1097 1984 1130 2008; x_wconf 89' lang='lat' dir='ltr'>et</span> <span class='ocrx_word' id='word_1_320' title='bbox 1150 1977 1309 2009; x_wconf 80' lang='lat' dir='ltr'>laboribus</span> <span class='ocrx_word' id='word_1_321' title='bbox 1329 1977 1464 2015; x_wconf 83' lang='lat' dir='ltr'>liberari,</span> <span class='ocrx_word' id='word_1_322' title='bbox 1479 1978 1533 2009; x_wconf 86' lang='lat' dir='ltr'>sed</span> <span class='ocrx_word' id='word_1_323' title='bbox 1555 1988 1644 2019; x_wconf 81' lang='lat' dir='ltr'>aeque</span> <span class='ocrx_word' id='word_1_324' title='bbox 1662 1978 1779 2010; x_wconf 82' lang='lat' dir='ltr'>frustra</span> 
     </span>
     <span class='ocr_line' id='line_1_61' title="bbox 1014 2020 1779 2063; baseline 0.003 -12"><span class='ocrx_word' id='word_1_325' title='bbox 1014 2020 1146 2060; x_wconf 86' lang='lat' dir='ltr'>optabis,</span> <span class='ocrx_word' id='word_1_326' title='bbox 1169 2031 1206 2052; x_wconf 87' lang='lat' dir='ltr'>ac</span> <span class='ocrx_word' id='word_1_327' title='bbox 1230 2020 1394 2058; x_wconf 77' lang='lat' dir='ltr'>Tantalus,</span> <span class='ocrx_word' id='word_1_328' title='bbox 1413 2020 1629 2056; x_wconf 80' lang='lat' dir='ltr'>Prometheus,</span> <span class='ocrx_word' id='word_1_329' title='bbox 1645 2027 1678 2053; x_wconf 83' lang='lat' dir='ltr'>et</span> <span class='ocrx_word' id='word_1_330' title='bbox 1694 2022 1779 2063; x_wconf 80' lang='lat' dir='ltr'>Sisy-</span> 
     </span>
     <span class='ocr_line' id='line_1_62' title="bbox 1014 2064 1775 2106; baseline 0.003 -12"><span class='ocrx_word' id='word_1_331' title='bbox 1014 2065 1096 2104; x_wconf 88' lang='lat' dir='ltr'>phus</span> <span class='ocrx_word' id='word_1_332' title='bbox 1121 2075 1140 2095; x_wconf 87' lang='lat' dir='ltr'>a</span> <span class='ocrx_word' id='word_1_333' title='bbox 1165 2064 1265 2104; x_wconf 86' lang='lat' dir='ltr'>poeuis</span> <span class='ocrx_word' id='word_1_334' title='bbox 1285 2064 1491 2096; x_wconf 85' lang='lat' dir='ltr'>infernalibus</span> <span class='ocrx_word' id='word_1_335' title='bbox 1510 2064 1634 2096; x_wconf 73' lang='lat' dir='ltr'>libem-i</span> <span class='ocrx_word' id='word_1_336' title='bbox 1654 2071 1775 2106; x_wconf 78' lang='lat' dir='ltr'>optant.</span> 
     </span>
     <span class='ocr_line' id='line_1_63' title="bbox 1013 2107 1774 2152; baseline 0.003 -13"><span class='ocrx_word' id='word_1_337' title='bbox 1013 2110 1199 2150; x_wconf 60' lang='lat' dir='ltr'>—quietenu</span> <span class='ocrx_word' id='word_1_338' title='bbox 1216 2118 1377 2148; x_wconf 80' lang='lat' dir='ltr'>poenarum</span> <span class='ocrx_word' id='word_1_339' title='bbox 1391 2107 1615 2139; x_wconf 83' lang='lat' dir='ltr'>remissionem.</span> <span class='ocrx_word' id='word_1_340' title='bbox 1649 2109 1774 2152; x_wconf 74' lang='lat' dir='ltr'>irfidus,</span> 
     </span>
     <span class='ocr_line' id='line_1_64' title="bbox 1016 2151 1779 2188; baseline 0.001 -6"><span class='ocrx_word' id='word_1_341' title='bbox 1016 2151 1170 2182; x_wconf 84' lang='lat' dir='ltr'>Tantalus</span> <span class='ocrx_word' id='word_1_342' title='bbox 1199 2152 1283 2182; x_wconf 90' lang='lat' dir='ltr'>enim</span> <span class='ocrx_word' id='word_1_343' title='bbox 1311 2156 1475 2188; x_wconf 65' lang='lat' dir='ltr'>arcana,*a</span> <span class='ocrx_word' id='word_1_344' title='bbox 1495 2151 1576 2183; x_wconf 85' lang='lat' dir='ltr'>Jove</span> <span class='ocrx_word' id='word_1_345' title='bbox 1604 2151 1663 2182; x_wconf 86' lang='lat' dir='ltr'>sibi</span> <span class='ocrx_word' id='word_1_346' title='bbox 1694 2151 1779 2183; x_wconf 85' lang='lat' dir='ltr'>inter</span> 
     </span>
     <span class='ocr_line' id='line_1_65' title="bbox 1013 2194 1778 2237; baseline 0.004 -12"><span class='ocrx_word' id='word_1_347' title='bbox 1013 2195 1123 2234; x_wconf 88' lang='lat' dir='ltr'>epulas</span> <span class='ocrx_word' id='word_1_348' title='bbox 1137 2194 1311 2233; x_wconf 85' lang='lat' dir='ltr'>commissa,</span> <span class='ocrx_word' id='word_1_349' title='bbox 1327 2194 1444 2234; x_wconf 88' lang='lat' dir='ltr'>perfide</span> <span class='ocrx_word' id='word_1_350' title='bbox 1457 2194 1664 2237; x_wconf 75' lang='lat' dir='ltr'>evulgaverat.</span> <span class='ocrx_word' id='word_1_351' title='bbox 1686 2206 1778 2236; x_wconf 74' lang='lat' dir='ltr'>egens</span> 
     </span>
     <span class='ocr_line' id='line_1_66' title="bbox 1012 2237 1776 2279; baseline 0 -9"><span class='ocrx_word' id='word_1_352' title='bbox 1012 2240 1154 2279; x_wconf 79' lang='lat' dir='ltr'>benignae</span> <span class='ocrx_word' id='word_1_353' title='bbox 1173 2250 1292 2279; x_wconf 61' lang='grc' dir='ltr'>κενψον</span> <span class='ocrx_word' id='word_1_354' title='bbox 1320 2239 1415 2278; x_wconf 69' lang='lat' dir='ltr'>dapis,</span> <span class='ocrx_word' id='word_1_355' title='bbox 1438 2237 1540 2279; x_wconf 72' lang='lat' dir='ltr'>largas</span> <span class='ocrx_word' id='word_1_356' title='bbox 1561 2237 1689 2279; x_wconf 87' lang='lat' dir='ltr'>quidem</span> <span class='ocrx_word' id='word_1_357' title='bbox 1717 2238 1776 2270; x_wconf 71' lang='lat' dir='ltr'>nbi</span> 
     </span>
     <span class='ocr_line' id='line_1_67' title="bbox 1011 2280 1776 2322; baseline 0.001 -10"><span class='ocrx_word' id='word_1_358' title='bbox 1011 2281 1167 2322; x_wconf 83' lang='lat' dir='ltr'>appositas</span> <span class='ocrx_word' id='word_1_359' title='bbox 1187 2281 1282 2322; x_wconf 83' lang='lat' dir='ltr'>dapes</span> <span class='ocrx_word' id='word_1_360' title='bbox 1303 2280 1427 2312; x_wconf 75' lang='lat' dir='ltr'>videbat</span> <span class='ocrx_word' id='word_1_361' title='bbox 1443 2281 1606 2319; x_wconf 77' lang='lat' dir='ltr'>Tantalus,</span> <span class='ocrx_word' id='word_1_362' title='bbox 1621 2281 1684 2318; x_wconf 82' lang='lat' dir='ltr'>sed,</span> <span class='ocrx_word' id='word_1_363' title='bbox 1700 2291 1776 2313; x_wconf 86' lang='lat' dir='ltr'>cum</span> 
     </span>
     <span class='ocr_line' id='line_1_68' title="bbox 1012 2324 1775 2368; baseline 0 -12"><span class='ocrx_word' id='word_1_364' title='bbox 1012 2336 1064 2356; x_wconf 87' lang='lat' dir='ltr'>eas</span> <span class='ocrx_word' id='word_1_365' title='bbox 1085 2326 1131 2356; x_wconf 89' lang='lat' dir='ltr'>illi</span> <span class='ocrx_word' id='word_1_366' title='bbox 1154 2335 1219 2356; x_wconf 85' lang='lat' dir='ltr'>non</span> <span class='ocrx_word' id='word_1_367' title='bbox 1240 2325 1391 2366; x_wconf 86' lang='lat' dir='ltr'>attingere</span> <span class='ocrx_word' id='word_1_368' title='bbox 1411 2324 1528 2362; x_wconf 84' lang='lat' dir='ltr'>liceret,</span> <span class='ocrx_word' id='word_1_369' title='bbox 1543 2326 1624 2356; x_wconf 82' lang='lat' dir='ltr'>inter</span> <span class='ocrx_word' id='word_1_370' title='bbox 1637 2336 1706 2366; x_wconf 79' lang='lat' dir='ltr'>opes</span> <span class='ocrx_word' id='word_1_371' title='bbox 1722 2327 1775 2368; x_wconf 85' lang='lat' dir='ltr'>(ut</span> 
     </span>
     <span class='ocr_line' id='line_1_69' title="bbox 1011 2366 1772 2409; baseline 0.003 -11"><span class='ocrx_word' id='word_1_372' title='bbox 1011 2375 1117 2400; x_wconf 85' lang='lat' dir='ltr'>noster</span> <span class='ocrx_word' id='word_1_373' title='bbox 1137 2379 1231 2408; x_wconf 86' lang='lat' dir='ltr'>supra</span> <span class='ocrx_word' id='word_1_374' title='bbox 1246 2369 1318 2400; x_wconf 90' lang='grc' dir='ltr'><strong>ΙΙΙ.</strong></span> <span class='ocrx_word' id='word_1_375' title='bbox 1339 2366 1390 2399; x_wconf 89' lang='lat'>16.</span> <span class='ocrx_word' id='word_1_376' title='bbox 1407 2367 1478 2409; x_wconf 77' lang='grc'>28.)</span> <span class='ocrx_word' id='word_1_377' title='bbox 1494 2370 1581 2409; x_wconf 75' lang='lat' dir='ltr'>inops</span> <span class='ocrx_word' id='word_1_378' title='bbox 1594 2375 1670 2406; x_wconf 82' lang='lat' dir='ltr'>erat,</span> <span class='ocrx_word' id='word_1_379' title='bbox 1691 2369 1724 2399; x_wconf 81' lang='lat' dir='ltr'>h.</span> <span class='ocrx_word' id='word_1_380' title='bbox 1741 2379 1772 2400; x_wconf 84' lang='lat' dir='ltr'>e.</span> 
     </span>
     <span class='ocr_line' id='line_1_70' title="bbox 1011 2412 1774 2452; baseline 0.001 -10"><span class='ocrx_word' id='word_1_381' title='bbox 1011 2412 1094 2443; x_wconf 84' lang='lat' dir='ltr'>inter</span> <span class='ocrx_word' id='word_1_382' title='bbox 1113 2412 1233 2443; x_wconf 82' lang='lat' dir='ltr'>medias</span> <span class='ocrx_word' id='word_1_383' title='bbox 1253 2412 1349 2452; x_wconf 77' lang='lat' dir='ltr'>dapes</span> <span class='ocrx_word' id='word_1_384' title='bbox 1368 2412 1453 2443; x_wconf 80' lang='lat' dir='ltr'>fame</span> <span class='ocrx_word' id='word_1_385' title='bbox 1473 2413 1679 2450; x_wconf 82' lang='lat' dir='ltr'>enecabatur;</span> <span class='ocrx_word' id='word_1_386' title='bbox 1701 2414 1774 2443; x_wconf 79' lang='lat' dir='ltr'>obli-</span> 
     </span>
     <span class='ocr_line' id='line_1_71' title="bbox 1009 2454 1770 2496; baseline -0.003 -9"><span class='ocrx_word' id='word_1_387' title='bbox 1009 2462 1103 2496; x_wconf 81' lang='lat' dir='ltr'>gatus</span> <span class='ocrx_word' id='word_1_388' title='bbox 1132 2458 1209 2493; x_wconf 72' lang='lat' dir='ltr'>aliti,</span> <span class='ocrx_word' id='word_1_389' title='bbox 1231 2455 1402 2486; x_wconf 84' lang='lat' dir='ltr'>destinatus</span> <span class='ocrx_word' id='word_1_390' title='bbox 1424 2461 1456 2486; x_wconf 89' lang='lat' dir='ltr'>et</span> <span class='ocrx_word' id='word_1_391' title='bbox 1483 2455 1613 2486; x_wconf 84' lang='lat' dir='ltr'>devotus</span> <span class='ocrx_word' id='word_1_392' title='bbox 1640 2454 1770 2493; x_wconf 86' lang='lat' dir='ltr'>vulturi,</span> 
     </span>
     <span class='ocr_line' id='line_1_72' title="bbox 1008 2497 1772 2539; baseline -0.001 -10"><span class='ocrx_word' id='word_1_393' title='bbox 1008 2499 1065 2539; x_wconf 90' lang='lat' dir='ltr'>qui</span> <span class='ocrx_word' id='word_1_394' title='bbox 1079 2506 1142 2530; x_wconf 84' lang='lat' dir='ltr'>tam</span> <span class='ocrx_word' id='word_1_395' title='bbox 1157 2500 1190 2529; x_wconf 90' lang='lat' dir='ltr'>in</span> <span class='ocrx_word' id='word_1_396' title='bbox 1213 2506 1321 2530; x_wconf 89' lang='lat' dir='ltr'>monte</span> <span class='ocrx_word' id='word_1_397' title='bbox 1345 2499 1495 2535; x_wconf 82' lang='lat' dir='ltr'>Caucaso,</span> <span class='ocrx_word' id='word_1_398' title='bbox 1510 2508 1607 2539; x_wconf 80' lang='lat' dir='ltr'>quam</span> <span class='ocrx_word' id='word_1_399' title='bbox 1627 2497 1663 2528; x_wconf 88' lang='lat' dir='ltr'>iu</span> <span class='ocrx_word' id='word_1_400' title='bbox 1686 2498 1772 2529; x_wconf 86' lang='lat' dir='ltr'>Orco</span> 
     </span>
     <span class='ocr_line' id='line_1_73' title="bbox 1012 2541 1771 2584; baseline 0.001 -12"><span class='ocrx_word' id='word_1_401' title='bbox 1012 2542 1071 2584; x_wconf 81' lang='lat' dir='ltr'>(cf.</span> <span class='ocrx_word' id='word_1_402' title='bbox 1085 2553 1180 2582; x_wconf 89' lang='lat' dir='ltr'>supra</span> <span class='ocrx_word' id='word_1_403' title='bbox 1197 2543 1245 2574; x_wconf 92' lang='lat'>11.</span> <span class='ocrx_word' id='word_1_404' title='bbox 1267 2541 1317 2573; x_wconf 89' lang='grc'>13.</span> <span class='ocrx_word' id='word_1_405' title='bbox 1335 2541 1407 2582; x_wconf 84' lang='grc'>37.)</span> <span class='ocrx_word' id='word_1_406' title='bbox 1425 2541 1604 2573; x_wconf 81' lang='lat' dir='ltr'>Promethei</span> <span class='ocrx_word' id='word_1_407' title='bbox 1625 2550 1679 2571; x_wconf 82' lang='lat' dir='ltr'>cor</span> <span class='ocrx_word' id='word_1_408' title='bbox 1699 2551 1771 2573; x_wconf 79' lang='lat' dir='ltr'>exe-</span> 
     </span>
     <span class='ocr_line' id='line_1_74' title="bbox 1009 2582 1773 2626; baseline 0.001 -10"><span class='ocrx_word' id='word_1_409' title='bbox 1009 2585 1105 2616; x_wconf 87' lang='lat' dir='ltr'>deret.</span> <span class='ocrx_word' id='word_1_410' title='bbox 1146 2588 1301 2626; x_wconf 78' lang='lat' dir='ltr'>Sisyphus,</span> <span class='ocrx_word' id='word_1_411' title='bbox 1317 2586 1357 2616; x_wconf 86' lang='lat' dir='ltr'>cf.</span> <span class='ocrx_word' id='word_1_412' title='bbox 1377 2595 1470 2625; x_wconf 82' lang='lat' dir='ltr'>supra</span> <span class='ocrx_word' id='word_1_413' title='bbox 1486 2584 1534 2615; x_wconf 88' lang='lat'>11.</span> <span class='ocrx_word' id='word_1_414' title='bbox 1552 2582 1603 2614; x_wconf 79' lang='lat'>14.</span> <span class='ocrx_word' id='word_1_415' title='bbox 1619 2582 1671 2614; x_wconf 76' lang='lat'>20.</span> <span class='ocrx_word' id='word_1_416' title='bbox 1690 2586 1773 2626; x_wconf 75' lang='lat' dir='ltr'>leges</span> 
     </span>
     <span class='ocr_line' id='line_1_75' title="bbox 1008 2627 1609 2666; baseline -0.007 -5"><span class='ocrx_word' id='word_1_417' title='bbox 1008 2631 1100 2666; x_wconf 73' lang='lat' dir='ltr'>Jovis,</span> <span class='ocrx_word' id='word_1_418' title='bbox 1115 2628 1180 2659; x_wconf 76' lang='lat' dir='ltr'>fata</span> <span class='ocrx_word' id='word_1_419' title='bbox 1194 2629 1290 2660; x_wconf 85' lang='lat' dir='ltr'>semel</span> <span class='ocrx_word' id='word_1_420' title='bbox 1304 2639 1324 2659; x_wconf 83' lang='lat' dir='ltr'>a</span> <span class='ocrx_word' id='word_1_421' title='bbox 1337 2629 1419 2660; x_wconf 87' lang='lat' dir='ltr'>Jove</span> <span class='ocrx_word' id='word_1_422' title='bbox 1432 2627 1609 2658; x_wconf 76' lang='lat' dir='ltr'>constituta.</span> 
     </span>
    </p>

    <p class='ocr_par' dir='ltr' id='par_1_25' title="bbox 1000 2671 1767 3015">
     <span class='ocr_line' id='line_1_76' title="bbox 1050 2671 1763 2704; baseline 0.001 -2"><span class='ocrx_word' id='word_1_423' title='bbox 1050 2682 1078 2701; x_wconf 77' lang='lat' dir='ltr'>v-</span> <span class='ocrx_word' id='word_1_424' title='bbox 1107 2671 1244 2702; x_wconf 70' lang='lat' dir='ltr'>‘zo-75.</span> <span class='ocrx_word' id='word_1_425' title='bbox 1278 2673 1362 2702; x_wconf 83' lang='lat' dir='ltr'>Voles</span> <span class='ocrx_word' id='word_1_426' title='bbox 1389 2673 1477 2702; x_wconf 81' lang='lat' dir='ltr'>modo</span> <span class='ocrx_word' id='word_1_427' title='bbox 1506 2676 1579 2701; x_wconf 85' lang='lat' dir='ltr'>cett.</span> <span class='ocrx_word' id='word_1_428' title='bbox 1627 2671 1763 2704; x_wconf 83' lang='lat' dir='ltr'>Sensus:</span> 
     </span>
     <span class='ocr_line' id='line_1_77' title="bbox 1008 2713 1767 2751; baseline 0 -6"><span class='ocrx_word' id='word_1_429' title='bbox 1008 2715 1162 2751; x_wconf 84' lang='lat' dir='ltr'>Quamvis</span> <span class='ocrx_word' id='word_1_430' title='bbox 1182 2721 1218 2745; x_wconf 83' lang='lat' dir='ltr'>tu</span> <span class='ocrx_word' id='word_1_431' title='bbox 1240 2722 1346 2745; x_wconf 87' lang='lat' dir='ltr'>autem</span> <span class='ocrx_word' id='word_1_432' title='bbox 1369 2714 1419 2744; x_wconf 84' lang='lat' dir='ltr'>vel</span> <span class='ocrx_word' id='word_1_433' title='bbox 1439 2713 1521 2744; x_wconf 86' lang='lat' dir='ltr'>saltu</span> <span class='ocrx_word' id='word_1_434' title='bbox 1535 2724 1573 2744; x_wconf 88' lang='lat' dir='ltr'>ex</span> <span class='ocrx_word' id='word_1_435' title='bbox 1588 2714 1658 2744; x_wconf 85' lang='lat' dir='ltr'>altis</span> <span class='ocrx_word' id='word_1_436' title='bbox 1671 2715 1767 2746; x_wconf 87' lang='lat' dir='ltr'>turri·</span> 
     </span>
     <span class='ocr_line' id='line_1_78' title="bbox 1004 2756 1765 2799; baseline 0.001 -11"><span class='ocrx_word' id='word_1_437' title='bbox 1004 2759 1073 2794; x_wconf 86' lang='lat' dir='ltr'>bus,</span> <span class='ocrx_word' id='word_1_438' title='bbox 1090 2757 1138 2788; x_wconf 85' lang='lat' dir='ltr'>vel</span> <span class='ocrx_word' id='word_1_439' title='bbox 1153 2757 1258 2799; x_wconf 86' lang='lat' dir='ltr'>gladio</span> <span class='ocrx_word' id='word_1_440' title='bbox 1272 2757 1306 2787; x_wconf 87' lang='lat' dir='ltr'>in</span> <span class='ocrx_word' id='word_1_441' title='bbox 1326 2763 1436 2797; x_wconf 84' lang='lat' dir='ltr'>pectus</span> <span class='ocrx_word' id='word_1_442' title='bbox 1450 2756 1571 2795; x_wconf 83' lang='lat' dir='ltr'>adacto,</span> <span class='ocrx_word' id='word_1_443' title='bbox 1587 2757 1636 2788; x_wconf 85' lang='lat' dir='ltr'>vel</span> <span class='ocrx_word' id='word_1_444' title='bbox 1651 2758 1765 2799; x_wconf 84' lang='lat' dir='ltr'>laqueo</span> 
     </span>
     <span class='ocr_line' id='line_1_79' title="bbox 1003 2799 1765 2842; baseline 0.003 -12"><span class='ocrx_word' id='word_1_445' title='bbox 1003 2801 1124 2842; x_wconf 83' lang='lat' dir='ltr'>gutturi</span> <span class='ocrx_word' id='word_1_446' title='bbox 1137 2810 1270 2838; x_wconf 86' lang='lat' dir='ltr'>annexo,</span> <span class='ocrx_word' id='word_1_447' title='bbox 1286 2800 1380 2831; x_wconf 83' lang='lat' dir='ltr'>vitam</span> <span class='ocrx_word' id='word_1_448' title='bbox 1403 2799 1494 2831; x_wconf 84' lang='lat' dir='ltr'>finire</span> <span class='ocrx_word' id='word_1_449' title='bbox 1508 2799 1542 2830; x_wconf 89' lang='lat' dir='ltr'>in</span> <span class='ocrx_word' id='word_1_450' title='bbox 1557 2800 1698 2832; x_wconf 87' lang='lat' dir='ltr'>animum</span> <span class='ocrx_word' id='word_1_451' title='bbox 1713 2801 1765 2832; x_wconf 89' lang='lat' dir='ltr'>in-</span> 
     </span>
     <span class='ocr_line' id='line_1_80' title="bbox 1003 2842 1762 2884; baseline 0.001 -10"><span class='ocrx_word' id='word_1_452' title='bbox 1003 2844 1139 2881; x_wconf 83' lang='lat' dir='ltr'>duxeris,</span> <span class='ocrx_word' id='word_1_453' title='bbox 1155 2850 1261 2874; x_wconf 88' lang='lat' dir='ltr'>tamen</span> <span class='ocrx_word' id='word_1_454' title='bbox 1276 2854 1294 2874; x_wconf 86' lang='lat' dir='ltr'>a</span> <span class='ocrx_word' id='word_1_455' title='bbox 1313 2842 1482 2880; x_wconf 82' lang='lat' dir='ltr'>fastidiosa,</span> <span class='ocrx_word' id='word_1_456' title='bbox 1504 2853 1566 2884; x_wconf 85' lang='lat' dir='ltr'>qua</span> <span class='ocrx_word' id='word_1_457' title='bbox 1587 2844 1762 2883; x_wconf 81' lang='lat' dir='ltr'>maceraris,</span> 
     </span>
     <span class='ocr_line' id='line_1_81' title="bbox 1002 2886 1765 2928; baseline 0.003 -11"><span class='ocrx_word' id='word_1_458' title='bbox 1002 2886 1185 2928; x_wconf 80' lang='lat' dir='ltr'>aegrimonia</span> <span class='ocrx_word' id='word_1_459' title='bbox 1205 2886 1290 2918; x_wconf 84' lang='lat' dir='ltr'>haud</span> <span class='ocrx_word' id='word_1_460' title='bbox 1304 2893 1336 2917; x_wconf 89' lang='lat' dir='ltr'>te</span> <span class='ocrx_word' id='word_1_461' title='bbox 1350 2887 1479 2918; x_wconf 84' lang='lat' dir='ltr'>liberare</span> <span class='ocrx_word' id='word_1_462' title='bbox 1500 2887 1626 2926; x_wconf 84' lang='lat' dir='ltr'>poteris,</span> <span class='ocrx_word' id='word_1_463' title='bbox 1641 2893 1673 2918; x_wconf 89' lang='lat' dir='ltr'>et</span> <span class='ocrx_word' id='word_1_464' title='bbox 1685 2894 1765 2919; x_wconf 88' lang='lat' dir='ltr'>tunc</span> 
     </span>
     <span class='ocr_line' id='line_1_82' title="bbox 1001 2929 1761 2970; baseline 0.003 -10"><span class='ocrx_word' id='word_1_465' title='bbox 1001 2930 1057 2961; x_wconf 87' lang='lat' dir='ltr'>tibi</span> <span class='ocrx_word' id='word_1_466' title='bbox 1079 2931 1262 2970; x_wconf 11' lang='lat' dir='ltr'>haswpoenas</span> <span class='ocrx_word' id='word_1_467' title='bbox 1280 2930 1450 2961; x_wconf 83' lang='lat' dir='ltr'>exsolventi</span> <span class='ocrx_word' id='word_1_468' title='bbox 1465 2930 1650 2962; x_wconf 86' lang='lat' dir='ltr'>insolentius</span> <span class='ocrx_word' id='word_1_469' title='bbox 1662 2929 1761 2962; x_wconf 79' lang='lat' dir='ltr'>insul-</span> 
     </span>
     <span class='ocr_line' id='line_1_83' title="bbox 1000 2973 1764 3015; baseline 0 -11"><span class='ocrx_word' id='word_1_470' title='bbox 1000 2975 1081 3005; x_wconf 83' lang='lat' dir='ltr'>tabo.</span> <span class='ocrx_word' id='word_1_471' title='bbox 1111 2976 1233 3011; x_wconf 82' lang='lat' dir='ltr'>Norico,</span> <span class='ocrx_word' id='word_1_472' title='bbox 1249 2973 1407 3015; x_wconf 85' lang='lat' dir='ltr'>epitheton</span> <span class='ocrx_word' id='word_1_473' title='bbox 1422 2983 1546 3014; x_wconf 84' lang='lat' dir='ltr'>ornans,</span> <span class='ocrx_word' id='word_1_474' title='bbox 1560 2981 1598 3007; x_wconf 90' lang='lat' dir='ltr'>ut</span> <span class='ocrx_word' id='word_1_475' title='bbox 1613 2983 1707 3014; x_wconf 78' lang='lat' dir='ltr'>supra</span> <span class='ocrx_word' id='word_1_476' title='bbox 1728 2973 1764 3005; x_wconf 76' lang='lat'>1.-</span> 
     </span>
    </p>
   </div>
   <div class='ocr_carea' id='block_1_17' title="bbox 1281 1847 1779 1889">
    <p class='ocr_par' dir='ltr' id='par_1_26' title="bbox 1281 1847 1779 1889">
     <span class='ocr_line' id='line_1_84' title="bbox 1281 1847 1779 1889; baseline 0.008 -12"><span class='ocrx_word' id='word_1_477' title='bbox 1281 1847 1374 1888; x_wconf 80' lang='lat' dir='ltr'>optat</span> <span class='ocrx_word' id='word_1_478' title='bbox 1386 1848 1521 1889; x_wconf 76' lang='lat' dir='ltr'>quietem</span> <span class='ocrx_word' id='word_1_479' title='bbox 1541 1853 1614 1879; x_wconf 81' lang='lat' dir='ltr'>cett.</span> <span class='ocrx_word' id='word_1_480' title='bbox 1641 1847 1779 1881; x_wconf 75' lang='lat' dir='ltr'>Canidia</span> 
     </span>
    </p>
   </div>
   <div class='ocr_carea' id='block_1_18' title="bbox 967 3021 1002 3049">
    <p class='ocr_par' dir='ltr' id='par_1_27' title="bbox 967 3021 1002 3049">
     <span class='ocr_line' id='line_1_85' title="bbox 967 3021 1002 3049; baseline 0.029 -1"><span class='ocrx_word' id='word_1_481' title='bbox 967 3021 1002 3049; x_wconf 81' lang='lat'>11</span> 
     </span>
    </p>
   </div>
  </div>
 </body>
</html>
