1904 3250
221 167 306 206 430

852 165 1166 210 HORATII

1600 172 1713 222 [Lm.
1740 183 1790 210 11.

339 292 544 343 Quisnam
566 292 694 348 igitur
714 289 856 333 liber?
889 292 1080 347 Sapiens,
1103 293 1182 334 sibi
1203 294 1274 351 qui
1295 295 1544 351 imperiosus
1561 310 1572 344 3

336 362 475 412 Quem
497 376 632 418 neque
652 361 888 416 pauperieS,
910 375 1046 417 neque
1066 372 1351 420 mors‚'neque
1371 363 1537 406 vincula
1557 371 1740 414 terrent;

248 434 302 472 85
338 431 602 487 Responsare
623 428 903 484 cupidinibus,
927 438 1193 473 contemnere
1212 428 1394 475 honores

335 501 473 543 Fortis
489 517 500 550 3
532 508 574 542 et
593 500 638 540 in
658 514 702 541 se
722 500 815 556 ipso
835 508 961 552 totuS,
983 508 1107 553 teres,
1129 508 1255 558 atque
1275 498 1493 556 rotundus,

332 573 512 615 Externi
532 588 586 614 ne
606 572 710 629 quid
729 573 866 614 valeat
884 588 961 630 per
981 573 1073 616 leve
1092 574 1263 625 morari,

331 643 386 685 In
406 658 531 699 quem
550 657 699 684 manca
720 643 805 684 ruit
825 658 991 700 semper
1014 643 1215 686 Fortuna.

1279 644 1475 696 Potesne,

330 711 401 753 Ex
420 712 485 753 his
506 719 554 754 ut
573 713 793 768 proprium
815 712 917 770 quid
937 712 1145 755 noscere?
1177 713 1379 771 Quinque
1399 714 1552 757 talenta

245 787 299 825 90
332 783 476 826 Poscit
495 792 537 826 te
556 784 721 835 mulier,
743 792 881 836 vexat,
904 784 1148 844 foribusque
1168 786 1384 843 repulsum

330 857 555 900 Perfundit
573 857 735 916 gelida3
768 873 913 900 rursus
934 867 1078 901 vocat:
1110 860 1226 916 eripe
1246 860 1359 915 turpi

330 927 454 970 Colla
466 929 584 986 jugo.

649 928 792 979 Liber,
814 928 1048 980 liber‘sum‚
1071 929 1140 971 dic
1160 944 1249 986 age.

1313 928 1413 970 Non
1433 930 1553 986 quisi:

328 1001 469 1059 Urget
488 1001 599 1043 enim
620 1001 814 1043 dominus
836 1010 1019 1044 mentem
1039 1017 1125 1043 non
1146 1002 1265 1053 lenis,
1287 1010 1330 1044 et
1349 1018 1466 1044 acres

329 1072 544 1128 Subjectat
562 1072 673 1113 lasso
694 1072 896 1124 stimulos,
919 1079 1140 1130 versatque
1161 1081 1400 1130 negantem.

242 1148 296 1187 95
328 1144 409 1187 Vel
430 1160 560 1201 quum
583 1144 787 1187 Pausiaca
806 1153 961 1201 torpeS,
983 1146 1143 1196 insane,
1166 1145 1335 1196 tabella,

328 1216 417 1268 Qui
437 1233 585 1274 peccas
606 1219 744 1260 minus
765 1227 890 1276 atque
911 1234 1004 1276 ego,
1027 1234 1158 1275 quum
1181 1217 1303 1260 Fulvi
1330 1218 1614 1276 Rutubaeque,

209 1355 259 1386 vel
273 1354 417 1386 animalis
430 1356 596 1397 cujusdam
618 1366 637 1388 e
657 1355 747 1398 ligno
764 1355 972 1397 exsculptum

209 1406 241 1430 et
265 1398 506 1437 conformatum,
529 1400 621 1442 cujus
641 1402 782 1431 membra
804 1402 972 1431 moveban-

209 1449 263 1473 tur
277 1443 379 1473 nervis
399 1443 464 1474 sive
487 1443 649 1475 funiculis.
698 1444 869 1485 Ejusmodi
891 1444 972 1485 figu-

209 1496 269 1524 ras,
270 1499 491 1536 'sogam-awa,
508 1486 609 1530 (apud
631 1497 706 1518 nos:
734 1487 971 1528 Marionettem)

208 1528 290 1560 lucr‘i
305 1530 438 1560 faciendi
454 1541 549 1562 causa
563 1530 824 1561 circumferebant
845 1539 876 1561 et
898 1541 972 1561 con-

208 1573 367 1612 spicienda
395 1574 601 1613 expediebant
629 1574 782 1611 homines,
812 1574 867 1615 qui
888 1574 973 1614 apud

213 1617 341 1647 Graecos
355 1616 504 1647 dicuntur
519 1618 735 1660 νευροσπάστῃ.
785 1617 869 1648 Vide
882 1617 923 1648 ad
936 1618 968 1648 h.

209 1660 231 1690 l.
251 1661 415 1703 Heindorf
433 1660 537 1701 quiin
550 1662 631 1692 hanc
650 1671 717 1691 rem
739 1660 846 1692 attulit
867 1661 974 1692 locum

209 1714 249 1734 ex
266 1704 365 1743 Apul.
384 1703 423 1734 de
439 1704 613 1744 Mundop.
629 1703 682 1735 70.
697 1704 747 1736 ed.
761 1707 971 1737 Elmenhorst.

208 1748 273 1784 Illi,
289 1749 343 1788 qui
357 1749 391 1778 in
404 1749 543 1788 ligneolis
557 1750 721 1780 hominum
737 1750 857 1791 figuris
868 1755 973 1788 gestus

207 1796 338 1828 movent,
355 1794 479 1832 quando
489 1793 591 1834 filum
605 1793 744 1826 membri,
760 1795 842 1831 quod
862 1793 974 1831 agitari

207 1836 289 1870 solet,
319 1836 480 1870 traxerint,
504 1836 695 1875 torquebitur
717 1836 825 1870 cervix.
850 1836 974 1865 nutabit

207 1884 312 1917 caput,
327 1879 409 1908 oculi
430 1879 607 1913 vibrabunt,
630 1889 747 1909 manus
769 1880 812 1908 ad
833 1879 974 1909 ministe-

206 1922 292 1955 rium
303 1927 416 1961 praesto
430 1928 535 1959 erunt,
550 1932 608 1953 nec
627 1923 785 1953 invenuste
806 1927 888 1953 totus
910 1922 967 1963 (sc.

205 1964 262 2005 qui
275 1965 527 2005 repraesentatur)
544 1966 696 1996 videbitur
709 1967 814 1997 vivere.
834 1964 896 1995 vid.
911 1965 971 1995 im-

204 2008 316 2048 primis
346 2010 474 2039 Rultnk.
507 2007 548 2039 ad
579 2008 694 2039 Timaei
718 2009 799 2039 Lex.
827 2008 908 2039 Plat.
935 2018 968 2049 p.

210 2050 272 2082 140
287 2058 318 2082 et
335 2050 406 2082 14⁴1.
425 2053 484 2083 sub
498 2062 574 2083 voce
589 2053 749 2092 θαύματα.

249 2106 277 2125 v.
303 2094 355 2125 83.
376 2097 431 2126 sibi
445 2097 499 2136 qui
519 2097 707 2136 imperiosus,
730 2095 786 2136 qui
807 2095 840 2126 in
863 2106 896 2127 se
920 2094 969 2135 ip-

205 2149 276 2169 sum
292 2138 459 2178 imperium
475 2145 607 2177 exercet,
631 2150 664 2170 se
688 2140 794 2179 ipsum
817 2145 971 2179 temperat

206 2188 239 2212 et
252 2182 442 2219 moderatur,
458 2192 490 2213 se
504 2182 608 2221 ipsum
623 2182 658 2213 in
672 2193 770 2214 manu
785 2193 843 2214 sua
863 2184 967 2214 habet.

249 2235 278 2256 v.
304 2224 357 2256 85.
386 2228 578 2265 Responsare
592 2228 788 2267 cupidinibus
802 2244 846 2251 —
858 2228 971 2264 Fortis,

205 2278 246 2299 ex
270 2277 346 2299 noto
375 2269 568 2300 Graecismo·
593 2269 683 2300 fortis
707 2270 740 2300 in
754 2270 974 2310 responsando.

208 2315 404 2353 Responsare
418 2322 482 2343 non
497 2318 555 2349 est,
570 2319 606 2343 ut
628 2313 762 2353 explicat
791 2315 966 2345 Gesnerus:

206 2356 378 2387 detrectare
413 2355 610 2396 imperium;
638 2356 693 2387 sed
721 2368 895 2398 responsare
920 2357 970 2387 vel

206 2402 390 2440 respondere
404 2401 600 2439 cupidinibus
615 2399 787 2431 dicuntur
777 2401 810 2437 ii,
833 2401 889 2440 qui
914 2410 969 2431 cu-

205 2443 366 2482 pidinibus
376 2442 554 2474 coercendis
565 2453 654 2482 pares
666 2451 760 2482 sunt;
782 2444 826 2474 sic
840 2443 945 2474 infra
935 2454 970 2474 in

206 2487 265 2517 hac
279 2486 373 2517 satira
387 2497 415 2517 v.
437 2484 508 2516 103.
534 2488 630 2517 virtus
641 2489 786 2518 —coenis
810 2493 970 2527 responsat

206 2532 325 2570 opimis,
339 2529 453 2570 opimis
466 2529 562 2560 coenis
576 2530 812 2561 contemnendis
826 2540 882 2570 par
901 2536 968 2568 est3

208 2573 311 2612 Epist.
335 2573 363 2604 Ι.
385 2572 413 2604 l.
432 2572 485 2604 68.
511 2574 665 2605 Fortunae
685 2575 824 2614 superbae
844 2585 969 2614 respon-

206 2627 276 2648 sare
286 2633 298 2654 ,-
323 2617 426 2657 Epist.
444 2616 494 2648 11.
512 2615 544 2646 2.
560 2614 613 2646 48.
632 2628 722 2648 arma
744 2618 874 2649 Caesaris
896 2619 967 2648 Au-

204 2662 289 2700 gusti
317 2672 382 2692 non
409 2671 590 2701 responsura
621 2661 701 2702 (non
729 2660 815 2700 paria
842 2659 966 2701 futura)

205 2705 337 2735 lacertis.

250 2758 279 2778 v.
297 2746 350 2785 86,
367 2745 421 2778 87.
445 2747 482 2779 in
495 2748 602 2788 seipso
617 2752 706 2783 totus,
730 2746 824 2778 unice
845 2746 969 2778 defixus

205 2791 241 2821 iu
255 2801 289 2821 se
302 2791 371 2832 ipso
385 2790 584 2830 explorando,
610 2790 716 2821 omnia
741 2790 782 2821 ad
806 2791 966 2821 internum

205 2834 305 2864 animi
332 2834 457 2865 cultum
484 2834 639 2872 referens3
672 2833 783 2865 Cicero
814 2833 970 2865 Paradox.

211 2876 261 2908 ll.
311 2880 413 2910 Nemo
423 2884 519 2919 potest
534 2889 601 2910 non
614 2878 804 2909 beatissimus
818 2888 889 2915 esse,
913 2879 968 2919 qui

207 2927 288 2952 totus
302 2928 452 2963 aptussst
466 2933 501 2953 ex
513 2932 587 2959 sese,
602 2922 657 2962 qui
681 2922 716 2952 in
740 2932 771 2952 se
793 2932 858 2952 uno
879 2923 966 2961 ponit

207 2966 323 2996 omnia.
390 2971 468 2998 teres
492 2972 586 3009 atque
608 2966 761 2998 rotundus
781 2983 824 2991 —
849 2965 967 2998 Vossius

1015 1356 1123 1388 vertit:
1147 1359 1301 1398 ger-undet
1329 1360 1399 1389 und
1419 1359 1554 1398 lcuglicht
1565 1374 1577 1395 ;
1601 1367 1704 1396 causa,
1727 1368 1783 1389 cur

1015 1400 1053 1438 is,
1083 1400 1138 1441 qui
1168 1407 1250 1432 totus
1278 1408 1323 1432 est
1351 1402 1385 1431 in
1413 1401 1538 1432 interno
1558 1402 1657 1432 animi
1680 1401 1780 1438 cultu,

1015 1444 1198 1484 aequiparari
1212 1445 1309 1483 possit
1322 1446 1412 1476 tereti
1425 1451 1457 1475 et
1470 1448 1602 1477 rotundo
1617 1445 1712 1486 globo
1732 1447 1782 1476 vel

1015 1487 1155 1526 sphaerae,
1179 1487 1282 1518 statim
1306 1487 1480 1530 subjicitur,
1505 1499 1546 1520 ne
1566 1490 1641 1529 quid
1666 1491 1783 1520 externi

1017 1533 1170 1573 (externae
1184 1530 1284 1561 sordis
1297 1531 1346 1562 vel
1369 1531 1457 1567 labis,
1484 1530 1656 1572 pravitatis)
1683 1534 1782 1563 valeat

1012 1585 1070 1615 per
1083 1575 1146 1605 leve
1163 1575 1233 1615 (per
1246 1580 1327 1605 teres
1348 1581 1380 1606 et
1399 1575 1574 1606 rotundum
1599 1585 1713 1614 corpus
1736 1575 1781 1606 le-

1016 1616 1173 1658 vigatum)
1189 1619 1314 1656 morari,
1336 1618 1444 1649 sedem
1466 1618 1615 1655 invenire,
1637 1619 1780 1656 residere,

1016 1660 1196 1699 adhaerere3
1226 1661 1401 1692 Horatium
1428 1661 1570 1693 imitatus
1597 1667 1645 1693 est
1675 1662 1780 1694 Auso-

1017 1703 1091 1735 nius
1107 1703 1203 1744 Idyu.
1223 1704 1325 1735 XVI.

1059 1746 1676 1790 v.88.1nquemmamaruitsemper
1698 1751 1782 1782 For-

1015 1797 1105 1827 tuna,
1136 1789 1170 1819 in
1206 1790 1332 1831 qualem
1361 1801 1485 1831 semper
1511 1791 1639 1823 fortuna
1667 1803 1781 1824 muca

1019 1832 1206 1875 (imbecillis,
1223 1834 1391 1874 impotens,
1415 1834 1504 1866 irrito
1525 1835 1655 1876 conatu)
1680 1835 1782 1876 impe-

1016 1883 1086 1907 tum
1099 1876 1184 1907 facit.

1057 1930 1086 1951 v.
1112 1918 1166 1951 89.
1194 1922 1328 1953 Potesne
1353 1923 1407 1954 Ea·
1430 1924 1487 1960 his,
1513 1929 1551 1954 ut
1572 1933 1678 1964 propr.
1705 1926 1780 1965 quid

1014 1974 1096 1995 nosc·
1088 1985 1112 2001 ·,
1134 1969 1263 2013 potesne
1284 1974 1324 1995 ex
1348 1965 1408 2003 his,
1437 1976 1510 2007 quae
1535 1965 1620 1997 dicta
1644 1973 1719 1998 sunt
1739 1967 1780 1998 de

1013 2007 1161 2047 sapientis
1185 2007 1360 2044 virtutibus,
1383 2008 1629 2041 animadvertere
1649 2009 1778 2050 aliquid,

1013 2050 1099 2092 quod
1113 2050 1170 2082 tibi
1184 2052 1346 2092 proprium
1360 2051 1408 2090 sit,
1432 2053 1482 2083 vel
1506 2052 1592 2096 quod
1613 2053 1647 2083 in
1672 2059 1704 2084 te
1726 2064 1777 2084 ca-

1014 2095 1093 2125 dat?
1224 2112 1227 2117 ·

1057 2148 1086 2169 v.
1122 2137 1175 2169 90.
1206 2145 1303 2177 vexat,
1333 2139 1559 2171 contumeliose
1587 2145 1618 2170 te
1645 2145 1776 2178 tractam

1010 2183 1131 2223 probris
1159 2188 1188 2214 et
1217 2184 1386 2215 maledictis
1412 2194 1519 2216 verare
1543 2184 1677 2225 aliquem
1697 2183 1778 2215 dixit

1018 2226 1084 2257 Cic.
1098 2236 1128 2266 p.
1146 2225 1249 2256 Flacc.
1268 2236 1295 2257 c.
1314 2225 1367 2258 20.

1059 2280 1088 2300 v.
1113 2267 1166 2300 91.
1188 2270 1297 2309 gelida,
1313 2280 1355 2301 sc.
1372 2279 1462 2311 uqua-

1054 2323 1084 2343 v.
1110 2312 1163 2343 92.
1179 2315 1267 2345 -Non
1290 2315 1366 2354 quis,
1393 2323 1458 2344 non
1478 2318 1571 2353 'potes
1595 2319 1633 2344 ut
1657 2323 1771 2351 servus,

1012 2356 1068 2397 qui
1082 2362 1168 2396 paret
1182 2355 1321 2394 domiuo,
1337 2357 1369 2386 h.
1388 2366 1416 2387 e.
1434 2356 1550 2394 animo,
1565 2356 1621 2397 qui
1644 2356 1775 2389 libidine

1012 2410 1046 2430 se
1060 2399 1127 2441 regi
1141 2406 1173 2430 et
1185 2398 1298 2439 corripi
1311 2399 1439 2439 patitur.

1055 2454 1084 2474 v.
1110 2441 1162 2473 94.
1190 2443 1276 2478 lasso,
1292 2442 1467 2484 languere
1456 2453 1490 2473 m
1503 2452 1610 2474 amore
1621 2442 1771 2484 incipien-

1012 2486 1047 2524 ti,
1111 2491 1272 2535 versatque
1292 2492 1465 2527 negantem,
1492 2492 1524 2517 et
1544 2494 1773 2529 repugnantem

1012 2535 1196 2565 commovet,
1210 2527 1328 2560 incitat.

1055 2583 1084 2604 v.
1101 2571 1241 2603 95-98.
1274 2574 1334 2610 Vel,
1358 2578 1395 2603 ut
1419 2572 1507 2604 aliud
1530 2583 1618 2604 exem
1621 2573 1710 2614 plum
1731 2574 1772 2606 de

1011 2616 1177 2658 hominum
1211 2615 1333 2647 insania
1367 2615 1518 2653 afferam;
1551 2616 1591 2648 de
1621 2619 1681 2649 hoc
1709 2629 1771 2650 usu

1010 2659 1170 2699 particulae
1183 2661 1231 2691 vel
1244 2658 1306 2690 vid.
1323 2661 1451 2691 Ernest.
1477 2660 1511 2690 in
1536 2661 1623 2692 Clav.
1651 2661 1717 2693 Cic.
1742 2673 1768 2693 s.

1011 2713 1040 2733 ν.
1065 2705 1120 2735 vel.
1214 2704 1321 2738 Quum
1345 2705 1502 2735 Pausiaca
1528 2711 1600 2736 cett.
1629 2705 1765 2737 Sensus.

1014 2745 1185 2783 Quomodo
1206 2753 1252 2784 tu,
1276 2745 1392 2783 insane,
1414 2757 1487 2778 cum
1515 2747 1550 2778 in
1578 2749 1771 2789 contempla-

1009 2791 1094 2821 tione
1107 2788 1230 2820 tabellae
1246 2788 1406 2820 Pausiacae
1421 2796 1546 2830 stupore
1567 2798 1679 2832 torpes,
1706 2793 1767 2823 mi-

1010 2843 1070 2864 nus
1083 2843 1201 2873 peccas,
1216 2842 1310 2873 quam
1325 2843 1395 2874 ego,
1423 2844 1513 2864 cum
1521 2835 1676 2867 nobilium
1699 2835 1769 2877 gla-

1009 2876 1165 2907 diatorum
1194 2881 1307 2906 statum
1338 2877 1387 2907 vel
1414 2877 1559 2919 gradum,
1588 2885 1620 2910 et
1648 2879 1765 2920 proelia,

1009 2919 1132 2951 rubrica
1145 2925 1201 2950 aut
1214 2921 1348 2951 carbone
1370 2921 1461 2960 picta,
1488 2921 1592 2953 miror.
1678 2925 1767 2955 Pau—

1010 2965 1092 2997 siaca
1107 2964 1226 3002 tabella,
1242 2962 1290 2996 de
1295 2963 1487 2997 nobilissimo
1500 2965 1618 3006 pictore
1634 2968 1764 3004 Faucia,
