1904 3250
223 176 312 217 506

860 171 1171 216 HORATII

1642 180 1750 229 [mn.
1773 186 1804 218 1.
1848 176 1851 179 ’

252 304 310 342 40
342 301 651 343 Grammaticas
672 300 832 341 ambire
853 300 988 341 tribus
1009 307 1052 340 et
1071 299 1235 355 pulpita
1253 298 1428 358 dignor:

345 374 460 415 Hinc
480 373 565 414 illae
585 373 771 414 lacrimae
791 372 801 415 !

867 372 1020 428 Spissis
1042 371 1217 429 indigna
1235 372 1409 415 theatris

346 443 514 498 Scripta
533 441 667 498 pudet
686 442 877 492 recitare,
900 449 942 483 et
961 442 1088 499 nugis
1109 441 1266 483 addere
1285 442 1465 498 pondus,

348 512 393 553 Si
414 511 527 560 dixi3
559 510 685 561 rides,
708 511 779 561 ait,
801 518 845 552 et
867 510 984 552 Jovis
1005 510 1179 551 auribus
1199 510 1280 551 ista

275 591 285 600 ’
346 580 523 629 Servas3
553 579 651 621 fidis
672 580 786 620 enim
806 594 978 621 manare
998 579 1164 636 poetica
1183 579 1310 621 mella

257 656 313 694 45
346 651 412 694 Te
434 651 585 703 solum,
608 653 685 694 tibi
705 651 896 709 pulcher.

959 652 1034 693 Ad
1053 652 1146 694 haec
1167 667 1248 709 ego
1267 652 1439 694 naribus
1460 654 1521 694 uti

346 725 550 767 Formido
567 741 576 766 :
608 734 664 776 et,
686 725 884 767 luctantis
906 733 1030 766 acuto
1050 740 1104 767 ne
1125 740 1242 785 secer
1261 725 1409 782 ungui,

343 795 556 851 Displicet
575 796 655 837 iste
673 795 805 846 locus,
829 794 979 846 clamo,
1001 802 1044 836 et
1063 794 1226 849 diludia
1244 809 1390 850 posco.

347 864 498 906 Ludus
519 865 632 906 enim
652 865 801 922 genuit
819 863 1034 920 trepidum
1053 872 1267 905 certamen
1287 871 1330 906 et
1348 864 1467 914 iram,

346 939 418 980 Ira
437 948 577 981 truces
598 939 835 980 inimicitias
856 947 898 981 et
917 938 1095 980 funebre
1114 937 1286 980 bellum.

228 1079 332 1111 Erant
345 1084 415 1109 tum
435 1079 550 1109 Romae
565 1078 681 1118 plures,
704 1078 759 1119 qui
780 1077 899 1109 altioris
920 1077 996 1109 doc-

226 1123 318 1153 trinae
346 1121 486 1160 laudem,
512 1122 563 1153 vel
592 1122 698 1162 potius
719 1121 855 1162 speciem
875 1132 941 1162 prae
963 1132 996 1152 se

224 1166 371 1203 ferentes,
387 1165 543 1197 auditoria
564 1165 652 1206 quasi
674 1165 840 1205 aperirent,
866 1165 902 1196 in
926 1166 997 1206 qui-

225 1211 286 1241 bus
300 1210 429 1240 recitata
443 1221 462 1240 a
477 1209 681 1249 scriptoribus
701 1215 758 1240 aut
778 1211 995 1249 probarentur,

225 1260 258 1284 et
286 1264 306 1284 a
334 1253 628 1293 reprehensionibus
655 1252 909 1289 defenderentur,
937 1255 997 1283 ‘aut

225 1297 478 1337 improbarentur
505 1303 538 1328 et
566 1296 802 1328 damnarentur.
853 1297 994 1334 Horum,

226 1351 307 1382 quos
321 1340 400 1371 salse
414 1347 506 1371 vocat
531 1342 763 1376 Grammaticos,
780 1340 998 1379 impudentius

223 1384 262 1414 in
282 1385 377 1415 rebus
405 1384 506 1415 doctis
527 1383 746 1415 auctoritatem
774 1382 914 1424 aliquam
939 1383 998 1414 sibi

225 1427 453 1470 arrogantium,
476 1428 656 1458 societatem
679 1435 711 1458 et
734 1426 998 1458 consuetudinem

224 1482 300 1503 cum
325 1472 452 1512 fugeret
478 1471 643 1507 Horatius,
674 1470 785 1512 iniqua
806 1470 936 1501 illorum
957 1469 998 1501 de

226 1515 419 1546 carminibus
447 1514 512 1545 suis
535 1521 682 1555 expertus
707 1521 754 1545 est
770 1513 902 1554 judicia,
925 1524 998 1554 quae

224 1566 333 1589 tamen
368 1558 525 1589 Horatius
553 1568 666 1598 parum
689 1558 826 1595 curavit;
861 1557 910 1587 uti
932 1558 998 1587 fere

225 1609 333 1633 nostra
347 1609 439 1633 aetate
460 1604 586 1643 iniquas
601 1611 722 1639 eorum,
737 1601 793 1642 qui
806 1607 998 1633 recensentes

225 1645 370 1681 audiunt,
388 1656 502 1685 parum
516 1655 665 1676 curamus
679 1644 858 1676 sententias-
940 1656 997 1676 πο-

223 1690 343 1726 bilium,
370 1699 427 1729 per
450 1689 596 1726 ironiam,
620 1695 658 1719 ut
678 1688 812 1719 videtur.
903 1690 997 1725 ultor,

224 1733 279 1774 qui
301 1732 439 1773 aliquem
462 1743 482 1763 a
502 1731 753 1772 reprehensione,
780 1730 999 1762 criminatione

223 1776 275 1806 vel
296 1775 413 1817 injuria
433 1775 539 1816 aliqua
558 1775 710 1814 defendit,
725 1776 752 1805 is
766 1774 836 1816 ejus
849 1781 896 1806 est
909 1774 999 1816 quasi

223 1821 320 1857 ultor,
338 1819 462 1854 vindex,
480 1825 640 1858 patronus.

267 1874 297 1893 v.
322 1861 377 1900 40,
399 1861 454 1893 41.
480 1864 605 1897 ambire,
631 1862 687 1902 qui
715 1860 855 1892 studiose
877 1860 999 1901 aliquid

223 1913 384 1938 sectantur
405 1913 437 1937 et
458 1911 624 1945 appetunt,
641 1905 673 1936 id
695 1907 813 1936 ambire
834 1904 995 1935 dicuntur.

223 1968 268 1975 —
287 1952 428 1982 Gramm.
454 1951 534 1987 trib„
568 1948 867 1985 Grammaticorum,
897 1956 935 1979 ut
956 1949 999 1979 ita

223 1994 339 2031 dicam,
351 1993 486 2034 collegia
500 1993 600 2024 facete
614 1993 758 2023 nominat
768 1994 868 2024 tribus
884 1993 999 2024 Gram-

224 2039 365 2074 maticas,
388 2037 477 2078 quasi
499 2047 597 2076 penes
622 2047 674 2067 eas
696 2037 751 2076 jus
775 2035 998 2077 suffragiorum

223 2082 289 2111 sive
305 2080 408 2112 laudis
421 2079 646 2111 distribuendae
660 2086 797 2120 potestas
810 2079 859 2110 sit.
908 2081 998 2111 Hinc

223 2126 286 2156 illae
311 2126 450 2156 lacrimae
463 2126 480 2155 ,Ι
517 2124 592 2154 hinc
618 2123 788 2163 repetenda
810 2130 858 2153 est
885 2123 1000 2154 Gram-

225 2168 414 2199 maticorum
429 2167 579 2208 iniqnitas
595 2176 627 2197 et
641 2166 881 2200 malevolentia!
923 2166 1001 2197 Hoc

226 2211 347 2242 dictum
375 2211 519 2242 Terentii
544 2210 632 2241 And.
657 2211 685 2241 I.
715 2209 743 2240 l.
767 2210 821 2241 99.
836 2211 904 2250 jam
929 2217 1000 2240 tum

227 2255 269 2286 de
284 2255 430 2296 querelis,
446 2264 582 2296 quarum
597 2264 691 2285 causa
705 2254 834 2285 tandem
848 2253 998 2294 aperitur,

226 2299 259 2329 in
275 2299 475 2338 proverbium
491 2297 576 2328 abiit.

269 2353 299 2372 v.
317 2340 371 2380 41,
388 2341 442 2372 42.
475 2343 584 2383 Spissis
605 2342 736 2381 indigna
761 2343 895 2376 theatris,
911 2346 998 2378 cett„

225 2385 326 2426 pudet
355 2396 408 2416 me
436 2385 586 2422 carmina,
616 2385 702 2415 haud
725 2384 832 2426 digna,
863 2395 935 2424 quae
965 2384 999 2414 in

224 2430 306 2465 loco,
323 2429 379 2460 ubi
394 2439 513 2470 magna
535 2428 702 2458 hominum
725 2428 901 2469 frequentia
921 2438 998 2458 con-

225 2473 320 2509 venit,
344 2471 525 2508 audiantur,
549 2471 679 2502 recitare
701 2478 733 2502 et
758 2473 866 2513 (nugis
886 2473 998 2502 addere

220 2518 361 2557 pondus)
378 2516 458 2546 levia
472 2515 602 2546 reddere
618 2514 697 2545 velle
712 2515 830 2555 gravia.
892 2516 1000 2555 Sldssis

226 2561 364 2594 theatris,
391 2559 474 2589 infra
502 2558 604 2598 Epist.
631 2558 682 2588 ΙΙ.
711 2557 739 2587 l.
759 2557 813 2588 60.
838 2561 939 2589 Romu
956 2576 1000 2582 —

226 2610 312 2634 arcto
335 2605 449 2643 stipata
472 2605 602 2638 theatro,
629 2607 661 2632 et
682 2601 766 2632 infra
787 2602 821 2631 in
838 2602 941 2641 Epist.
960 2601 1000 2632 ad

228 2646 295 2678 Pis.
313 2645 389 2677 205.
414 2647 511 2685 spissa
526 2647 641 2677 sedilia.

270 2701 300 2720 v.
318 2688 460 2721 43-45.
485 2691 577 2727 rides,
601 2690 655 2725 ait,
679 2694 763 2724 cett„
787 2687 832 2718 ait
852 2687 967 2729 aliquis
981 2699 999 2718 e

226 2733 311 2764 tribu
345 2733 580 2765 Grammatica:
607 2739 643 2763 tu
671 2742 728 2762 nos
753 2731 847 2768 ludis,
874 2738 907 2762 et
931 2742 999 2762 car-

226 2778 315 2807 mina
336 2784 393 2808 tua
418 2777 559 2818 Augusti
581 2775 710 2806 auribus
724 2785 826 2805 servas
838 2786 848 2812 ;
873 2785 999 2813 persua..

226 2831 299 2850 sum
313 2822 399 2851 enim
421 2820 478 2851 tibi
500 2821 595 2851 habes
611 2819 736 2862 (fides),
753 2825 786 2848 te
802 2828 868 2847 esse
882 2820 997 2855 solum,

227 2875 246 2894 a
262 2864 353 2906 cujus
368 2875 420 2896 ore
442 2874 571 2895 manare
591 2863 712 2904 possint
731 2861 872 2893 carmina
895 2862 996 2892 melli-

1750 1081 1803 1115 ait,

1039 1129 1076 1153 ut
1090 1121 1206 1162 passim
1220 1122 1333 1163 inquit,
1349 1120 1502 1160 absolute,
1517 1122 1572 1153 nbi
1586 1122 1723 1154 incertus
1736 1124 1807 1164 qui-

1039 1166 1115 1196 dam
1129 1165 1262 1206 loquens
1275 1165 1325 1195 vel
1338 1164 1530 1204 respondens
1542 1165 1724 1204 inducitur;
1741 1167 1804 1197 vid.

1039 1211 1145 1241 Bentl.
1173 1208 1214 1239 ad
1239 1209 1303 1239 Sat.
1331 1207 1361 1239 I.
1385 1206 1417 1238 4.
1442 1207 1495 1240 79.
1585 1221 1717 1242 manare
1732 1220 1807 1241 cum

1038 1252 1225 1289 accusativo,
1241 1261 1317 1292 pro:
1344 1251 1497 1291 emittere,
1519 1252 1623 1291 edere,
1645 1253 1806 1291 exsudare,

1042 1296 1137 1328 Ovid.
1153 1296 1234 1327 Met.
1257 1295 1320 1326 VI.
1338 1294 1416 1326 312.
1496 1303 1527 1328 et
1541 1299 1687 1329 lacrimas
1699 1299 1808 1329 etiam-

1040 1352 1121 1372 num
1135 1351 1294 1371 marmora
1309 1346 1456 1378 manant,
1476 1340 1532 1372 ubi
1553 1340 1646 1380 plura
1666 1341 1810 1381 exempla

1039 1383 1081 1415 de
1102 1384 1162 1414 hoc
1182 1383 1279 1424 hujus
1299 1383 1386 1413 verbi
1407 1393 1470 1414 usu
1490 1383 1620 1426 collegit
1641 1386 1688 1416 N.
1708 1386 1810 1416 Hein-

1041 1429 1127 1464 sius,·
1151 1426 1295 1457 similiter
1307 1425 1392 1457 infra
1411 1426 1447 1456 in
1470 1426 1573 1466 Epist.
1587 1427 1628 1458 ad
1645 1427 1710 1459 Pis.
1729 1427 1806 1459 429.

1041 1481 1143 1501 rorem
1157 1471 1270 1510 aliquis
1284 1481 1320 1501 ez·
1333 1471 1429 1501 oculis
1442 1472 1560 1502 stillare
1581 1470 1706 1503 dicitur.
1757 1473 1808 1504 Sic

1041 1514 1106 1556 ῥέειν
1121 1514 1154 1544 ‹ra'
1165 1513 1251 1554 apud
1269 1513 1408 1544 Graecos.

1084 1567 1113 1587 v.
1139 1555 1184 1587 45
1208 1566 1293 1598 seqq.
1324 1556 1558 1588 Sententiarum
1583 1567 1685 1590 nexus
1711 1559 1810 1601 hujus

1041 1602 1138 1632 totius
1150 1600 1212 1631 loci
1226 1599 1306 1630 mihi
1320 1599 1444 1631 videtur
1457 1611 1525 1637 esse
1545 1601 1615 1632 hic:
1642 1602 1808 1641 Horatius,

1041 1644 1098 1686 qui
1111 1655 1131 1675 a
1145 1654 1179 1674 se
1191 1644 1360 1684 impetrare
1381 1654 1447 1674 non
1466 1645 1580 1684 pomit,
1607 1652 1646 1676 ut
1667 1647 1810 1678 carmina

1041 1698 1100 1718 sua
1112 1687 1256 1718 recitaret
1270 1696 1375 1718 coram
1387 1686 1539 1722 tribunali
1551 1689 1719 1721 hominum
1733 1691 1811 1722 isto-

1041 1741 1125 1768 rum,
1166 1730 1223 1772 qui
1258 1736 1358 1761 artem
1394 1731 1536 1762 criticam
1563 1735 1750 1765 exercebant
1776 1735 1811 1765 in

1042 1774 1218 1815 scriptores,
1233 1784 1262 1804 v.
1280 1772 1334 1804 42.
1354 1783 1388 1804 se
1401 1781 1531 1806 excusat
1551 1776 1637 1815 apud
1657 1775 1731 1808 illos
1750 1789 1811 1818 pu-

1042 1818 1128 1855 dore,
1143 1828 1208 1858 quo
1229 1828 1248 1848 a
1270 1816 1470 1857 praelectione
1491 1828 1651 1860 nugarum
1680 1831 1811 1857 suarum

1041 1861 1234 1900 retineatur;
1249 1881 1294 1886 —
1307 1860 1407 1891 critici
1420 1862 1628 1901 respondent:
1657 1863 1811 1904 Superbia

1042 1905 1150 1944 potius
1170 1914 1207 1935 tu
1229 1915 1248 1935 a
1262 1903 1454 1935 carminibus
1468 1905 1533 1937 tuis
1551 1907 1720 1938 recitandis
1733 1909 1810 1939 reti-

1041 1949 1146 1987 neris;
1163 1954 1198 1979 tu
1214 1948 1300 1978 enim
1315 1953 1477 1988 tamquam
1490 1949 1635 1981 omnium
1644 1957 1810 1991 poetarum

1042 1992 1164 2031 primus
1188 1991 1329 2032 Augusti
1351 1998 1477 2022 tantum
1498 1994 1627 2024 auribus
1646 1994 1744 2036 digna
1757 2006 1809 2027 ca-

1042 2045 1117 2066 nere
1131 2036 1188 2066 tibi
1202 2034 1324 2066 videris.
1363 2035 1418 2065 Ad
1432 2036 1509 2072 haec,
1524 2036 1615 2077 quasi
1629 2047 1700 2068 vere
1713 2037 1807 2076 dicta,

1041 2078 1187 2110 consulto
1202 2079 1359 2109 Horatius
1371 2078 1451 2110 nihil
1464 2080 1642 2119 respondet,
1656 2080 1712 2112 sed
1725 2082 1814 2113 addit

1044 2129 1168 2153 tantum
1182 2135 1190 2153 :
1218 2122 1305 2153 Nolo
1319 2122 1456 2153 dicteriis
1469 2123 1630 2154 vobiscum
1645 2134 1808 2166 puguare;

1044 2176 1119 2196 nam
1138 2166 1300 2197 vobiscum
1314 2165 1471 2207 pugnanti
1483 2166 1616 2197 timendi
1629 2174 1704 2198 sunt
1717 2169 1811 2200 vestri

1044 2220 1193 2251 ungues3
1231 2210 1307 2240 nolo
1334 2210 1448 2240 versari
1475 2209 1511 2240 in
1539 2209 1619 2247 loeo,
1650 2211 1706 2242 ubi
1735 2212 1810 2244 huic

1043 2263 1163 2294 pugnae
1177 2253 1337 2292 expositus
1350 2262 1422 2284 sum
1433 2265 1444 2290 ;
1469 2253 1590 2284 venIam
1604 2263 1644 2284 ex
1659 2255 1719 2285 hoc
1733 2255 1811 2286 ludo

1044 2296 1183 2327 abeundi
1206 2303 1300 2336 peto;
1324 2307 1364 2327 ex
1386 2295 1464 2327 ludo
1477 2297 1562 2327 enim
1585 2307 1650 2328 non
1663 2308 1734 2329 raro
1748 2299 1811 2330 ori-

1042 2346 1096 2370 tur
1121 2347 1278 2371 certamen
1303 2346 1336 2371 et
1355 2339 1413 2377 ira,
1440 2350 1479 2370 ex
1503 2341 1551 2371 ira
1574 2340 1748 2372 inimicitiae
1777 2350 1811 2374 et

1043 2383 1172 2415 bellum.

1075 2432 1114 2458 *v.
1128 2425 1269 2457 45—47.
1293 2428 1424 2458 naribus
1447 2428 1498 2458 nli
1522 2427 1738 2472 (μνιτηρίζειι)
1761 2429 1811 2461 di-

1042 2477 1169 2508 cuntur,
1199 2471 1254 2511 qui
1283 2480 1361 2500 naso
1389 2479 1515 2500 sursum
1543 2476 1643 2502 tmcto
1670 2472 1810 2514 aliquem

1043 2513 1155 2549 rident,
1171 2514 1220 2544 vel
1236 2515 1288 2555 (ut
1310 2512 1466 2544 Horatius
1479 2523 1574 2553 supra
1590 2515 1655 2545 Sat.
1676 2515 1705 2547 1.
1723 2516 1756 2548 6.
1773 2516 1806 2548 5.

1043 2557 1198 2598 loquitur)
1213 2568 1289 2588 naso
1310 2558 1432 2588 adunco
1450 2558 1586 2598 aliquem
1600 2563 1808 2600 suspendunt.

1043 2618 1087 2626 —
1101 2602 1221 2632 diludia
1246 2599 1352 2631 Schol.
1369 2600 1467 2641 Cruq.
1489 2603 1640 2634 dicuntur
1660 2610 1811 2645 tempora,

1043 2656 1114 2686 quae
1140 2644 1363 2684 gladiatoribus
1392 2646 1608 2677 conceduntur
1635 2648 1718 2679 inter
1745 2650 1811 2680 dies

1043 2699 1223 2724 munerum,
1247 2689 1359 2728 quihus
1375 2694 1543 2727 pugnatur
1552 2704 1564 2726 ;
1589 2699 1664 2730 ergo
1673 2692 1741 2732 jam
1757 2701 1809 2722 ac-

1038 1078 1179 1116 tissima3
1203 1083 1240 1109 tu
1254 1058 1310 1108 tibi
1325 1077 1386 1118 ipsi
1399 1076 1532 1109 mirifice
1545 1078 1668 1118 places!

1042 2730 1240 2762 commodate
1253 2730 1294 2760 ad
1308 2740 1375 2760 rem
1390 2730 1430 2760 de
1444 2738 1595 2772 tempore,
1610 2743 1674 2774 quo
1696 2733 1812 2765 luden-
1854 2752 1863 2764 ι

1042 2774 1127 2806 tibus
1141 2784 1261 2805 cessare
1274 2773 1322 2804 vel
1340 2773 1452 2804 ludum
1467 2775 1672 2808 intermittere
1686 2777 1769 2809 licet.

1086 2828 1114 2848 v.
1133 2816 1186 2848 48.
1208 2819 1327 2858 genuit,
1342 2818 1474 2860 gignere
1487 2819 1575 2852 solet.
1639 2823 1813 2863 trepidum,

1042 2861 1284 2894 tumultuosum·

1110 2951 1150 2979 11
