1904 3250
238 143 293 183 66

866 141 1168 185 HORATII

1625 148 1732 196 [un.
1755 159 1785 187 ι.

353 267 498 324 Ipsum
517 282 584 310 me
604 268 750 311 melior
770 284 900 326 quum
919 276 1079 325 peteret
1101 268 1255 319 Venus,

353 341 488 384 Grata
507 341 684 384 detinuit
703 341 904 397 compede
926 340 1111 397 Myrtale

271 415 321 453 15
353 411 582 464 Libertina,
603 412 696 454 freti
717 411 852 453 acrior
874 409 1051 452 Hadriae

753 480 976 522 Curvantis
999 477 1201 521 Calabros
1222 479 1350 521 sinus.

750 694 1016 738 CARMEN
1049 695 1272 738 XXXIV.

350 842 526 884 PARCUS
547 840 738 883 Deorum
759 839 894 881 cultor
914 847 956 881 et
975 838 1229 896 infrequens,

348 914 596 956 Insanientis
618 913 718 955 dum
740 912 953 969 sapientiae

407 983 634 1027 Consultus
654 999 762 1034 erro,
784 997 896 1024 nunc
916 990 1151 1024 retrorsum

463 1055 568 1097 Vela
588 1054 700 1106 dare,
723 1062 848 1110 atque
867 1053 1018 1095 iterare
1038 1067 1184 1095 cursus

230 1217 272 1239 sc·
290 1216 396 1238 amore
409 1205 459 1236 vel
473 1205 577 1244 coitu3
601 1205 644 1236 sic
667 1206 812 1236 Venerem
826 1215 898 1236 cum
913 1210 983 1236 tru-

229 1252 313 1283 cibus
323 1251 406 1294 feris
417 1249 554 1290 jungere
575 1249 653 1280 dixit
677 1248 795 1279 Tibull.
823 1248 851 1279 I.
877 1247 908 1279 9.
927 1247 979 1279 76.

229 1294 270 1326 ef.
298 1295 410 1326 Heius.
442 1292 483 1324 ad
514 1292 606 1324 Ovid.
643 1291 775 1324 Remed.
810 1293 885 1322 Am.
905 1290 980 1323 407.

229 1355 274 1362 —
287 1344 371 1378 turp.
385 1348 470 1377 pecc.
486 1339 571 1368 adul.
596 1336 760 1367 inhonesto
785 1336 858 1376 Cyri
880 1346 986 1367 amore

228 1381 400 1412 castitatem
422 1391 511 1410 suam
526 1379 624 1419 pollui
638 1380 782 1419 patiatur.
872 1381 922 1411 Sic
942 1381 986 1411 Μ’,-

228 1436 300 1456 rum
329 1426 448 1462 Veneri,
462 1423 599 1454 formula
614 1423 653 1454 de
667 1425 769 1460 rebus,
785 1433 867 1464 quae,
884 1422 929 1453 uti
945 1433 984 1453 ex

227 1468 389 1499 voluntate
426 1473 458 1498 et
485 1467 607 1498 decreto
643 1466 773 1497 deorum
806 1466 983 1497 constitutae

227 1518 311 1547 sunt,
326 1512 371 1542 ita
384 1511 451 1541 fieri
466 1512 594 1542 omnino
613 1510 737 1541 debent.
785 1509 878 1541 ovid.
899 1510 979 1541 Met.

228 1555 260 1586 1.
276 1554 351 1586 366.
399 1557 450 1586 Sic
471 1557 573 1586 visum
587 1557 714 1594 superis,
740 1560 771 1585 et
793 1564 874 1594 saepe
895 1553 978 1585 alibi.

227 1598 268 1630 cf.
290 1602 405 1631 Burm.
430 1598 470 1629 ad
494 1599 582 1639 Virg.
606 1599 681 1629 AEn.
703 1598 754 1629 ΙΙ.
767 1595 842 1628 427.
931 1599 984 1629 cui

221 1644 335 1683 placet,
358 1642 410 1673 cui
431 1642 544 1682 volupe
559 1648 614 1672 est.
702 1643 835 1682 impares
847 1642 981 1684 for-mas,

225 1686 378 1717 formosos
391 1696 428 1717 ac
449 1686 611 1716 deformes.
700 1687 830 1726 impares
851 1686 978 1719 animos,

226 1729 369 1761 homines
383 1729 495 1760 diversi
509 1729 627 1770 ingenii
712 1728 863 1770 subjuga
885 1739 982 1760 aenea

227 1776 357 1811 mittere,
386 1773 577 1815 conjungere
606 1779 638 1804 et
665 1773 842 1804 consociare
868 1772 982 1803 amoris

227 1827 343 1858 genere
356 1816 531 1854 durissimo,
546 1816 599 1848 ubi
623 1826 736 1856 nempe
757 1815 835 1847 alter
854 1815 982 1847 alterius

227 1870 366 1892 amorem
379 1860 506 1900 respuit.
586 1861 684 1903 juga,
701 1859 861 1891 notissima
881 1866 981 1890 trans-

225 1903 341 1935 latione
372 1904 412 1934 de
441 1904 554 1935 amoris
574 1903 716 1940 vinculis,
738 1903 854 1944 quibus
873 1903 983 1944 conju-

224 1954 340 1990 gantur
360 1954 518 1986 amantes3
542 1947 690 1978 dicuntur
703 1958 800 1979 aenea
821 1947 853 1977 h.
867 1957 894 1977 e.
919 1946 980 1976 du-

223 1991 353 2028 rissima,
376 1991 450 2032 quia
470 1991 524 2021 illa
545 2002 585 2022 ne
607 1991 634 2022 is
654 1990 792 2032 quidem,
814 1991 871 2031 qui
895 1989 981 2020 baud

225 2034 410 2069 redamatur,
434 2041 579 2065 excutere
607 2034 712 2072 valet;
733 2033 786 2065 sed
809 2034 882 2064 infr.
904 2033 975 2064 ΙΙΙ.

228 2077 277 2109 19.
300 2076 348 2109 18.
401 2080 482 2113 Quid
503 2079 529 2109 si
546 2079 650 2118 prisca
673 2079 751 2109 redit
781 2079 892 2113 Venus,
919 2079 977 2108 Di-

224 2124 389 2163 ductosque
400 2121 479 2162 jugo
502 2123 578 2162 cogit
606 2132 710 2159 aeneo,
735 2120 915 2160 simpliciter
939 2120 979 2151 de

224 2166 339 2197 amoris
367 2164 494 2195 vinculo
522 2164 710 2196 firmissimo.
799 2167 884 2196 Saevo
905 2175 979 2196 cum

214 2209 280 2250 joc.
297 2209 364 2239 haec
378 2208 450 2238 duri
464 2209 596 2248 pectoris
609 2208 789 2252 χαιρικικίι
811 2207 851 2239 de
872 2218 979 2239 aman-

225 2253 306 2284 tium
320 2251 427 2282 dolore
440 2252 552 2291 passim
570 2252 687 2282 Veneri
700 2250 856 2283 tribuitur.

268 2307 297 2327 v.
318 2294 453 2326 13—16.
479 2297 583 2327 melior
609 2298 723 2333 Venus,
738 2294 842 2335 puella
856 2294 980 2326 mollio-

224 2340 268 2371 ris
281 2345 313 2371 et
333 2339 464 2370 mitioris
484 2339 622 2380 ingenii;
660 2349 734 2370 nam
757 2338 905 2379 Myrtale,
928 2338 980 2368 cui

225 2383 402 2423 opponitur,
424 2382 485 2413 fuit
506 2383 716 2414 vehementior
737 2389 769 2413 et
789 2381 976 2413 iracundior.

234 2430 335 2459 Venus
363 2436 436 2466 pro:
463 2425 577 2466 puella,
599 2434 637 2456 ut
664 2436 749 2466 supr.
783 2426 812 2457 Ι.
837 2425 889 2456 27.
925 2424 975 2456 14⁴.

224 2476 374 2512 —grata
387 2471 480 2501 detin-
498 2481 594 2510 comp.
612 2470 643 2499 h.
662 2480 689 2500 e.
708 2469 822 2501 amoris
835 2469 885 2501 sui
905 2468 977 2500 dul-

225 2513 336 2546 cedine
362 2514 406 2544 ita
433 2523 486 2543 me
506 2519 639 2552 ceperat,
662 2520 700 2544 ut
727 2520 844 2544 ceteras
868 2522 978 2544 omnes

226 2568 292 2598 prae
318 2567 356 2588 ea
375 2563 628 2594 contemnerem3
658 2568 786 2597 compes,
810 2567 882 2598 quae
902 2555 978 2587 alias

225 2608 273 2632 est
300 2600 381 2632 dum
408 2606 440 2632 et
467 2599 607 2636 molesta,
636 2601 723 2631 suavi
745 2610 894 2641 oxymoro
910 2600 977 2641 jam

224 2645 340 2676 dicitur
351 2650 453 2685 grata,
469 2643 543 2685 quia
556 2643 623 2683 ipsa
638 2644 767 2675 servitus
788 2644 874 2684 apud
889 2644 979 2684 Myr-

225 2687 476 2720 talen-Horatio
503 2686 566 2717 fuit
593 2692 690 2727 grata.
738 2687 828 2718 Infra
856 2697 980 2729 quoque

228 2732 287 2763 1v.
306 2730 355 2762 ll.
373 2730 425 2762 24„
443 2731 528 2762 diven'
541 2730 685 2771 quaedam
700 2736 731 2760 et
745 2730 856 2762 lasciva
871 2730 978 2771 puella

227 2776 404 2816 Telephum
429 2781 519 2816 grata
546 2776 685 2815 compede
712 2775 851 2806 vinctum
873 2781 978 2805 tenere

224 2820 346 2850 dicitur.
435 2820 546 2855 acrior,
572 2816 760 2855 iracundior,
795 2817 972 2849 ferventior.

220 2863 299 2902 fret.
321 2865 424 2894 Hadr.
443 2874 527 2895 curm
547 2863 665 2894 Calabr.
689 2862 748 2892 sin.
772 2861 803 2891 h.
821 2871 848 2891 e.
874 2860 976 2892 flucti-

226 2907 284 2935 bus
304 2907 398 2938 maris
415 2905 601 2943 Hadriatici,
615 2904 656 2936 ad
669 2904 757 2936 littus
774 2904 925 2935 Calabria
939 2904 973 2935 in

226 2947 328 2979 sinum
357 2960 390 2981 se
419 2946 585 2988 curvantis,
604 2948 688 2980 sive:
720 2947 804 2989 quod
825 2947 865 2979 ad
887 2947 974 2980 littus

1028 1203 1191 1238 calabriae,
1207 1209 1246 1234 ut
1266 1213 1340 1235 cum
1366 1203 1476 1246 virgil.
1496 1204 1572 1237 AEn.
1589 1206 1619 1238 1.
1637 1205 1709 1239 161.
1732 1206 1779 1238 Ιο-

1025 1257 1113 1288 quar,
1143 1249 1330 1288 Frangitur,
1355 1249 1450 1290 inque
1475 1250 1565 1281 sinus
1587 1253 1700 1283 scindit
1719 1262 1781 1283 rese

1025 1293 1115 1323 unda
1136 1293 1273 1323 reductos
1283 1307 1296 1329 ,·
1319 1290 1375 1323 ubi
1396 1291 1481 1323 enim
1502 1293 1562 1325 hoc
1583 1294 1629 1332 fit,
1649 1294 1694 1326 ibi
1707 1305 1782 1326 saue

1028 1344 1113 1410 ῐΙυΙεῗε
1121 1334 1235 1409 9ωιὲ13ιο
1255 1335 1469 1367 vehementius
1488 1336 1608 1376 fervet3
1641 1337 1682 1369 cf.
1706 1338 1777 1369 infr.

1199 1465 1410 1497 CARMEN
1433 1466 1609 1502 XXXIV.

1070 1552 1235 1590 Horatius,
1259 1563 1343 1589 cum,
1366 1552 1509 1594 neglecto
1530 1554 1661 1587 deorum
1681 1556 1780 1595 cultu,

1025 1602 1141 1628 temere
1169 1607 1287 1634 eorum,
1325 1596 1380 1638 qui
1409 1597 1530 1628 nullam
1566 1599 1641 1630 deos
1674 1607 1780 1632 rerum

1025 1641 1235 1671 humanarum
1263 1650 1370 1671 curam
1396 1641 1508 1672 habere
1536 1648 1716 1682 statuerent,
1731 1655 1780 1676 sa-

1023 1683 1173 1723 pientiam
1202 1690 1346 1719 ,secutus
1385 1690 1474 1722 efflet,
1511 1685 1619 1717 audito
1653 1694 1780 1728 repente

1021 1727 1056 1757 in
1091 1727 1169 1758 caelo
1207 1737 1316 1758 sereno
1358 1727 1476 1760 tonitru
1518 1739 1552 1760 se
1593 1729 1672 1761 adeo
1707 1741 1779 1771 per-

1023 1770 1148 1802 culsum
1161 1781 1227 1802 esse
1237 1775 1354 1808 'nm-rat,
1367 1778 1405 1803 ut
1417 1771 1568 1804 div-initus
1577 1772 1668 1814 quasi
1688 1784 1780 1806 mon-

1023 1814 1087 1845 itus
1100 1814 1203 1845 statim
1217 1815 1257 1846 ab
1269 1814 1368 1855 impia
1386 1815 1447 1847 ista
1466 1815 1564 1847 animi
1582 1817 1780 1856 perversitate

1024 1857 1066 1889 ad
1085 1864 1225 1889 mentem
1253 1858 1407 1890 saniorem
1434 1858 1535 1890 redire
1555 1860 1690 1900 coeperit.
1737 1862 1779 1893 In

1024 1902 1084 1932 hac
1104 1912 1186 1933 nova
1198 1901 1305 1943 igitur,
1320 1901 1396 1933 deos
1407 1902 1539 1934 omnino
1551 1913 1627 1941 esse,
1641 1903 1696 1946 qui
1709 1915 1780 1936 om-

1022 1946 1076 1976 nia
1103 1947 1290 1987 gubernent,
1313 1946 1521 1986 persuasione,
1543 1949 1712 1980 sententia·
1738 1948 1778 1981 de

1022 1988 1128 2020 divina
1155 1989 1190 2019 in
1210 1999 1259 2020 res
1285 1990 1439 2021 humanas
1458 1990 1597 2029 potenti·
1616 1991 1778 2034 subjungit

1022 2032 1226 2074 gravissimas.
1244 2050 1287 2058 —
1308 2033 1383 2065 Jam
1411 2043 1485 2064 vero
1512 2043 1586 2065 cum
1613 2035 1776 2072 Horatius,

1019 2077 1163 2117 quamvis
1176 2076 1210 2107 in
1231 2076 1351 2107 nullius
1446 2077 1511 2107 'stri
1532 2078 1624 2109 verba
1646 2080 1699 2120 (ut
1711 2078 1778 2118 ipse

1021 2120 1137 2151 fatetur
1158 2119 1230 2150 infr.
1251 2120 1353 2159 Epist.
1371 2087 1455 2151 1ῃεῖ
1471 2119 1541 2161 13.)
1558 2121 1718 2162 juraverit,
1742 2123 1773 2154 h.

1023 2173 1050 2194 e.
1076 2163 1157 2194 nulli
1179 2163 1379 2203 philosophiae
1401 2170 1493 2194 seetae
1520 2164 1614 2195 unice

1021 2206 1127 2243 fuerit,
1146 2207 1375 2246 Epicureorum
1392 2212 1498 2237 tamen
1511 2206 1634 2247 placita,
1650 2208 1691 2240 ad
1705 2209 1776 2240 vitae

1018 2249 1247 2291 jucunditatem
1263 2256 1295 2281 et
1307 2250 1498 2290 voluptatem
1512 2252 1692 2290 spectantia,
1707 2259 1774 2284 stu·

1023 2293 1110 2324 diose
1136 2294 1300 2333 amplexus
1327 2293 1391 2331 sit3
1423 2293 1568 2334 equidem
1595 2294 1688 2326 illum
1710 2306 1775 2328 non

1021 2343 1086 2367 tam
1112 2337 1252 2378 abjurare
1275 2336 1467 2376 Epicuream
1494 2337 1720 2379 philosophiam
1742 2346 1774 2372 et

1021 2380 1062 2411 ad
1079 2380 1214 2411 stoicam
1228 2390 1261 2411 se
1275 2386 1460 2418 convertere,
1484 2379 1533 2412 vel
1553 2381 1632 2413 adeo
1655 2382 1775 2415 Stoico-

1020 2433 1091 2454 rum
1106 2423 1302 2463 disciplinam
1316 2423 1486 2461 traducere,
1503 2425 1602 2466 (quod
1618 2427 1774 2465 nonnulli,

1021 2473 1057 2498 ut
1069 2467 1202 2498 aliorum
1226 2467 1363 2508 argutias
1383 2474 1512 2506 taceam,
1534 2468 1652 2508 opinati
1672 2471 1773 2510 sung)

1019 2510 1074 2542 sed
1102 2521 1230 2552 gravem
1257 2510 1350 2541 illum
1377 2511 1607 2550 Epicureorum
1627 2522 1771 2551 errorem,

1018 2557 1087 2586 deos
1114 2556 1192 2586 nihil
1219 2565 1330 2586 curare
1358 2556 1502 2592 homines,
1530 2553 1591 2587 hoc
1617 2556 1773 2598 praecipue

1019 2604 1214 2640 argumento,
1229 2597 1314 2639 quod
1327 2598 1516 2630 horrendum
1538 2599 1573 2630 in
1594 2599 1673 2631 caelo

1021 2641 1165 2674 auditum
1192 2641 1233 2672 sit
1260 2642 1390 2681 tonitru,
1412 2641 1505 2683 quale
1524 2643 1559 2673 in
1586 2642 1663 2674 caelo
1690 2654 1771 2684 puro

1020 2685 1120 2717 audiri
1135 2695 1225 2724 posse
1239 2684 1298 2723 ipsi
1311 2695 1435 2726 quoque
1450 2685 1600 2726 Epicurei
1621 2686 1766 2729 (Lucret.

1020 2729 1083 2761 VI.
1101 2726 1175 2759 245.
1200 2735 1231 2760 et
1252 2728 1346 2769 399.)
1367 2730 1533 2771 negabant,
1554 2729 1695 2762 refellere
1715 2741 1770 2763 vo-

1019 2772 1113 2804 luisse
1126 2772 1277 2803 existimo.

1060 2827 1089 2847 v.
1125 2814 1217 2846 1-8.
1254 2816 1388 2848 Sensus:
1426 2816 1510 2858 Ego,
1538 2815 1595 2858 qui
1624 2816 1769 2849 Deorum

1019 2859 1139 2892 cultum
1172 2859 1274 2890 adhuc
1309 2860 1516 2902 neglexeram,
1545 2859 1605 2891 fals
1633 2860 1767 2893 ncilioet

1017 2903 1246 2945 Epicureorum
1272 2903 1430 2943 opinione,
1451 2905 1520 2936 deos
1547 2905 1627 2935 nvait
1653 2915 1766 2936 curare

1015 2959 1063 2980 res
1076 2949 1238 2986 humanas,
1253 2946 1409 2988 deceptus.
1425 2956 1517 2981 nuno
1531 2946 1660 2979 meliora
1673 2947 1764 2980 edoc-

1633 2164 1777 2198 addictus
