1904 3250
170 151 254 189 248

789 149 1092 193 HORATII

1509 156 1665 206 [canu.
1692 165 1721 194 1.
1773 137 1776 139 ’

227 277 252 315 5
286 273 403 324 Quid
423 272 532 315 nos?
561 274 726 331 quibuS,
748 281 801 323 te,
825 273 921 324 vita,
944 275 979 315 si
999 277 1231 331 superstite,

399 342 619 392 Jucunda3
651 343 685 383 si
706 350 864 392 contra,
885 343 1057 400 gravis?

286 415 496 458 Utrumne
510 414 617 470 jussi
637 428 938 470 persequemur
959 416 1104 472 otium,

399 486 498 528 Non
520 485 655 535 dulce,
677 485 721 526 ni
743 494 881 527 tecum
902 486 1059 529 simul?

282 558 351 598 An
371 555 485 597 hunc
504 555 691 596 laborem
712 563 850 597 mente
870 555 1008 607 laturi,
1030 556 1150 600 decet

199 632 249 670 10

397 627 496 677 Qua
515 626 625 668 ferre
645 642 731 668 non
752 627 899 670 molles
920 627 1064 670 viros?

282 699 317 740 F
319 713 506 748 eremus3
538 706 580 740 et
599 707 640 740 te
660 698 727 740 vel
746 714 823 755 per
845 700 1017 759 Alpium
1031 702 1149 759 juga,

396 768 702 825 Inhospitalem
722 779 764 810 et
786 769 1034 821 Caucasum,

280 840 359 881 Vel
381 840 609 882 occidentis
630 857 763 898 usque
784 842 838 883 ad
859 842 1052 884 ultimum
1072 844 1222 895 sinum,

398 913 516 955 Forti
537 929 760 971 sequemur
780 923 963 970 pectore.

198 989 246 1027 15
282 985 437 1042 Roges,
460 994 581 1028 tuum
601 986 745 1028 labore
767 986 868 1043 quid
882 989 1026 1043 juvem
1046 1003 1154 1039 meo,

392 1058 565 1101 Inbellis
587 1075 636 1100 ac
658 1059 805 1101 firmus
826 1059 1011 1115 parum?

279 1132 432 1173 Comes
454 1132 617 1173 minore
639 1147 730 1173 sum
751 1132 916 1174 futurus
938 1133 981 1174 in
1002 1142 1130 1184 metu,

396 1200 484 1250 Qui
504 1203 637 1258 major
658 1202 850 1243 absentes
871 1201 1010 1243 habet.

280 1273 342 1315 Ut
363 1274 557 1315 adsidens
579 1274 836 1330 inplumibus
857 1274 983 1331 pullis
1004 1276 1091 1316 avis

191 1349 245 1386 20

398 1347 664 1402 Serpentium
685 1347 882 1403 adlapsus
904 1348 1023 1389 timet

276 1417 419 1476 Magis
440 1418 620 1460 relictis:
652 1434 751 1469 non,
773 1427 820 1460 ut
841 1419 963 1470 adsit,
987 1418 1118 1462 auxili

395 1487 556 1529 Latura
575 1487 670 1544 plus
691 1488 981 1544 praesentibus.

274 1559 479 1603 Libenter
498 1561 581 1603 hoc
601 1569 643 1603 et
663 1576 786 1603 omne
806 1561 1052 1603 militabitur
1104 1612 1107 1613 ⁷

389 1633 558 1676 Bellum
578 1635 623 1676 in
642 1642 726 1676 tuae
748 1649 866 1690 spem
887 1635 1059 1692 gratiae3

155 1774 386 1807 formidabilem
402 1777 540 1808 hostium
555 1777 687 1809 classem
701 1777 922 1819 navigaturum

154 1819 243 1850 esse?
257 1830 370 1859 —per
397 1832 491 1852 naves
521 1822 694 1859 Liburnus,
731 1820 771 1852 de
808 1821 923 1862 quibus

154 1862 225 1893 vide
246 1868 342 1901 supra
363 1863 403 1894 ad
427 1864 455 1894 1.
474 1863 527 1895 37.
546 1863 600 1896 30.
613 1863 796 1906 designatur
817 1865 922 1895 classis

158 1906 309 1946 Augusti,
339 1917 394 1947 per
429 1910 492 1939 alla
521 1910 652 1940 navium
682 1910 922 1949 propugnacula

155 1956 261 1980 autem
284 1949 389 1981 classis
415 1951 548 1982 Antonii
569 1957 601 1983 et
625 1950 812 1991 Cleopatrae,
828 1951 921 1992 cujus

154 2004 256 2025 naves.
273 1999 310 2024 ut
319 1994 414 2025 tradit
427 1994 511 2025 Flor.
525 1995 588 2027 IV.
606 1994 656 2026 ll.
672 1997 816 2028 turribus
828 2001 922 2036 aeque

155 2038 300 2068 tabulatis
329 2040 479 2075 allevatae,
509 2040 704 2071 castellorum
731 2045 762 2070 et
797 2040 925 2070 urbium

619 2082 680 2114 vid.
713 2082 780 2114 Dio
802 2082 843 2113 L.
871 2081 922 2113 18.

156 2081 266 2119 species
286 2091 355 2120 proe
379 2093 410 2113 se
423 2083 594 2124 serebant;

163 2122 253 2155 Hinc
269 2123 441 2165 Virgilsde
455 2125 552 2157 classe
571 2125 706 2157 Antonii
722 2125 806 2156 AEn.'
822 2126 927 2157 VIII.

155 2165 229 2198 690.
243 2169 351 2208 pelago
365 2170 471 2200 credas
481 2170 594 2201 innare
607 2171 744 2202 revulsas
761 2171 921 2211 Cycladas,

153 2217 212 2242 aue
252 2217 371 2242 nwntes
415 2222 596 2244 concurrere
630 2215 786 2245 montibus
821 2215 919 2244 altos.-

161 2256 265 2286 Tama
287 2256 366 2286 mole
388 2257 447 2286 viri
467 2258 589 2288 turritis
608 2258 767 2297 puppibus
787 2258 916 2288 instant.

155 2297 196 2329 cf.
215 2297 302 2330 Plin.
324 2298 489 2329 XXXII.
511 2298 539 2329 1.
556 2317 600 2325 -
617 2300 685 2336 Qui
705 2301 769 2331 alea
791 2302 922 2332 navium

149 2343 386 2382 propugnacula
411 2341 451 2372 de
472 2343 651 2383 majoribus,
674 2353 745 2384 quae
765 2342 800 2373 in
825 2343 922 2374 classe

159 2385 215 2416 Au
291 2384 300 2391 ‘
329 2384 454 2420 Fuerint,
489 2387 620 2418 navibus
656 2386 823 2426 explicant,
857 2396 922 2416 non

156 2428 262 2459 solum
282 2438 304 2459 a
322 2427 384 2459 fide
405 2428 551 2460 historica
572 2429 734 2467 recedunt,
757 2429 812 2460 sed
827 2430 921 2461 etiam

157 2471 298 2512 periculi,
322 2471 367 2503 de
391 2481 457 2514 quo
487 2479 579 2512 poeta
602 2473 741 2503 maxime
770 2473 922 2504 sollicitus

156 2521 212 2552 est,
226 2514 478 2557 magnitudinem
502 2516 561 2547 nisi
584 2516 702 2547 tollunt
716 2516 820 2556 plane,
838 2524 920 2548 certe

156 2559 279 2590 elevant
293 2565 325 2590 et
337 2558 497 2590 nrinnunt

199 2613 229 2633 v.
247 2601 367 2634 5—10.
389 2603 472 2639 Qua-fid
484 2603 570 2635 nos?
594 2605 705 2643 quibus
719 2609 791 2634 cett.
834 2602 922 2639 Quid

157 2656 217 2687 ego
238 2646 346 2687 igitur,
369 2652 401 2678 te
421 2645 455 2677 in
477 2651 543 2678 tam
564 2646 776 2685 periculosum
801 2646 920 2677 bellum

156 2689 382 2728 proficiscente,
407 2689 542 2721 radun?
574 2699 645 2730 ego,
671 2689 724 2720 cui
748 2688 820 2727 vita,
843 2689 868 2719 si
891 2696 922 2720 te

157 2733 322 2772 superstite
335 2732 461 2772 vivitur,-
475 2733 629 2783 jucunda,
652 2738 694 2770 at,
717 2732 744 2763 si
765 2732 842 2773 quid
864 2731 920 2763 tibi

157 2776 312 2815 acciderit,
327 2776 430 2819 gravis
445 2782 477 2807 et
489 2775 583 2808 tristis
597 2777 668 2807 αι’)
729 2777 756 2807 si
769 2782 799 2807 te
814 2787 919 2816 super

158 2822 224 2851 stite
239 2830 282 2851 sc.
302 2820 365 2852 vita
379 2820 568 2862 contigerit;
591 2819 684 2860 plane
698 2825 735 2850 ut
749 2829 823 2850 mox
839 2829 915 2849 vers.

162 2862 193 2892 8·
239 2866 277 2895 ni
305 2870 408 2896 tecum
437 2866 532 2896 ainzu}
551 2874 594 2895 sc.
619 2863 721 2894 otium
742 2862 917 2904 contigerit.

161 2923 204 2930 -—
226 2908 380 2939 Utrumne
398 2908 486 2948 jussi
502 2918 641 2949 ρει-κρυ.
668 2908 720 2938 oti.
746 2918 810 2938 mm
832 2907 921 2937 dulce

160 2951 194 2979 ni
223 2956 277 2981 tec.
311 2953 432 2984 simul?
472 2953 527 2984 An
557 2953 641 2984 hunc
677 2951 810 2982 laborem
848 2955 918 2980 cett.

969 1779 1137 1814 Utrumne,
1153 1778 1238 1819 quod
1253 1789 1304 1810 me
1319 1778 1421 1810 facere
1437 1778 1541 1829 jubes,
1561 1778 1648 1810 domi
1668 1788 1729 1822 ego

965 1823 1060 1853 vitam
1087 1822 1228 1858 otiosam,
1252 1832 1318 1853 non
1347 1822 1408 1854 nisi
1435 1831 1471 1853 m
1498 1829 1555 1854 tua
1582 1823 1728 1854 societate

965 1866 1042 1896 mihi
1059 1864 1247 1906 jucundam,
1270 1866 1435 1897 sectabor?
1464 1876 1506 1897 an
1529 1866 1603 1898 forti
1620 1866 1729 1906 *potius

965 1909 1072 1940 animo
1092 1919 1158 1939 una
1178 1915 1284 1940 tecum
1305 1909 1382 1941 belli
1406 1909 1528 1941 labores
1549 1908 1727 1950 perferam?

965 1963 1022 1993 pro
1036 1951 1179 1993 vulgari:
1206 1960 1357 1984 utrumne
1371 1963 1432 1994 ego
1445 1963 1486 1984 ex
1499 1960 1556 1984 tua
1567 1952 1734 1985 voluntate

965 1996 1053 2027 domi
1066 1998 1209 2034 manebo,
1225 2006 1266 2027 an
1281 2007 1345 2028 una
1358 2002 1464 2028 tecum
1477 1996 1512 2027 in
1526 1996 1644 2028 bellum
1656 2006 1728 2037 pro-

968 2039 1107 2076 ficiscar?

1012 2113 1042 2133 v.
1064 2100 1201 2134 12-18.
1219 2104 1402 2143 Inhospital.
1422 2105 1552 2135 Coums.
1570 2101 1611 2133 cf.
1634 2111 1728 2141 supra

969 2147 1010 2177 ad
1028 2145 1057 2177 Ι.
1071 2144 1124 2177 22.
1143 2145 1175 2177 6.
1273 2148 1326 2179 Vel
1338 2148 1483 2178 occident.
1499 2156 1599 2188 usque
1611 2147 1653 2176 ad
1665 2147 1723 2176 ult.

964 2192 1082 2226 sinum,
1097 2188 1140 2220 ad
1153 2194 1308 2221 extremos
1322 2199 1423 2230 usque
1439 2188 1644 2221 Occidentem
1658 2198 1726 2218 ver-

964 2244 1019 2264 sus
1042 2233 1164 2264 Oceani
1182 2232 1351 2271 terminos3
1437 2233 1536 2264 labore
1557 2243 1633 2274 mea,
1655 2241 1727 2263 mea

964 2276 1086 2314 militia,
1102 2286 1184 2314 mea,
1204 2286 1299 2317 quam
1320 2275 1355 2305 in
1375 2275 1459 2306 bello
1478 2272 1631 2306 sustinere
1652 2284 1724 2315 pos-

965 2330 1046 2358 sum,
1071 2329 1174 2360 opera.
1263 2320 1390 2351 Inbeuis
1410 2329 1448 2350 ac
1464 2329 1583 2359 parum
1591 2319 1725 2362 firman,

965 2364 1135 2403 ἀπτίλεμος
1159 2364 1211 2393 καὶ
1235 2363 1269 2393 ἄν
1259 2370 1369 2396 inuans
1457 2362 1554 2399 habet,
1575 2361 1649 2403 fxv,
1672 2371 1725 2393 oc-

965 2412 1070 2447 cupat,
1085 2415 1237 2446 occupare
1250 2404 1339 2436 solet.

1008 2471 1264 2503 v.19.-22.Ut
1279 2472 1626 2512 adsid.inplum.1mu.
1649 2476 1721 2502 cett.

967 2516 1024 2547 Uti
1044 2515 1110 2546 fere
1131 2515 1205 2551 avis,
1227 2514 1323 2554 pullis
1343 2515 1549 2554 implumibus
1569 2513 1722 2550 adsidens,

966 2561 1048 2609 (pro
1050 2558 1159 2590 tenui.
1186 2557 1290 2598 pullos
1304 2557 1472 2597 implumes
1489 2557 1635 2598 habens‚)
1657 2567 1726 2589 ma.-

946 2615 952 2619 ·
964 2602 1014 2644 gis
1037 2601 1076 2632 iis
1100 2602 1215 2633 relictis
1237 2601 1287 2643 (in
1310 2611 1385 2632 casu
1407 2600 1513 2651 tertio)
1534 2600 1726 2641 serpentium

965 2645 1102 2685 allapsus
1126 2646 1224 2681 timet,
1246 2645 1278 2675 h.
1304 2654 1331 2675 e.
1359 2644 1399 2675 de
1419 2644 1458 2674 iis
1478 2643 1593 2676 relictis
1613 2646 1724 2686 magis,

964 2698 1059 2729 quam
1086 2689 1112 2718 si
1134 2688 1285 2725 adsideat,
1310 2689 1351 2718 ob
1373 2687 1564 2727 serpentium
1589 2687 1726 2727 allapsus

963 2731 1101 2763 sollicita
1119 2738 1187 2768 est;
1219 2741 1420 2773 quamquam,
1445 2730 1518 2762 licet
1543 2731 1611 2781 (ut)
1633 2730 1731 2769 adsit,

964 2775 1002 2806 iis
1015 2775 1179 2816 praesentia
1200 2785 1258 2805 sua
1279 2784 1344 2805 non
1364 2774 1445 2814 plus,
1468 2784 1565 2815 quam
1586 2774 1612 2806 si

963 2818 1071 2850 auxilii
1096 2818 1197 2849 latura
1221 2824 1277 2849 est.
1327 2817 1379 2849 Sic
1404 2827 1468 2849 non
1491 2828 1570 2858 opus
1591 2818 1724 2855 videtur,

964 2868 1000 2893 ut
1014 2872 1087 2893 cum
1102 2864 1242 2894 Bentleio
1264 2872 1336 2902 pro.
1363 2873 1436 2898 nou,
1459 2868 1494 2894 ut
1515 2863 1605 2899 adsit,
1627 2861 1725 2894 auxili

964 2912 1035 2936 cett.
1063 2905 1263 2937 rescribatur:
1298 2917 1371 2941 non,
1402 2907 1450 2937 uti
1470 2907 1508 2936 sie
1530 2904 1627 2937 aua-ili
1648 2911 1720 2936 cett.

966 2949 1100 2989 explicat
1129 2959 1241 2989 nempe
1272 2961 1344 2986 non,
1374 2952 1423 2981 uti
1452 2959 1525 2988 pro:
1565 2959 1627 2980 non
1649 2958 1722 2990 quo,
