1904 3250
206 151 292 190 316

841 145 1151 189 HORATII

1622 156 1731 205 [un.
1755 167 1786 196 1.

327 274 416 316 Cur
438 274 480 315 in
502 274 734 315 amicorum
755 271 864 311 vitiis
886 278 972 312 tam
994 273 1131 314 cernis
1151 281 1335 326 acutum,

325 344 467 394 Quam
489 352 562 385 aut
584 341 725 398 aquila
744 348 817 381 aut
838 355 1010 396 serpens
1034 335 1323 397 Epidaurius?
1353 354 1395 387 at
1415 346 1491 388 tibi
1512 354 1659 388 contra

325 417 490 467 Evenit,
513 414 728 471 inquirant
748 412 848 454 vitia
868 421 916 454 ut
935 421 1009 454 tua
1028 428 1175 456 rursus
1196 423 1238 456 et
1256 415 1330 457 illi.
1629 417 1633 421 ’

322 484 573 527 Iracundior
593 491 657 524 est
675 481 818 537 paulo,
841 482 980 523 minus
1001 493 1125 538 aptus
1146 483 1279 525 acutis

234 562 290 599 30
324 557 510 598 Naribus
531 555 687 597 horum
707 554 942 605 hominum,
965 554 1094 596 rideri
1115 556 1250 611 possit
1270 570 1335 607 eo,
1358 559 1474 614 quod

323 629 538 670 Rusticius
559 636 683 669 tonso
704 636 806 684 toga
825 626 974 668 defluit
1001 635 1044 669 et
1063 627 1174 669 male
1194 627 1317 670 laxus

322 702 373 742 In
393 700 503 756 pede
524 700 690 742 calceus
710 699 870 749 haeret3
902 707 946 741 at
965 708 1030 741 est
1049 699 1200 750 bonus,
1223 708 1271 741 ut
1289 699 1439 742 melior
1459 702 1524 743 vir

321 770 422 812 Non
442 770 548 812 alius
570 771 807 827 quisquam,
831 778 875 811 at
890 768 971 811 'tibi
992 770 1165 821 amicus,
1188 778 1232 811 at
1251 771 1470 828 ingenium
1489 772 1637 830 ingens

319 843 487 885 Inculto
507 843 611 885 latet
630 843 712 884 hoc
735 843 813 884 sub
834 857 1038 899 corpore;
1070 843 1253 900 denique
1273 851 1315 885 te
1334 844 1476 900 ipsum

229 918 284 956 35
319 914 525 965 Concute,
547 929 650 955 num
672 929 757 970 qua
776 913 853 955 tibi
873 913 1071 954 vitiorum
1092 913 1291 955 inseverit
1311 913 1414 956 olim

321 986 499 1037 Natura,
523 994 597 1028 aut
617 986 743 1027 etiam
764 985 1029 1027 consuetudo
1049 986 1184 1037 mala3
1215 1001 1401 1044 namque

319 1055 536 1113 Neglectis
557 1055 721 1097 urenda
740 1054 832 1096 filix
853 1055 1085 1097 innascitur
1105 1056 1231 1114 agris.

316 1128 424 1170 Illuc
444 1137 765 1184 praevertamur,
788 1136 1020 1170 amatorem
1041 1129 1157 1186 quod
1178 1130 1326 1171 amicae

319 1200 486 1257 Turpia
505 1201 723 1257 decipiunt
744 1216 905 1243 caecum
926 1202 1039 1253 vitia,
1062 1210 1135 1243 aut
1155 1202 1282 1244 etiam
1301 1202 1395 1258 ipsa
1413 1200 1508 1243 haec

230 1277 286 1314 40
318 1272 559 1325 Delectant,
577 1274 706 1316 veluti
730 1273 959 1315 Balbinum
980 1273 1162 1332 polypus
1190 1273 1373 1332 Hagnae.

199 1389 282 1420 xeris
310 1400 384 1421 cum
413 1391 513 1428 last-us,
544 1390 628 1421 male
656 1395 703 1420 est
739 1399 814 1429 pro:
855 1392 970 1427 nimis;

199 1434 295 1464 modo
309 1436 347 1465 de
361 1446 406 1471 eo,
433 1436 516 1476 quod
538 1435 573 1465 in
584 1433 742 1475 fraudem
766 1433 901 1474 alicujus
919 1436 972 1465 de-

194 1485 365 1517 pravatum
379 1483 433 1515 est,
456 1483 494 1507 ut
515 1478 546 1507 h.
576 1477 597 1506 l.
625 1478 705 1508 male
727 1479 851 1517 limnas,-
875 1476 973 1507 modo

199 1523 236 1551 de
251 1533 294 1559 eo,
310 1524 391 1561 quod
404 1523 515 1552 recedit
531 1532 550 1551 α
563 1520 654 1560 justo
669 1522 766 1557 modo,
784 1526 820 1550 ut
835 1520 917 1551 infra
939 1531 968 1551 v.

198 1563 251 1595 45.
277 1566 358 1596 male
382 1575 502 1605 parvus
512 1580 524 1601 ,·
559 1563 655 1594 modo
679 1574 757 1603 pro:
783 1565 969 1604 importune,

197 1615 235 1639 ut
259 1610 340 1639 made
369 1609 514 1644 sedulus‚·
554 1606 651 1638 modo
675 1618 750 1646 pro:
777 1609 911 1645 moleste,
934 1614 972 1638 ut

197 1653 278 1682 male
310 1663 428 1682 raucus
449 1651 483 1681 in
507 1661 569 1692 seq.
598 1650 700 1682 Satira
730 1661 758 1681 v.
789 1650 842 1681 66.
875 1650 973 1681 modo

197 1705 275 1735 pro:
302 1697 420 1732 misere,
435 1694 501 1725 sive
515 1697 552 1726 de
567 1706 611 1730 eo,
687 1696 710 1725 d
725 1706 823 1735 grave
843 1701 873 1726 et
895 1696 972 1726 mali

197 1739 309 1769 ominis
322 1744 375 1775 est,
391 1745 429 1769 ut
443 1740 523 1769 male
537 1741 655 1772 tussire,
675 1738 738 1769 Sat.
760 1738 810 1768 11.
835 1736 867 1775 5,
894 1737 966 1768 107.

197 1789 229 1811 et
242 1781 346 1812 multa
358 1781 430 1820 alia,
446 1782 502 1812 ubi
516 1781 670 1821 particula
683 1783 766 1813 male
779 1781 821 1812 ad
842 1791 971 1812 sensum

197 1825 252 1863 rei,
268 1825 309 1855 de
323 1835 386 1866 qua
400 1835 504 1856 sermo
518 1831 574 1860 est,
592 1823 779 1865 explicanda
790 1831 846 1856 est.
913 1827 971 1865 lip-

192 1880 265 1909 pus,
281 1868 439 1908 lippitudo
448 1869 517 1910 jam
531 1868 572 1899 ad
586 1867 740 1904 animum,
756 1868 792 1898 in
812 1878 847 1899 re
867 1868 974 1910 aliqua

196 1912 416 1953 cognoscenda
429 1913 657 1947 caecutientem,
673 1911 868 1942 transfertur.

240 1966 269 1986 v.
284 1955 338 1986 26.
367 1962 500 1987 acutum
514 1965 590 1996 pro:
616 1956 717 1987 acute.

239 2009 267 2029 v.
283 1998 336 2030 27.
350 2009 434 2040 seqq.
452 2001 571 2040 aquila,
588 2009 689 2040 aeque,
704 2009 741 2029 ac
755 1998 844 2039 lynx,
859 1998 969 2030 oculo-

195 2052 267 2073 rum
283 2043 349 2074 acie
364 2043 545 2083 praevalens.
592 2053 728 2083 serpens,
743 2042 812 2073 visu
827 2042 969 2074 acutissi-

196 2096 261 2122 mo,
308 2088 515 2128 Epidaurius,
551 2085 712 2126 epitheton
745 2096 870 2123 ornans,
904 2086 969 2117 sive

196 2129 281 2171 quod
293 2129 382 2172 regio
390 2129 430 2159 ad
445 2130 659 2169 Epidaurum,
672 2129 835 2171 Argolidis
845 2131 968 2168 urbem,

197 2175 334 2204 scatebat
361 2174 567 2212 serpentibus,
595 2173 660 2203 sive
689 2174 730 2203 ob
765 2180 970 2204 mansuetum

196 2216 356 2258 quoddam
383 2217 438 2257 (de
463 2226 527 2256 quo
549 2224 654 2247 narrat
677 2219 819 2248 Pausan.
845 2217 879 2246 in
906 2217 968 2248 Co-

196 2260 290 2291 rinth.
308 2260 359 2291 ΙΙ.
371 2259 444 2300 28.)
460 2267 641 2299 serpentum
657 2260 700 2291 ibi
715 2270 827 2299 genus,
844 2270 967 2291 sacrum

197 2303 258 2335 deo
272 2303 359 2335 illius
381 2303 519 2345 regionis
540 2303 675 2338 tutelari,
694 2303 889 2343 AEsculapio‚
912 2304 968 2345 qui

197 2349 258 2378 sub
285 2344 389 2379 forma
412 2346 565 2387 serpentis
590 2346 708 2377 ibidem
732 2346 839 2377 cultus
867 2356 899 2378 et
922 2347 967 2378 sic

200 2392 339 2423 Romam
360 2390 540 2430 deportatus
561 2396 617 2420 est.
707 2392 872 2432 inquirant
890 2397 962 2421 cett.

197 2441 229 2464 et
244 2434 300 2470 illi,
317 2444 453 2476 quorum
462 2433 538 2464 vitia
552 2440 588 2464 tu
603 2433 745 2475 inquiris,
759 2433 895 2464 vicissim
910 2440 967 2464 tua

196 2477 368 2519 inquirant.

241 2532 270 2551 v.
288 2521 343 2559 29,
370 2520 423 2552 30.
442 2521 528 2553 Irac-
546 2526 592 2552 est
612 2532 647 2560 p.
667 2526 738 2551 cett.
790 2520 822 2551 Si
844 2520 967 2551 amicus

197 2565 293 2605 paulo
313 2565 354 2596 ad
375 2565 454 2596 iram
476 2570 523 2594 est
543 2563 719 2603 proclivior,
746 2564 853 2593 minus
873 2571 967 2603 aptus

197 2609 344 2639 amicitiae
359 2609 414 2639 ille
427 2607 550 2639 videtur
563 2606 612 2637 his
621 2606 813 2644 hominibus,
823 2607 877 2647 qui
892 2606 967 2637 vitia

195 2652 297 2683 acutis
320 2653 447 2684 naribus
469 2650 710 2682 subodorantur.
744 2652 856 2681 lun-um
884 2649 965 2680 rese-

197 2702 273 2726 runt
286 2696 470 2736 interpretes
482 2693 524 2727 ad
537 2693 701 2735 ingenium
717 2693 893 2730 hominum,
909 2693 966 2734 qui

198 2749 286 2769 nunc
301 2739 432 2778 vivunt3
455 2748 516 2781 ego
535 2737 637 2769 refero
659 2736 701 2767 ad
722 2746 785 2775 eos,
809 2735 864 2777 qui
885 2735 918 2765 in
935 2747 962 2766 v.

198 2781 252 2813 28.
270 2782 345 2814 dicti
360 2789 435 2813 sunt
448 2784 500 2815 illi.

241 2837 270 2857 v.
299 2825 440 2857 30—35.
473 2825 569 2858 n‘deri
585 2825 679 2866 possit
706 2828 778 2854 cett.
828 2823 962 2854 Sensus:

201 2869 311 2900 Rideri
325 2871 454 2901 fortasse
468 2869 565 2910 posm‘t
577 2867 697 2899 amicus
711 2865 792 2904 ideo,
814 2865 899 2908 quod
914 2865 962 2895 in-

198 2913 351 2944 concinne
365 2921 411 2944 est
431 2914 562 2950 tonsus';
583 2910 669 2952 quod
691 2911 724 2940 in
751 2917 826 2950 toga
846 2909 963 2940 incedit

199 2964 262 2985 non
278 2956 458 2996 composita,
482 2957 536 2988 sed
558 2955 704 2987 deorsum
718 2953 835 2986 fluente
842 2964 852 2993 3
876 2952 961 2995 quod

1017 1390 1110 1422 laxus
1124 1390 1249 1421 calceus
1263 1389 1347 1421 male
1360 1390 1394 1420 in
1409 1390 1491 1431 pede
1504 1390 1591 1422 aedet
1599 1402 1611 1429 3
1634 1389 1690 1421 sed
1710 1391 1785 1432 quia

1016 1433 1102 1464 idem
1118 1440 1165 1464 est
1179 1434 1226 1463 vir
1240 1435 1352 1471 bonus,
1367 1444 1433 1474 quo
1447 1434 1559 1465 melior
1571 1433 1704 1464 inveniri
1718 1444 1784 1464 non

1016 1483 1137 1517 potest3
1161 1477 1247 1518 quod
1269 1476 1324 1508 tibi
1346 1483 1394 1507 est
1414 1477 1544 1514 amicus,
1566 1477 1642 1518 quia
1655 1478 1714 1508 sub
1729 1488 1784 1508 ne-

1012 1520 1118 1562 glecto
1131 1520 1200 1561 ejus
1221 1530 1351 1560 corpore
1371 1519 1447 1551 latet
1467 1520 1581 1562 ingens
1605 1520 1782 1562 ingenium,

1014 1564 1122 1595 omnia
1135 1564 1191 1594 illa
1204 1563 1408 1605 indulgenter
1420 1575 1440 1595 a
1454 1571 1486 1595 te
1498 1563 1629 1595 ferenda
1642 1571 1726 1595 sunt.
1740 1582 1784 1589 —

1012 1609 1162 1640 rusticius
1175 1613 1272 1644 tonso,
1288 1607 1323 1637 in
1337 1608 1415 1638 urbe
1428 1607 1514 1648 apud
1539 1608 1703 1639 Romanos
1723 1608 1784 1639 cri-

1014 1661 1071 1681 nes
1084 1651 1194 1691 capitis
1207 1650 1249 1682 ad
1262 1657 1380 1682 certam
1401 1661 1555 1687 normam.
1571 1650 1783 1693 aequalitatem

1014 1701 1047 1725 et
1060 1694 1250 1736 elegantiam
1263 1694 1486 1732 tondebantur,
1500 1701 1533 1726 at
1546 1705 1619 1726 rure
1632 1693 1701 1727 sine
1715 1694 1781 1726 ulla

1014 1744 1089 1774 arte,
1106 1745 1223 1768 temere
1236 1743 1269 1768 et
1281 1737 1484 1777 incuriosius3
1501 1737 1687 1779 patrimum
1700 1740 1782 1771 male

1014 1781 1199 1821 interpretes
1212 1780 1403 1812 referuntad
1411 1782 1512 1818 lanas,
1524 1787 1557 1812 et
1565 1780 1612 1812 sic
1621 1782 1704 1813 male
1713 1781 1782 1823 jam

1016 1832 1063 1855 est
1076 1834 1151 1864 pro:
1170 1824 1266 1855 nimis
1274 1836 1285 1862 ;
1308 1823 1364 1855 sed
1377 1824 1538 1866 quomodo
1551 1827 1675 1857 calceus
1688 1827 1783 1859 nimis

1016 1869 1116 1905 laxus,
1132 1867 1189 1909 qui
1203 1867 1287 1899 male
1300 1867 1398 1906 sedet,
1412 1868 1446 1899 h.
1462 1879 1490 1899 e.
1507 1868 1564 1910 qui
1585 1868 1707 1899 circum
1727 1878 1784 1909 pe·

1013 1911 1087 1942 dem
1101 1912 1166 1942 huc
1181 1910 1259 1942 illuc
1281 1917 1434 1948 movetur,
1459 1911 1645 1952 simpliciter
1665 1913 1782 1944 haerere

1014 1954 1078 1985 dici
1091 1955 1217 1995 potest?
1239 1955 1339 1985 immo
1352 1957 1469 1988 hoerere
1482 1955 1608 1993 dicitur,
1623 1955 1711 1997 quod
1724 1955 1782 1989 ali-

1012 1998 1066 2029 cui
1079 1998 1125 2028 rei
1150 1998 1299 2036 adhaeret,
1326 1998 1468 2037 inhaeret,
1495 1998 1628 2039 tirmiter
1652 1997 1778 2030 insidet.

1015 2042 1118 2082 Supra
1134 2041 1198 2073 od.
1219 2041 1292 2073 ΙΙΙ.
1310 2039 1365 2080 24,
1380 2041 1435 2072 55.
1471 2044 1582 2075 Nescit
1602 2053 1679 2085 equo
1692 2044 1782 2074 nadis

1012 2088 1128 2117 lzoerere
1140 2087 1299 2126 ingenuus
1308 2097 1401 2126 puer,
1422 2086 1454 2116 h.
1472 2096 1501 2116 e.
1519 2095 1598 2126 puer
1609 2085 1781 2127 ingenuus,

1014 2129 1177 2170 equitandi
1191 2129 1365 2170 imperitus,
1381 2139 1445 2160 non
1461 2128 1572 2160 didicit
1584 2127 1717 2161 firmiter
1728 2128 1776 2159 in.

1013 2173 1114 2203 sidere
1127 2182 1230 2212 equo;
1246 2172 1291 2203 sic
1304 2172 1388 2203 infra
1401 2183 1429 2202 v.
1445 2171 1498 2204 77.
1512 2174 1586 2204 vitia
1598 2173 1703 2204 anuis
1717 2174 1781 2203 lue-

1012 2218 1124 2253 rentia,
1141 2216 1272 2247 firmiter
1286 2215 1474 2255 insidentia;
1489 2215 1592 2252 refero
1604 2215 1703 2259 igitur
1711 2216 1744 2246 h.
1754 2215 1776 2246 l.

1011 2261 1094 2291 male
1115 2259 1155 2290 ad
1176 2262 1270 2291 haeret
1291 2260 1323 2290 h.
1349 2270 1378 2290 e.
1402 2259 1487 2290 male
1507 2258 1603 2294 sedet,
1626 2269 1699 2290 nos:
1730 2261 1780 2291 die

1011 2305 1214 2344 beschuhung
1237 2305 1308 2344 liege
1334 2305 1406 2335 oder
1426 2304 1547 2336 schliest
1561 2304 1648 2336 nicht
1661 2314 1716 2334 an.
1734 2320 1779 2327 —

1010 2349 1140 2383 inculto,
1165 2346 1252 2388 quod
1273 2346 1316 2378 ad
1329 2353 1495 2379 externum
1515 2345 1639 2377 cultum
1653 2345 1777 2385 attinet,

1010 2390 1153 2432 negligit.
1202 2396 1232 2421 te
1240 2391 1344 2430 ipsum
1355 2397 1494 2427 concute,
1506 2396 1630 2426 excute,
1638 2388 1778 2429 explora.

1052 2444 1081 2463 v.
1100 2432 1154 2463 37.
1171 2445 1310 2475 namque
1326 2435 1464 2475 Neglect.
1478 2445 1529 2466 ur.
1541 2433 1580 2476 s.
1594 2434 1663 2464 inn-
1679 2434 1775 2473 agris.

1009 2486 1065 2516 per
1088 2477 1271 2518 imaginem,
1299 2488 1318 2507 a
1343 2476 1427 2507 filice
1454 2477 1489 2507 in
1516 2476 1601 2519 agris
1624 2475 1775 2519 neglectis

1009 2526 1157 2550 nascente
1184 2519 1325 2559 petitam,
1356 2518 1532 2560 exprimere
1558 2517 1659 2550 voluit
1693 2519 1772 2552 hoc:

1009 2573 1094 2598 nam,
1123 2562 1392 2604 quemadmodum
1421 2563 1498 2599 filix,
1522 2561 1606 2604 agris
1626 2561 1778 2604 neglectis

1008 2605 1184 2643 innascens,
1200 2605 1330 2643 urenda,
1341 2605 1386 2636 ita
1400 2605 1483 2644 vitia,
1495 2615 1568 2647 quae
1581 2612 1638 2636 aut
1652 2612 1775 2643 natum,

1008 2655 1065 2680 aut
1090 2648 1175 2679 mala
1200 2648 1396 2679 consuetudo
1415 2649 1538 2687 insevit,
1561 2648 1723 2680 evellenda
1743 2656 1776 2680 et

1007 2691 1206 2731 exstirpanda
1219 2697 1293 2722 sunt
1308 2701 1346 2722 ex
1361 2691 1478 2723 animo.

1053 2746 1082 2765 v.
1100 2734 1153 2766 38.
1173 2737 1257 2766 Illuc
1266 2741 1408 2775 praevert.
1428 2744 1546 2766 nexus:
1579 2734 1651 2772 Sed,
1673 2736 1776 2767 missis

1009 2778 1088 2816 aliis,
1106 2779 1180 2821 (hoc
1203 2778 1286 2809 inest
1306 2779 1400 2809 verbo
1420 2778 1594 2818 composito
1613 2780 1773 2820 Jnaeoerti)

1009 2821 1183 2859 redeamus,
1200 2821 1305 2863 (illuc)
1320 2821 1360 2852 ad
1375 2821 1409 2852 id
1423 2821 1577 2861 locorum,
1600 2823 1654 2853 ubi
1670 2823 1774 2855 videre

1007 2865 1089 2902 licet,
1115 2867 1198 2906 quod
1220 2864 1407 2907 (quatenus)
1433 2867 1541 2907 turpia
1565 2867 1638 2898 vitia
1664 2868 1774 2899 amicoe

1006 2911 1162 2949 decipiunt
1176 2915 1354 2940 anmtorem.

1050 2963 1077 2984 v.
1098 2952 1150 2986 39.
1168 2958 1223 2985 aut
1245 2954 1338 2984 eliam
1361 2954 1425 2993 ipsa
1448 2955 1511 2985 leccc
1533 2955 1708 2991 Delectant,
1734 2953 1773 2985 de
