1904 3250
149 215 237 253 364

624 213 932 258 HORATII
967 213 1257 258 SATIRAE.

1554 218 1662 266 [Lm.
1687 229 1718 256 1.

269 341 472 383 Arridere
492 341 629 391 velim,
651 340 872 391 doliturus,
896 340 931 381 si
950 340 1143 396 placeant
1163 355 1236 397 spe

180 414 235 451 90
266 409 467 452 Deterius
487 418 642 451 nostra.
703 409 912 460 Demetri,
933 417 1071 466 teque,
1094 409 1263 467 Tigelli,

266 481 583 539 Discipularum
603 482 712 522 inter
726 481 857 537 jubeo
877 480 1045 537 plorare
1066 479 1298 522 cathedras.

268 553 303 605 Ι,
325 567 445 608 puer,
468 559 593 608 atque
613 565 709 593 meo
730 552 839 593 citus
858 551 952 593 haec
973 551 1189 593 subscribe
1208 550 1362 593 libello.

135 672 207 714 fide
220 676 249 702 ee
262 672 410 710 elegantia
425 670 549 700 claruit.
639 670 666 700 si
677 670 761 710 plac.
779 680 831 711 spe
846 671 914 700 De-

147 716 244 746 terius
273 719 389 751 nostra,
419 712 445 743 si
467 712 585 750 minus,
611 722 708 754 quam
730 723 791 754 ego
811 723 912 754 spero,

148 758 301 797 placeant,
318 756 343 787 si
358 763 470 795 praeter
483 766 571 798 spem
586 766 690 787 meam
704 755 899 797 displiceant.

191 811 220 831 v.
258 800 310 830 90.
342 800 517 841 Postquam
544 799 699 830 Horatius
722 807 831 831 contra
858 802 914 831 ob-

148 850 336 881 trectatore&
352 845 508 884 praecipue
522 849 630 875 eontra
651 853 714 881 eos,
737 844 793 886 qui
816 844 925 875 Luci--

149 888 229 918 lium
244 887 326 918 male
340 889 380 919 ab
394 898 432 918 eo
448 894 484 918 ut
497 893 623 928 poetam
643 887 790 918 vitiosum
811 898 916 928 repre-

148 932 282 961 hensum
298 941 364 962 esse
379 931 566 969 clamabant,
591 940 718 961 causam
746 941 835 962 suam
861 942 915 971 pe-

148 975 272 1010 roravit,
304 975 372 1016 jam
408 975 506 1006 finem
540 975 673 1006 carmini
712 974 917 1015 impositurus

150 1018 350 1049 Demetrium
367 1025 399 1049 et
414 1017 598 1061 Tigellium,
614 1018 692 1048 dum
707 1028 760 1049 eos
782 1025 819 1050 ut
840 1018 915 1049 ridi-

148 1061 237 1092 culos
271 1063 492 1094 obtrectatores
525 1061 636 1093 missos
666 1061 750 1099 facit,
775 1073 850 1100 non,
877 1068 915 1093 ut

147 1104 225 1136 alias
239 1117 258 1136 a
274 1106 362 1137 nobis
376 1106 580 1144 discedentae,
603 1107 712 1143 valere,
735 1106 791 1137 sed
812 1106 914 1137 salsis-

147 1148 226 1180 sime
250 1151 332 1182 inler
354 1152 582 1192 discipularum
610 1151 769 1182 cathedras
788 1152 915 1190 plorare

138 1192 233 1232 jubet
242 1209 254 1230 ;
296 1195 420 1234 plorare
456 1194 552 1231 enim,
589 1198 628 1225 ut
661 1193 749 1232 apud
788 1194 917 1225 Graecos

148 1236 276 1276 οἰμώζειν
287 1244 319 1268 et
332 1238 453 1276 κλαίειν,
466 1237 625 1280 (exempla
635 1236 706 1268 vide
715 1238 800 1277 apud
814 1239 917 1270 Hein-

147 1281 297 1323 dorfium)
313 1281 353 1312 de
378 1281 521 1323 querelis,
545 1291 624 1322 quas
649 1280 722 1321 quis
742 1281 782 1312 de
801 1281 916 1312 misera

147 1334 206 1356 sua
219 1331 302 1357 sorte
314 1325 431 1363 fundit,
454 1325 577 1357 dicitur.
630 1324 787 1357 Videntur
807 1332 916 1357 autem

959 667 1116 710 Tigellius
1144 673 1176 698 et
1206 667 1390 698 Demetrius
1417 667 1537 699 scholas
1563 667 1718 706 habuisse,

956 713 1072 753 quibus
1094 711 1264 742 intererant
1287 717 1412 742 tantum
1429 711 1555 751 puelle,
1578 712 1721 743 sedentes

957 757 992 786 in
1007 757 1171 792 cathedris,
1195 755 1384 785 feminarum
1406 754 1556 787 sedilibus
1578 765 1720 786 eommo-

958 799 1098 831 dim-ibus
1112 807 1144 829 et
1158 797 1375 836 mollioribus3
1400 797 1538 829 Maniai.
1565 797 1638 830 111.
1663 798 1716 829 65.

959 842 990 874 ’7.
1016 845 1108 875 Inter
1119 843 1281 884 femineas
1305 848 1369 873 tota
1393 842 1446 883 qui
1468 843 1539 874 luce
1561 844 1722 875 cathedras

958 889 1096 920 Desidet.
1146 886 1200 917 Ad
1214 885 1383 926 discipulas
1405 887 1608 929 Heindorfius
1628 885 1723 917 nimis

958 937 1079 972 argute,
1097 936 1183 970 puto,
1211 929 1390 960 referendos
1413 939 1540 971 quoque
1561 937 1666 960 censet
1686 930 1721 960 in

957 985 1073 1016 genere
1086 973 1241 1005 feminino
1258 985 1373 1014 pueros
1395 974 1501 1005 mallee
1524 979 1552 1005 et
1574 975 1718 1014 pathicus.

958 1020 1037 1050 —I
1041 1029 1134 1059 puer.
1152 1023 1225 1048 cett.
1246 1017 1340 1059 jubet
1363 1026 1498 1057 puerum
1526 1015 1650 1048 dictatae
1673 1027 1721 1047 sa-

955 1062 1024 1093 tirae
1039 1063 1144 1093 statim
1158 1060 1292 1103 adjicere
1313 1063 1416 1098 verba,
1439 1061 1554 1100 quibus
1573 1059 1723 1092 valedixit

959 1105 1098 1147 Tigellio
1119 1111 1216 1146 atque
1239 1104 1414 1135 Demetrio.
1440 1105 1539 1136 Schol.
1563 1106 1718 1145 Porphyr.

958 1151 1138 1191 Eleganter,
1168 1150 1258 1190 quasi
1283 1150 1340 1180 hoc
1373 1159 1410 1180 ez·
1440 1154 1575 1188 tempore
1602 1149 1723 1186 dixerit,

953 1194 1096 1234 precipit
1121 1203 1232 1235 puero,
1254 1198 1293 1224 ut
1319 1193 1356 1224 in
1383 1193 1521 1224 libellum
1544 1203 1641 1224 suum
1668 1192 1722 1231 (in

958 1239 1042 1269 lumc
1081 1248 1174 1268 suam
1202 1237 1353 1278 satiram)
1383 1237 1462 1268 illud
1497 1236 1645 1278 corfferat,
1681 1247 1722 1267 ne

952 1286 1058 1323 pereat
1087 1286 1151 1312 tam
1179 1285 1393 1320 opportunum
1420 1285 1451 1312 et
1479 1290 1658 1321 congruum
1686 1281 1722 1312 in

957 1326 1161 1358 modulatores
1175 1325 1305 1357 dictum.
