<?xml version="1.0" encoding="UTF-8"?>
<!DOCTYPE html PUBLIC "-//W3C//DTD XHTML 1.0 Transitional//EN"
    "http://www.w3.org/TR/xhtml1/DTD/xhtml1-transitional.dtd">
<html xmlns="http://www.w3.org/1999/xhtml" xml:lang="en" lang="en">
 <head>
  <title>
</title>
<meta http-equiv="Content-Type" content="text/html;charset=utf-8" />
  <meta name='ocr-system' content='tesseract 3.04.00' />
  <meta name='ocr-capabilities' content='ocr_page ocr_carea ocr_par ocr_line ocrx_word'/>
</head>
<body>
  <div class='ocr_page' id='page_1' title='image "./operaomniacumind00horauoft_0198.png"; bbox 0 0 1904 3250; ppageno 0'>
   <div class='ocr_carea' id='block_1_1' title="bbox 219 124 1142 191">
    <p class='ocr_par' dir='ltr' id='par_1_1' title="bbox 219 124 1142 191">
     <span class='ocr_line' id='line_1_1' title="bbox 219 124 1142 191; baseline -0.002 0"><span class='ocrx_word' id='word_1_1' title='bbox 219 153 297 191; x_wconf 87' lang='lat'><strong>158</strong></span> <span class='ocrx_word' id='word_1_2' title='bbox 450 161 452 163; x_wconf 96' lang='lat'>·</span> <span class='ocrx_word' id='word_1_3' title='bbox 823 124 1142 191; x_wconf 80' lang='lat' dir='ltr'>‚HORATH</span> 
     </span>
    </p>
   </div>
   <div class='ocr_carea' id='block_1_2' title="bbox 239 273 1163 1044">
    <p class='ocr_par' dir='ltr' id='par_1_2' title="bbox 330 273 1163 477">
     <span class='ocr_line' id='line_1_2' title="bbox 330 273 1163 331; baseline -0.004 -14"><span class='ocrx_word' id='word_1_4' title='bbox 330 275 563 317; x_wconf 84' lang='lat' dir='ltr'><strong>Cerberus:</strong></span> <span class='ocrx_word' id='word_1_5' title='bbox 597 275 783 331; x_wconf 84' lang='lat' dir='ltr'><strong>quamvis</strong></span> <span class='ocrx_word' id='word_1_6' title='bbox 808 274 843 315; x_wconf 89' lang='lat' dir='ltr'><strong>F</strong></span> <span class='ocrx_word' id='word_1_7' title='bbox 845 273 974 315; x_wconf 86' lang='lat' dir='ltr'><strong>uriale</strong></span> <span class='ocrx_word' id='word_1_8' title='bbox 996 281 1163 314; x_wconf 90' lang='lat' dir='ltr'><strong>centum</strong></span> 
     </span>
     <span class='ocr_line' id='line_1_3' title="bbox 330 347 1122 404; baseline -0.005 -14"><span class='ocrx_word' id='word_1_9' title='bbox 330 347 530 390; x_wconf 84' lang='lat' dir='ltr'><strong>Muniant</strong></span> <span class='ocrx_word' id='word_1_10' title='bbox 549 362 706 404; x_wconf 86' lang='lat' dir='ltr'>angues</span> <span class='ocrx_word' id='word_1_11' title='bbox 727 353 853 401; x_wconf 86' lang='lat' dir='ltr'><strong>caput</strong></span> <span class='ocrx_word' id='word_1_12' title='bbox 873 347 975 402; x_wconf 86' lang='lat' dir='ltr'><strong>ejus,</strong></span> <span class='ocrx_word' id='word_1_13' title='bbox 997 353 1122 402; x_wconf 88' lang='lat' dir='ltr'><strong>atque</strong></span> 
     </span>
     <span class='ocr_line' id='line_1_4' title="bbox 331 418 1038 477; baseline -0.004 -14"><span class='ocrx_word' id='word_1_14' title='bbox 331 421 510 477; x_wconf 87' lang='lat' dir='ltr'>Spiritus</span> <span class='ocrx_word' id='word_1_15' title='bbox 531 428 637 461; x_wconf 88' lang='lat' dir='ltr'><strong>teter</strong></span> <span class='ocrx_word' id='word_1_16' title='bbox 659 418 885 474; x_wconf 52' lang='lat' dir='ltr'><strong>saniesque*</strong></span> <span class='ocrx_word' id='word_1_17' title='bbox 896 426 1038 460; x_wconf 83' lang='lat' dir='ltr'><strong>manet</strong></span> 
     </span>
    </p>

    <p class='ocr_par' dir='ltr' id='par_1_3' title="bbox 243 486 1091 760">
     <span class='ocr_line' id='line_1_5' title="bbox 243 486 1049 546; baseline -0.005 -14"><span class='ocrx_word' id='word_1_18' title='bbox 243 495 297 532; x_wconf 77' lang='lat'><strong>20</strong></span> <span class='ocrx_word' id='word_1_19' title='bbox 738 486 827 529; x_wconf 90' lang='lat' dir='ltr'><strong>Ore</strong></span> <span class='ocrx_word' id='word_1_20' title='bbox 847 487 1049 546; x_wconf 86' lang='lat' dir='ltr'><strong>trilingui.</strong></span> 
     </span>
     <span class='ocr_line' id='line_1_6' title="bbox 329 559 1047 617; baseline -0.003 -13"><span class='ocrx_word' id='word_1_21' title='bbox 329 562 445 612; x_wconf 80' lang='lat' dir='ltr'><strong>Quin</strong></span> <span class='ocrx_word' id='word_1_22' title='bbox 466 570 508 602; x_wconf 89' lang='lat' dir='ltr'><strong>et</strong></span> <span class='ocrx_word' id='word_1_23' title='bbox 529 560 653 602; x_wconf 84' lang='lat' dir='ltr'>Ixion</span> <span class='ocrx_word' id='word_1_24' title='bbox 676 559 909 617; x_wconf 89' lang='lat' dir='ltr'>Tityosque</span> <span class='ocrx_word' id='word_1_25' title='bbox 929 560 1047 602; x_wconf 88' lang='lat' dir='ltr'><strong>vultu</strong></span> 
     </span>
     <span class='ocr_line' id='line_1_7' title="bbox 330 630 1091 686; baseline -0.003 -13"><span class='ocrx_word' id='word_1_26' title='bbox 330 632 441 673; x_wconf 85' lang='lat' dir='ltr'><strong>Risit</strong></span> <span class='ocrx_word' id='word_1_27' title='bbox 458 630 611 671; x_wconf 87' lang='lat' dir='ltr'><strong>invito:</strong></span> <span class='ocrx_word' id='word_1_28' title='bbox 645 630 758 671; x_wconf 86' lang='lat' dir='ltr'><strong>stetit</strong></span> <span class='ocrx_word' id='word_1_29' title='bbox 777 644 884 671; x_wconf 86' lang='lat' dir='ltr'><strong>urna</strong></span> <span class='ocrx_word' id='word_1_30' title='bbox 902 630 1091 686; x_wconf 86' lang='lat' dir='ltr'><strong>paullum</strong></span> 
     </span>
     <span class='ocr_line' id='line_1_8' title="bbox 330 703 1069 760; baseline -0.003 -13"><span class='ocrx_word' id='word_1_31' title='bbox 330 706 461 754; x_wconf 81' lang='lat' dir='ltr'><strong>Sicca,</strong></span> <span class='ocrx_word' id='word_1_32' title='bbox 483 703 585 744; x_wconf 91' lang='lat' dir='ltr'><strong>dum</strong></span> <span class='ocrx_word' id='word_1_33' title='bbox 605 711 726 759; x_wconf 88' lang='lat' dir='ltr'><strong>grato</strong></span> <span class='ocrx_word' id='word_1_34' title='bbox 748 703 889 745; x_wconf 85' lang='lat' dir='ltr'><strong>Danai</strong></span> <span class='ocrx_word' id='word_1_35' title='bbox 908 704 1069 760; x_wconf 85' lang='lat' dir='ltr'><strong>puellas</strong></span> 
     </span>
    </p>

    <p class='ocr_par' dir='ltr' id='par_1_4' title="bbox 737 773 1123 818">
     <span class='ocr_line' id='line_1_9' title="bbox 737 773 1123 818; baseline -0.003 -3"><span class='ocrx_word' id='word_1_36' title='bbox 737 773 937 818; x_wconf 67' lang='lat' dir='ltr'><strong>Carmine,</strong></span> <span class='ocrx_word' id='word_1_37' title='bbox 954 773 1123 815; x_wconf 81' lang='lat' dir='ltr'><strong>mulces,</strong></span> 
     </span>
    </p>

    <p class='ocr_par' dir='ltr' id='par_1_5' title="bbox 239 846 1146 1044">
     <span class='ocr_line' id='line_1_10' title="bbox 239 846 1069 903; baseline -0.001 -14"><span class='ocrx_word' id='word_1_38' title='bbox 239 852 292 889; x_wconf 80' lang='lat'><strong>25</strong></span> <span class='ocrx_word' id='word_1_39' title='bbox 325 846 485 889; x_wconf 86' lang='lat' dir='ltr'><strong>Audiat</strong></span> <span class='ocrx_word' id='word_1_40' title='bbox 506 846 627 903; x_wconf 90' lang='lat' dir='ltr'><strong>Lyde</strong></span> <span class='ocrx_word' id='word_1_41' title='bbox 649 846 783 887; x_wconf 90' lang='lat' dir='ltr'><strong>scelus</strong></span> <span class='ocrx_word' id='word_1_42' title='bbox 803 854 928 903; x_wconf 88' lang='lat' dir='ltr'><strong>atque</strong></span> <span class='ocrx_word' id='word_1_43' title='bbox 949 855 1069 888; x_wconf 80' lang='lat' dir='ltr'><strong>notas</strong></span> 
     </span>
     <span class='ocr_line' id='line_1_11' title="bbox 326 915 1146 974; baseline 0 -18"><span class='ocrx_word' id='word_1_44' title='bbox 326 916 552 974; x_wconf 85' lang='lat' dir='ltr'><strong>Virginum</strong></span> <span class='ocrx_word' id='word_1_45' title='bbox 572 931 732 972; x_wconf 85' lang='lat' dir='ltr'><strong>poenas,</strong></span> <span class='ocrx_word' id='word_1_46' title='bbox 756 924 797 957; x_wconf 90' lang='lat' dir='ltr'><strong>et</strong></span> <span class='ocrx_word' id='word_1_47' title='bbox 818 916 940 958; x_wconf 85' lang='lat' dir='ltr'><strong>inane</strong></span> <span class='ocrx_word' id='word_1_48' title='bbox 961 915 1146 972; x_wconf 85' lang='lat' dir='ltr'><strong>lymphae</strong></span> 
     </span>
     <span class='ocr_line' id='line_1_12' title="bbox 327 988 1008 1044; baseline 0 -14"><span class='ocrx_word' id='word_1_49' title='bbox 327 989 503 1031; x_wconf 88' lang='lat' dir='ltr'><strong>Dolium</strong></span> <span class='ocrx_word' id='word_1_50' title='bbox 524 988 655 1031; x_wconf 90' lang='lat' dir='ltr'><strong>fundo</strong></span> <span class='ocrx_word' id='word_1_51' title='bbox 675 990 889 1044; x_wconf 88' lang='lat' dir='ltr'><strong>pereuntis</strong></span> <span class='ocrx_word' id='word_1_52' title='bbox 909 990 1008 1039; x_wconf 85' lang='lat' dir='ltr'><strong>imo,</strong></span> 
     </span>
    </p>
   </div>
   <div class='ocr_carea' id='block_1_3' title="bbox 738 1061 1041 1118">
    <p class='ocr_par' dir='ltr' id='par_1_6' title="bbox 738 1061 1041 1118">
     <span class='ocr_line' id='line_1_13' title="bbox 738 1061 1041 1118; baseline -0.007 -14"><span class='ocrx_word' id='word_1_53' title='bbox 738 1062 922 1118; x_wconf 89' lang='lat' dir='ltr'><strong>Seraque</strong></span> <span class='ocrx_word' id='word_1_54' title='bbox 943 1061 1041 1112; x_wconf 69' lang='lat' dir='ltr'><strong>fata,</strong></span> 
     </span>
    </p>
   </div>
   <div class='ocr_carea' id='block_1_4' title="bbox 328 1134 1195 1191">
    <p class='ocr_par' dir='ltr' id='par_1_7' title="bbox 328 1134 1195 1191">
     <span class='ocr_line' id='line_1_14' title="bbox 328 1134 1195 1191; baseline -0.001 -15"><span class='ocrx_word' id='word_1_55' title='bbox 328 1135 440 1185; x_wconf 81' lang='lat' dir='ltr'><strong>Quae</strong></span> <span class='ocrx_word' id='word_1_56' title='bbox 462 1143 632 1176; x_wconf 90' lang='lat' dir='ltr'><strong>manent</strong></span> <span class='ocrx_word' id='word_1_57' title='bbox 654 1135 798 1191; x_wconf 86' lang='lat' dir='ltr'>culpas</span> <span class='ocrx_word' id='word_1_58' title='bbox 820 1136 945 1177; x_wconf 87' lang='lat' dir='ltr'><strong>etiam</strong></span> <span class='ocrx_word' id='word_1_59' title='bbox 967 1135 1044 1176; x_wconf 94' lang='lat' dir='ltr'><strong>sub</strong></span> <span class='ocrx_word' id='word_1_60' title='bbox 1068 1134 1195 1176; x_wconf 88' lang='lat' dir='ltr'><strong>Orco.</strong></span> 
     </span>
    </p>
   </div>
   <div class='ocr_carea' id='block_1_5' title="bbox 238 1203 1101 1390">
    <p class='ocr_par' dir='ltr' id='par_1_8' title="bbox 238 1203 1101 1390">
     <span class='ocr_line' id='line_1_15' title="bbox 238 1203 1101 1261; baseline -0.002 -13"><span class='ocrx_word' id='word_1_61' title='bbox 238 1210 294 1248; x_wconf 85' lang='lat'><strong>30</strong></span> <span class='ocrx_word' id='word_1_62' title='bbox 327 1205 475 1261; x_wconf 85' lang='lat' dir='ltr'><strong>Inpiae,</strong></span> <span class='ocrx_word' id='word_1_63' title='bbox 498 1221 596 1247; x_wconf 90' lang='lat' dir='ltr'><strong>nam</strong></span> <span class='ocrx_word' id='word_1_64' title='bbox 619 1205 719 1261; x_wconf 90' lang='lat' dir='ltr'><strong>quid</strong></span> <span class='ocrx_word' id='word_1_65' title='bbox 740 1214 915 1261; x_wconf 87' lang='lat' dir='ltr'><strong>potuere</strong></span> <span class='ocrx_word' id='word_1_66' title='bbox 936 1203 1101 1261; x_wconf 80' lang='lat' dir='ltr'><strong>majus?</strong></span> 
     </span>
     <span class='ocr_line' id='line_1_16' title="bbox 328 1278 984 1335; baseline -0.002 -15"><span class='ocrx_word' id='word_1_67' title='bbox 328 1278 461 1335; x_wconf 87' lang='lat' dir='ltr'><strong>Inpiae</strong></span> <span class='ocrx_word' id='word_1_68' title='bbox 483 1293 658 1334; x_wconf 92' lang='lat' dir='ltr'><strong>sponsos</strong></span> <span class='ocrx_word' id='word_1_69' title='bbox 680 1286 855 1333; x_wconf 88' lang='lat' dir='ltr'><strong>potuere</strong></span> <span class='ocrx_word' id='word_1_70' title='bbox 876 1278 984 1320; x_wconf 90' lang='lat' dir='ltr'><strong>duro</strong></span> 
     </span>
     <span class='ocr_line' id='line_1_17' title="bbox 738 1347 1066 1390; baseline -0.003 0"><span class='ocrx_word' id='word_1_71' title='bbox 738 1348 921 1390; x_wconf 87' lang='lat' dir='ltr'><strong>Perdere</strong></span> <span class='ocrx_word' id='word_1_72' title='bbox 942 1347 1066 1390; x_wconf 89' lang='lat' dir='ltr'><strong>ferro.</strong></span> 
     </span>
    </p>
   </div>
   <div class='ocr_carea' id='block_1_6' title="bbox 209 1474 1366 1562">
    <p class='ocr_par' dir='ltr' id='par_1_9' title="bbox 209 1474 1366 1562">
     <span class='ocr_line' id='line_1_18' title="bbox 210 1474 1254 1516; baseline 0 -9"><span class='ocrx_word' id='word_1_73' title='bbox 210 1482 343 1516; x_wconf 69' lang='lat' dir='ltr'><strong>paratur,</strong></span> <span class='ocrx_word' id='word_1_74' title='bbox 370 1481 402 1505; x_wconf 89' lang='lat' dir='ltr'><strong>et</strong></span> <span class='ocrx_word' id='word_1_75' title='bbox 429 1474 596 1506; x_wconf 82' lang='lat' dir='ltr'><strong>Theocrito</strong></span> <span class='ocrx_word' id='word_1_76' title='bbox 625 1475 692 1506; x_wconf 92' lang='lat' dir='ltr'>XI.</span> <span class='ocrx_word' id='word_1_77' title='bbox 718 1474 770 1505; x_wconf 79' lang='grc'><strong>21.</strong></span> <span class='ocrx_word' id='word_1_78' title='bbox 820 1474 975 1506; x_wconf 85' lang='lat' dir='ltr'><strong>Galathea</strong></span> <span class='ocrx_word' id='word_1_79' title='bbox 1018 1486 1119 1507; x_wconf 76' lang='lat' dir='ltr'><strong>cessus</strong></span> <span class='ocrx_word' id='word_1_80' title='bbox 1133 1475 1173 1506; x_wconf 86' lang='lat' dir='ltr'><strong>de</strong></span> <span class='ocrx_word' id='word_1_81' title='bbox 1189 1474 1254 1512; x_wconf 79' lang='lat' dir='ltr'><strong>tali,</strong></span> 
     </span>
     <span class='ocr_line' id='line_1_19' title="bbox 209 1517 1366 1562; baseline -0.001 -12"><span class='ocrx_word' id='word_1_82' title='bbox 209 1519 317 1550; x_wconf 85' lang='lat' dir='ltr'><strong>eadem</strong></span> <span class='ocrx_word' id='word_1_83' title='bbox 333 1517 372 1548; x_wconf 90' lang='lat' dir='ltr'><strong>de</strong></span> <span class='ocrx_word' id='word_1_84' title='bbox 387 1528 481 1550; x_wconf 74' lang='lat' dir='ltr'><strong>causa</strong></span> <span class='ocrx_word' id='word_1_85' title='bbox 495 1518 657 1562; x_wconf 64' lang='grc' dir='ltr'>φιαρωτέρα</span> <span class='ocrx_word' id='word_1_86' title='bbox 673 1518 803 1559; x_wconf 61' lang='grc' dir='ltr'><strong>ὄμφακος</strong></span> <span class='ocrx_word' id='word_1_87' title='bbox 828 1519 909 1557; x_wconf 68' lang='grc' dir='ltr'><strong>ὑμᾶς</strong></span> <span class='ocrx_word' id='word_1_88' title='bbox 926 1518 975 1548; x_wconf 78' lang='lat' dir='ltr'><strong>di·</strong></span> <span class='ocrx_word' id='word_1_89' title='bbox 1018 1518 1104 1558; x_wconf 84' lang='lat' dir='ltr'><strong>apud</strong></span> <span class='ocrx_word' id='word_1_90' title='bbox 1120 1518 1189 1549; x_wconf 90' lang='lat' dir='ltr'><strong>Liv.</strong></span> <span class='ocrx_word' id='word_1_91' title='bbox 1212 1519 1295 1550; x_wconf 91' lang='lat' dir='ltr'>VII.</span> <span class='ocrx_word' id='word_1_92' title='bbox 1317 1517 1366 1550; x_wconf 83' lang='lat'>17.</span> 
     </span>
    </p>
   </div>
   <div class='ocr_carea' id='block_1_7' title="bbox 1538 152 1770 200">
    <p class='ocr_par' dir='ltr' id='par_1_10' title="bbox 1538 152 1770 200">
     <span class='ocr_line' id='line_1_20' title="bbox 1538 152 1770 200; baseline 0.004 -11"><span class='ocrx_word' id='word_1_93' title='bbox 1538 152 1543 155; x_wconf 74' lang='lat'><em>&#39;</em></span> <span class='ocrx_word' id='word_1_94' title='bbox 1570 153 1685 200; x_wconf 63' lang='lat' dir='ltr'><strong>[Lm.</strong></span> <span class='ocrx_word' id='word_1_95' title='bbox 1701 162 1770 190; x_wconf 87' lang='lat'>111.</span> 
     </span>
    </p>
   </div>
   <div class='ocr_carea' id='block_1_8' title="bbox 1266 1457 1780 1559">
    <p class='ocr_par' dir='ltr' id='par_1_11' title="bbox 1266 1457 1780 1559">
     <span class='ocr_line' id='line_1_21' title="bbox 1266 1457 1776 1516; baseline -0.002 -10"><span class='ocrx_word' id='word_1_96' title='bbox 1266 1473 1354 1516; x_wconf 79' lang='lat' dir='ltr'><strong>quali</strong></span> <span class='ocrx_word' id='word_1_97' title='bbox 1371 1457 1476 1506; x_wconf 83' lang='lat' dir='ltr'><strong>Furiae</strong></span> <span class='ocrx_word' id='word_1_98' title='bbox 1489 1484 1522 1506; x_wconf 82' lang='lat' dir='ltr'><strong>se</strong></span> <span class='ocrx_word' id='word_1_99' title='bbox 1535 1474 1651 1505; x_wconf 79' lang='lat' dir='ltr'><strong>inferre</strong></span> <span class='ocrx_word' id='word_1_100' title='bbox 1667 1474 1776 1512; x_wconf 73' lang='lat' dir='ltr'><strong>solent,</strong></span> 
     </span>
     <span class='ocr_line' id='line_1_22' title="bbox 1453 1519 1780 1559; baseline 0 -9"><span class='ocrx_word' id='word_1_101' title='bbox 1453 1525 1547 1559; x_wconf 76' lang='lat' dir='ltr'><strong>caput</strong></span> <span class='ocrx_word' id='word_1_102' title='bbox 1561 1520 1640 1559; x_wconf 65' lang='lat' dir='ltr'><strong>eius,</strong></span> <span class='ocrx_word' id='word_1_103' title='bbox 1655 1519 1689 1550; x_wconf 70' lang='grc' dir='ltr'><strong>τὶ</strong></span> <span class='ocrx_word' id='word_1_104' title='bbox 1702 1520 1780 1558; x_wconf 71' lang='lat' dir='ltr'><strong>eius,</strong></span> 
     </span>
    </p>
   </div>
   <div class='ocr_carea' id='block_1_9' title="bbox 208 1562 1782 1735">
    <p class='ocr_par' dir='ltr' id='par_1_12' title="bbox 208 1562 1781 1603">
     <span class='ocr_line' id='line_1_23' title="bbox 208 1562 1781 1603; baseline -0.001 -10"><span class='ocrx_word' id='word_1_105' title='bbox 208 1563 298 1594; x_wconf 85' lang='lat' dir='ltr'><strong>citur.</strong></span> <span class='ocrx_word' id='word_1_106' title='bbox 1019 1568 1057 1592; x_wconf 92' lang='lat' dir='ltr'><strong>ut</strong></span> <span class='ocrx_word' id='word_1_107' title='bbox 1070 1562 1164 1592; x_wconf 86' lang='lat' dir='ltr'><strong>nimis</strong></span> <span class='ocrx_word' id='word_1_108' title='bbox 1185 1569 1280 1593; x_wconf 87' lang='lat' dir='ltr'><strong>tenue</strong></span> <span class='ocrx_word' id='word_1_109' title='bbox 1306 1569 1338 1594; x_wconf 87' lang='lat' dir='ltr'><strong>et</strong></span> <span class='ocrx_word' id='word_1_110' title='bbox 1360 1562 1549 1603; x_wconf 80' lang='lat' dir='ltr'><strong>languidum</strong></span> <span class='ocrx_word' id='word_1_111' title='bbox 1571 1563 1605 1592; x_wconf 91' lang='lat' dir='ltr'><strong>in</strong></span> <span class='ocrx_word' id='word_1_112' title='bbox 1627 1562 1686 1593; x_wconf 82' lang='lat' dir='ltr'><strong>hac</strong></span> <span class='ocrx_word' id='word_1_113' title='bbox 1707 1564 1781 1593; x_wconf 87' lang='lat' dir='ltr'><strong>sub-</strong></span> 
     </span>
    </p>

    <p class='ocr_par' dir='ltr' id='par_1_13' title="bbox 208 1602 1782 1735">
     <span class='ocr_line' id='line_1_24' title="bbox 250 1602 1781 1647; baseline 0 -11"><span class='ocrx_word' id='word_1_114' title='bbox 250 1617 280 1636; x_wconf 86' lang='lat' dir='ltr'>v.</span> <span class='ocrx_word' id='word_1_115' title='bbox 303 1602 438 1636; x_wconf 77' lang='lat'>13-20.</span> <span class='ocrx_word' id='word_1_116' title='bbox 492 1608 542 1637; x_wconf 84' lang='lat' dir='ltr'><strong>Tu</strong></span> <span class='ocrx_word' id='word_1_117' title='bbox 559 1612 646 1646; x_wconf 80' lang='lat' dir='ltr'><strong>potes</strong></span> <span class='ocrx_word' id='word_1_118' title='bbox 676 1608 768 1646; x_wconf 83' lang='lat' dir='ltr'><strong>tigres</strong></span> <span class='ocrx_word' id='word_1_119' title='bbox 793 1615 834 1636; x_wconf 89' lang='lat' dir='ltr'><strong>sc.</strong></span> <span class='ocrx_word' id='word_1_120' title='bbox 864 1611 975 1635; x_wconf 84' lang='lat' dir='ltr'><strong>cantus</strong></span> <span class='ocrx_word' id='word_1_121' title='bbox 1018 1605 1150 1636; x_wconf 89' lang='lat' dir='ltr'><strong>limioris</strong></span> <span class='ocrx_word' id='word_1_122' title='bbox 1175 1606 1321 1636; x_wconf 83' lang='lat' dir='ltr'><strong>carminis</strong></span> <span class='ocrx_word' id='word_1_123' title='bbox 1342 1606 1492 1642; x_wconf 74' lang='lat' dir='ltr'><strong>oratione,</strong></span> <span class='ocrx_word' id='word_1_124' title='bbox 1514 1607 1585 1646; x_wconf 83' lang='lat' dir='ltr'><strong>jure</strong></span> <span class='ocrx_word' id='word_1_125' title='bbox 1608 1606 1781 1647; x_wconf 78' lang='lat' dir='ltr'><strong>meritoque</strong></span> 
     </span>
     <span class='ocr_line' id='line_1_25' title="bbox 208 1648 1782 1690; baseline -0.001 -9"><span class='ocrx_word' id='word_1_126' title='bbox 208 1649 255 1681; x_wconf 88' lang='lat' dir='ltr'><strong>tui</strong></span> <span class='ocrx_word' id='word_1_127' title='bbox 269 1648 438 1680; x_wconf 86' lang='lat' dir='ltr'><strong>dulcedine</strong></span> <span class='ocrx_word' id='word_1_128' title='bbox 453 1648 584 1686; x_wconf 73' lang='lat' dir='ltr'><strong>flectere,</strong></span> <span class='ocrx_word' id='word_1_129' title='bbox 606 1649 655 1679; x_wconf 90' lang='lat' dir='ltr'><strong>vel</strong></span> <span class='ocrx_word' id='word_1_130' title='bbox 669 1649 809 1680; x_wconf 85' lang='lat' dir='ltr'><strong>mitiores</strong></span> <span class='ocrx_word' id='word_1_131' title='bbox 823 1648 952 1679; x_wconf 84' lang='lat' dir='ltr'><strong>reddere</strong></span> <span class='ocrx_word' id='word_1_132' title='bbox 965 1660 976 1686; x_wconf 89' lang='lat'>;</span> <span class='ocrx_word' id='word_1_133' title='bbox 1014 1649 1081 1690; x_wconf 81' lang='lat' dir='ltr'><strong>jam</strong></span> <span class='ocrx_word' id='word_1_134' title='bbox 1096 1650 1260 1680; x_wconf 75' lang='lat' dir='ltr'><strong>Bentleius</strong></span> <span class='ocrx_word' id='word_1_135' title='bbox 1274 1651 1552 1690; x_wconf 76' lang='lat' dir='ltr'><strong>etCuningamius</strong></span> <span class='ocrx_word' id='word_1_136' title='bbox 1565 1655 1597 1680; x_wconf 85' lang='lat' dir='ltr'><strong>et</strong></span> <span class='ocrx_word' id='word_1_137' title='bbox 1611 1648 1665 1680; x_wconf 87' lang='lat' dir='ltr'><strong>alii</strong></span> <span class='ocrx_word' id='word_1_138' title='bbox 1674 1659 1782 1680; x_wconf 80' lang='lat' dir='ltr'><strong>emen-</strong></span> 
     </span>
     <span class='ocr_line' id='line_1_26' title="bbox 208 1689 1781 1735; baseline -0.001 -11"><span class='ocrx_word' id='word_1_139' title='bbox 208 1692 363 1735; x_wconf 89' lang='lat' dir='ltr'><strong>ejusmodi</strong></span> <span class='ocrx_word' id='word_1_140' title='bbox 378 1693 463 1723; x_wconf 90' lang='lat' dir='ltr'><strong>enim</strong></span> <span class='ocrx_word' id='word_1_141' title='bbox 475 1692 595 1734; x_wconf 89' lang='lat' dir='ltr'><strong>aliquid</strong></span> <span class='ocrx_word' id='word_1_142' title='bbox 604 1692 816 1732; x_wconf 86' lang='lat' dir='ltr'><strong>supplendum</strong></span> <span class='ocrx_word' id='word_1_143' title='bbox 828 1699 883 1726; x_wconf 82' lang='lat' dir='ltr'><strong>est,</strong></span> <span class='ocrx_word' id='word_1_144' title='bbox 894 1689 975 1722; x_wconf 55' lang='lat' dir='ltr'><strong>‘cum</strong></span> <span class='ocrx_word' id='word_1_145' title='bbox 1019 1692 1127 1723; x_wconf 78' lang='lat' dir='ltr'><strong>datum</strong></span> <span class='ocrx_word' id='word_1_146' title='bbox 1153 1692 1297 1731; x_wconf 85' lang='lat' dir='ltr'><strong>iverunt;</strong></span> <span class='ocrx_word' id='word_1_147' title='bbox 1328 1692 1446 1724; x_wconf 82' lang='lat' dir='ltr'><strong>scilicet</strong></span> <span class='ocrx_word' id='word_1_148' title='bbox 1469 1693 1599 1724; x_wconf 86' lang='lat' dir='ltr'><strong>verbum</strong></span> <span class='ocrx_word' id='word_1_149' title='bbox 1622 1692 1781 1733; x_wconf 82' lang='lat' dir='ltr'><strong>quoddam</strong></span> 
     </span>
    </p>
   </div>
   <div class='ocr_carea' id='block_1_10' title="bbox 187 1735 984 2997">
    <p class='ocr_par' dir='ltr' id='par_1_14' title="bbox 187 1735 984 2996">
     <span class='ocr_line' id='line_1_27' title="bbox 209 1735 974 1777; baseline -0.004 -9"><span class='ocrx_word' id='word_1_150' title='bbox 209 1738 243 1768; x_wconf 75' lang='grc' dir='ltr'><strong>τὸ</strong></span> <span class='ocrx_word' id='word_1_151' title='bbox 257 1739 371 1768; x_wconf 85' lang='lat' dir='ltr'><strong>ducere</strong></span> <span class='ocrx_word' id='word_1_152' title='bbox 385 1746 423 1766; x_wconf 87' lang='lat' dir='ltr'><strong>ex</strong></span> <span class='ocrx_word' id='word_1_153' title='bbox 446 1743 522 1767; x_wconf 84' lang='lat' dir='ltr'><strong>noto</strong></span> <span class='ocrx_word' id='word_1_154' title='bbox 544 1736 693 1777; x_wconf 89' lang='lat' dir='ltr'><strong>loquendi</strong></span> <span class='ocrx_word' id='word_1_155' title='bbox 715 1746 830 1777; x_wconf 87' lang='lat' dir='ltr'><strong>genere</strong></span> <span class='ocrx_word' id='word_1_156' title='bbox 852 1735 974 1766; x_wconf 87' lang='lat' dir='ltr'><strong>nomini</strong></span> 
     </span>
     <span class='ocr_line' id='line_1_28' title="bbox 206 1778 975 1821; baseline -0.003 -10"><span class='ocrx_word' id='word_1_157' title='bbox 206 1786 332 1811; x_wconf 83' lang='lat' dir='ltr'><strong>tantum</strong></span> <span class='ocrx_word' id='word_1_158' title='bbox 355 1780 499 1819; x_wconf 85' lang='lat' dir='ltr'><strong>proximo</strong></span> <span class='ocrx_word' id='word_1_159' title='bbox 522 1783 564 1821; x_wconf 67' lang='grc' dir='ltr'><strong>τῷ</strong></span> <span class='ocrx_word' id='word_1_160' title='bbox 590 1782 679 1811; x_wconf 80' lang='lat' dir='ltr'><strong>silvas</strong></span> <span class='ocrx_word' id='word_1_161' title='bbox 702 1778 975 1810; x_wconf 79' lang='lat' dir='ltr'><strong>accommodatum</strong></span> 
     </span>
     <span class='ocr_line' id='line_1_29' title="bbox 207 1822 975 1862; baseline -0.001 -8"><span class='ocrx_word' id='word_1_162' title='bbox 207 1824 248 1855; x_wconf 85' lang='lat' dir='ltr'><strong>sit</strong></span> <span class='ocrx_word' id='word_1_163' title='bbox 262 1836 272 1862; x_wconf 90' lang='lat'>;</span> <span class='ocrx_word' id='word_1_164' title='bbox 287 1841 332 1848; x_wconf 98' lang='lat'><strong>—</strong></span> <span class='ocrx_word' id='word_1_165' title='bbox 346 1823 386 1854; x_wconf 91' lang='lat' dir='ltr'><strong>de</strong></span> <span class='ocrx_word' id='word_1_166' title='bbox 414 1830 525 1854; x_wconf 84' lang='lat' dir='ltr'><strong>cantus</strong></span> <span class='ocrx_word' id='word_1_167' title='bbox 550 1823 580 1853; x_wconf 88' lang='lat' dir='ltr'><strong>vi</strong></span> <span class='ocrx_word' id='word_1_168' title='bbox 603 1822 746 1854; x_wconf 86' lang='lat' dir='ltr'><strong>similiter</strong></span> <span class='ocrx_word' id='word_1_169' title='bbox 776 1822 888 1854; x_wconf 87' lang='lat' dir='ltr'><strong>Cicero</strong></span> <span class='ocrx_word' id='word_1_170' title='bbox 917 1832 975 1862; x_wconf 91' lang='lat' dir='ltr'><strong>pro</strong></span> 
     </span>
     <span class='ocr_line' id='line_1_30' title="bbox 211 1865 975 1909; baseline -0.001 -11"><span class='ocrx_word' id='word_1_171' title='bbox 211 1867 307 1898; x_wconf 87' lang='lat' dir='ltr'><strong>Arch.</strong></span> <span class='ocrx_word' id='word_1_172' title='bbox 319 1865 350 1897; x_wconf 87' lang='grc'><strong>8.</strong></span> <span class='ocrx_word' id='word_1_173' title='bbox 365 1868 465 1898; x_wconf 81' lang='lat' dir='ltr'><strong>bestiae</strong></span> <span class='ocrx_word' id='word_1_174' title='bbox 476 1878 555 1908; x_wconf 62' lang='grc' dir='ltr'><strong>ηερε</strong></span> <span class='ocrx_word' id='word_1_175' title='bbox 566 1868 719 1899; x_wconf 84' lang='lat' dir='ltr'><strong>immanes</strong></span> <span class='ocrx_word' id='word_1_176' title='bbox 731 1869 975 1909; x_wconf 81' lang='lat' dir='ltr'><strong>camuflectun-</strong></span> 
     </span>
     <span class='ocr_line' id='line_1_31' title="bbox 207 1910 975 1950; baseline -0.003 -8"><span class='ocrx_word' id='word_1_177' title='bbox 207 1918 261 1942; x_wconf 79' lang='lat' dir='ltr'><strong>tur</strong></span> <span class='ocrx_word' id='word_1_178' title='bbox 275 1917 306 1942; x_wconf 81' lang='lat' dir='ltr'><strong>et</strong></span> <span class='ocrx_word' id='word_1_179' title='bbox 324 1912 503 1942; x_wconf 77' lang='lat' dir='ltr'><strong>consistunt.</strong></span> <span class='ocrx_word' id='word_1_180' title='bbox 548 1910 692 1950; x_wconf 85' lang='lat' dir='ltr'><strong>Respicit</strong></span> <span class='ocrx_word' id='word_1_181' title='bbox 705 1917 811 1941; x_wconf 82' lang='lat' dir='ltr'><strong>autem</strong></span> <span class='ocrx_word' id='word_1_182' title='bbox 822 1917 922 1949; x_wconf 85' lang='lat' dir='ltr'><strong>poeta,</strong></span> <span class='ocrx_word' id='word_1_183' title='bbox 939 1915 975 1940; x_wconf 92' lang='lat' dir='ltr'><strong>ut</strong></span> 
     </span>
     <span class='ocr_line' id='line_1_32' title="bbox 207 1953 976 1996; baseline -0.001 -12"><span class='ocrx_word' id='word_1_184' title='bbox 207 1954 309 1996; x_wconf 89' lang='lat' dir='ltr'><strong>quivis</strong></span> <span class='ocrx_word' id='word_1_185' title='bbox 333 1954 400 1993; x_wconf 90' lang='lat' dir='ltr'><strong>ipse</strong></span> <span class='ocrx_word' id='word_1_186' title='bbox 426 1954 519 1992; x_wconf 85' lang='lat' dir='ltr'><strong>videt,</strong></span> <span class='ocrx_word' id='word_1_187' title='bbox 546 1965 591 1989; x_wconf 72' lang='lat' dir='ltr'><strong>ea.</strong></span> <span class='ocrx_word' id='word_1_188' title='bbox 625 1965 697 1995; x_wconf 84' lang='lat' dir='ltr'><strong>quae</strong></span> <span class='ocrx_word' id='word_1_189' title='bbox 725 1954 873 1993; x_wconf 87' lang='lat' dir='ltr'><strong>Orpheus</strong></span> <span class='ocrx_word' id='word_1_190' title='bbox 899 1953 976 1993; x_wconf 85' lang='lat' dir='ltr'><strong>lyrae</strong></span> 
     </span>
     <span class='ocr_line' id='line_1_33' title="bbox 208 1997 973 2038; baseline -0.003 -10"><span class='ocrx_word' id='word_1_191' title='bbox 208 2004 304 2028; x_wconf 88' lang='lat' dir='ltr'><strong>cantu</strong></span> <span class='ocrx_word' id='word_1_192' title='bbox 327 1997 465 2028; x_wconf 85' lang='lat' dir='ltr'><strong>effecisse</strong></span> <span class='ocrx_word' id='word_1_193' title='bbox 491 1997 649 2036; x_wconf 83' lang='lat' dir='ltr'><strong>traditur;</strong></span> <span class='ocrx_word' id='word_1_194' title='bbox 686 1997 760 2028; x_wconf 89' lang='lat' dir='ltr'><strong>hinc</strong></span> <span class='ocrx_word' id='word_1_195' title='bbox 787 1997 873 2038; x_wconf 91' lang='lat' dir='ltr'><strong>quod</strong></span> <span class='ocrx_word' id='word_1_196' title='bbox 906 1997 973 2037; x_wconf 86' lang='lat' dir='ltr'><strong>lyra</strong></span> 
     </span>
     <span class='ocr_line' id='line_1_34' title="bbox 207 2040 973 2083; baseline -0.003 -11"><span class='ocrx_word' id='word_1_197' title='bbox 207 2043 299 2073; x_wconf 80' lang='lat' dir='ltr'><strong>silvas</strong></span> <span class='ocrx_word' id='word_1_198' title='bbox 321 2043 442 2073; x_wconf 73' lang='lat' dir='ltr'><strong>comites</strong></span> <span class='ocrx_word' id='word_1_199' title='bbox 464 2043 584 2078; x_wconf 83' lang='lat' dir='ltr'><strong>ducere,</strong></span> <span class='ocrx_word' id='word_1_200' title='bbox 611 2041 657 2083; x_wconf 83' lang='lat' dir='ltr'>(h.</span> <span class='ocrx_word' id='word_1_201' title='bbox 677 2051 704 2071; x_wconf 79' lang='lat' dir='ltr'><strong>e.</strong></span> <span class='ocrx_word' id='word_1_202' title='bbox 730 2042 855 2072; x_wconf 87' lang='lat' dir='ltr'><strong>arbores</strong></span> <span class='ocrx_word' id='word_1_203' title='bbox 870 2040 973 2071; x_wconf 76' lang='lat' dir='ltr'><strong>addu-</strong></span> 
     </span>
     <span class='ocr_line' id='line_1_35' title="bbox 207 2084 972 2135; baseline -0.003 -19"><span class='ocrx_word' id='word_1_204' title='bbox 207 2095 286 2120; x_wconf 87' lang='lat' dir='ltr'><strong>cere,</strong></span> <span class='ocrx_word' id='word_1_205' title='bbox 304 2091 340 2115; x_wconf 91' lang='lat' dir='ltr'><strong>ut</strong></span> <span class='ocrx_word' id='word_1_206' title='bbox 354 2084 422 2125; x_wconf 81' lang='lat' dir='ltr'><strong>lyra</strong></span> <span class='ocrx_word' id='word_1_207' title='bbox 437 2092 603 2115; x_wconf 85' lang='lat' dir='ltr'><strong>canentem</strong></span> <span class='ocrx_word' id='word_1_208' title='bbox 616 2091 772 2135; x_wconf 42' lang='lat' dir='ltr'><strong>tanquam.</strong></span> <span class='ocrx_word' id='word_1_209' title='bbox 780 2084 910 2115; x_wconf 89' lang='lat' dir='ltr'><strong>comites</strong></span> <span class='ocrx_word' id='word_1_210' title='bbox 924 2094 972 2114; x_wconf 85' lang='lat' dir='ltr'><strong>se-</strong></span> 
     </span>
     <span class='ocr_line' id='line_1_36' title="bbox 207 2127 971 2170; baseline -0.004 -11"><span class='ocrx_word' id='word_1_211' title='bbox 207 2127 371 2170; x_wconf 57' lang='lat' dir='ltr'><strong>quantun)</strong></span> <span class='ocrx_word' id='word_1_212' title='bbox 402 2135 434 2159; x_wconf 91' lang='lat' dir='ltr'><strong>et</strong></span> <span class='ocrx_word' id='word_1_213' title='bbox 462 2130 579 2159; x_wconf 84' lang='lat' dir='ltr'><strong>morari</strong></span> <span class='ocrx_word' id='word_1_214' title='bbox 608 2131 719 2160; x_wconf 81' lang='lat' dir='ltr'><strong>celeres</strong></span> <span class='ocrx_word' id='word_1_215' title='bbox 744 2130 822 2159; x_wconf 81' lang='lat' dir='ltr'><strong>rivos</strong></span> <span class='ocrx_word' id='word_1_216' title='bbox 846 2127 971 2164; x_wconf 79' lang='lat' dir='ltr'><strong>dicitur,</strong></span> 
     </span>
     <span class='ocr_line' id='line_1_37' title="bbox 208 2169 968 2214; baseline 0 -12"><span class='ocrx_word' id='word_1_217' title='bbox 208 2172 334 2214; x_wconf 83' lang='lat' dir='ltr'><strong>egregie</strong></span> <span class='ocrx_word' id='word_1_218' title='bbox 362 2172 528 2211; x_wconf 87' lang='lat' dir='ltr'><strong>respondet</strong></span> <span class='ocrx_word' id='word_1_219' title='bbox 553 2171 601 2209; x_wconf 86' lang='lat' dir='ltr'><strong>iis,</strong></span> <span class='ocrx_word' id='word_1_220' title='bbox 626 2183 699 2213; x_wconf 88' lang='lat' dir='ltr'><strong>quae</strong></span> <span class='ocrx_word' id='word_1_221' title='bbox 732 2182 827 2211; x_wconf 82' lang='lat' dir='ltr'><strong>supra.</strong></span> <span class='ocrx_word' id='word_1_222' title='bbox 859 2171 885 2202; x_wconf 96' lang='grc' dir='ltr'><strong>Ι.</strong></span> <span class='ocrx_word' id='word_1_223' title='bbox 918 2169 968 2202; x_wconf 82' lang='grc'><strong>12.</strong></span> 
     </span>
     <span class='ocr_line' id='line_1_38' title="bbox 209 2213 968 2255; baseline 0.001 -10"><span class='ocrx_word' id='word_1_224' title='bbox 209 2213 326 2246; x_wconf 79' lang='grc'><strong>9-12,</strong></span> <span class='ocrx_word' id='word_1_225' title='bbox 353 2214 392 2245; x_wconf 89' lang='lat' dir='ltr'><strong>de</strong></span> <span class='ocrx_word' id='word_1_226' title='bbox 417 2215 546 2255; x_wconf 82' lang='lat' dir='ltr'><strong>Orpheo</strong></span> <span class='ocrx_word' id='word_1_227' title='bbox 561 2222 735 2246; x_wconf 73' lang='lat' dir='ltr'><strong>narrantur.</strong></span> <span class='ocrx_word' id='word_1_228' title='bbox 786 2218 864 2247; x_wconf 83' lang='lat' dir='ltr'><strong>Cess.</strong></span> <span class='ocrx_word' id='word_1_229' title='bbox 891 2217 968 2246; x_wconf 81' lang='lat' dir='ltr'><strong>inm.</strong></span> 
     </span>
     <span class='ocr_line' id='line_1_39' title="bbox 208 2258 973 2291; baseline -0.004 0"><span class='ocrx_word' id='word_1_230' title='bbox 208 2261 261 2291; x_wconf 76' lang='lat' dir='ltr'><strong>tibi</strong></span> <span class='ocrx_word' id='word_1_231' title='bbox 275 2261 377 2290; x_wconf 83' lang='lat' dir='ltr'><strong>bland.</strong></span> <span class='ocrx_word' id='word_1_232' title='bbox 396 2261 473 2291; x_wconf 84' lang='lat' dir='ltr'>Jan.</span> <span class='ocrx_word' id='word_1_233' title='bbox 491 2260 556 2290; x_wconf 84' lang='lat' dir='ltr'><strong>aul.</strong></span> <span class='ocrx_word' id='word_1_234' title='bbox 575 2261 658 2290; x_wconf 87' lang='lat' dir='ltr'><strong>Cerb.</strong></span> <span class='ocrx_word' id='word_1_235' title='bbox 673 2259 864 2290; x_wconf 89' lang='lat' dir='ltr'><strong>horrendum</strong></span> <span class='ocrx_word' id='word_1_236' title='bbox 880 2258 973 2289; x_wconf 90' lang='lat' dir='ltr'><strong>illum</strong></span> 
     </span>
     <span class='ocr_line' id='line_1_40' title="bbox 211 2301 974 2344; baseline -0.003 -10"><span class='ocrx_word' id='word_1_237' title='bbox 211 2302 287 2334; x_wconf 80' lang='lat' dir='ltr'><strong>Orci</strong></span> <span class='ocrx_word' id='word_1_238' title='bbox 297 2302 477 2344; x_wconf 79' lang='lat' dir='ltr'><strong>janitorem,</strong></span> <span class='ocrx_word' id='word_1_239' title='bbox 503 2303 686 2339; x_wconf 86' lang='lat' dir='ltr'><strong>Cerberum,</strong></span> <span class='ocrx_word' id='word_1_240' title='bbox 703 2303 844 2333; x_wconf 81' lang='lat' dir='ltr'><strong>vicerunt</strong></span> <span class='ocrx_word' id='word_1_241' title='bbox 858 2301 974 2332; x_wconf 82' lang='lat' dir='ltr'><strong>blanda</strong></span> 
     </span>
     <span class='ocr_line' id='line_1_41' title="bbox 210 2345 971 2385; baseline -0.004 -8"><span class='ocrx_word' id='word_1_242' title='bbox 210 2354 266 2377; x_wconf 75' lang='lat' dir='ltr'><strong>tua</strong></span> <span class='ocrx_word' id='word_1_243' title='bbox 281 2346 428 2380; x_wconf 75' lang='lat' dir='ltr'><strong>carmina,</strong></span> <span class='ocrx_word' id='word_1_244' title='bbox 457 2347 487 2375; x_wconf 89' lang='lat' dir='ltr'>h.</span> <span class='ocrx_word' id='word_1_245' title='bbox 507 2356 533 2375; x_wconf 86' lang='lat' dir='ltr'><strong>e.</strong></span> <span class='ocrx_word' id='word_1_246' title='bbox 554 2346 596 2375; x_wconf 79' lang='lat' dir='ltr'><strong>ita</strong></span> <span class='ocrx_word' id='word_1_247' title='bbox 610 2352 761 2385; x_wconf 89' lang='lat' dir='ltr'><strong>ceperunt</strong></span> <span class='ocrx_word' id='word_1_248' title='bbox 775 2353 806 2376; x_wconf 91' lang='lat' dir='ltr'><strong>et</strong></span> <span class='ocrx_word' id='word_1_249' title='bbox 821 2345 971 2377; x_wconf 88' lang='lat' dir='ltr'><strong>delinive-</strong></span> 
     </span>
     <span class='ocr_line' id='line_1_42' title="bbox 210 2387 972 2428; baseline -0.001 -8"><span class='ocrx_word' id='word_1_250' title='bbox 210 2387 295 2428; x_wconf 85' lang='lat' dir='ltr'><strong>runt,</strong></span> <span class='ocrx_word' id='word_1_251' title='bbox 310 2395 347 2420; x_wconf 88' lang='lat' dir='ltr'><strong>ut</strong></span> <span class='ocrx_word' id='word_1_252' title='bbox 364 2388 494 2428; x_wconf 84' lang='lat' dir='ltr'><strong>Orpheo</strong></span> <span class='ocrx_word' id='word_1_253' title='bbox 509 2389 604 2419; x_wconf 84' lang='lat' dir='ltr'><strong>libere</strong></span> <span class='ocrx_word' id='word_1_254' title='bbox 622 2389 742 2420; x_wconf 90' lang='lat' dir='ltr'><strong>Orcum</strong></span> <span class='ocrx_word' id='word_1_255' title='bbox 766 2389 904 2420; x_wconf 81' lang='lat' dir='ltr'><strong>adeundi</strong></span> <span class='ocrx_word' id='word_1_256' title='bbox 925 2388 972 2419; x_wconf 79' lang='lat' dir='ltr'><strong>fa-</strong></span> 
     </span>
     <span class='ocr_line' id='line_1_43' title="bbox 211 2431 974 2474; baseline -0.003 -10"><span class='ocrx_word' id='word_1_257' title='bbox 211 2440 294 2464; x_wconf 78' lang='lat' dir='ltr'><strong>ceret</strong></span> <span class='ocrx_word' id='word_1_258' title='bbox 307 2432 440 2474; x_wconf 83' lang='lat' dir='ltr'><strong>copiam.</strong></span> <span class='ocrx_word' id='word_1_259' title='bbox 457 2451 502 2456; x_wconf 98' lang='lat'><strong>—</strong></span> <span class='ocrx_word' id='word_1_260' title='bbox 519 2432 572 2463; x_wconf 93' lang='lat' dir='ltr'><strong>De</strong></span> <span class='ocrx_word' id='word_1_261' title='bbox 590 2432 710 2471; x_wconf 84' lang='lat' dir='ltr'><strong>Orphei</strong></span> <span class='ocrx_word' id='word_1_262' title='bbox 731 2433 765 2462; x_wconf 91' lang='lat' dir='ltr'><strong>in</strong></span> <span class='ocrx_word' id='word_1_263' title='bbox 789 2433 910 2464; x_wconf 90' lang='lat' dir='ltr'><strong>Orcum</strong></span> <span class='ocrx_word' id='word_1_264' title='bbox 933 2431 974 2462; x_wconf 85' lang='lat' dir='ltr'><strong>ad</strong></span> 
     </span>
     <span class='ocr_line' id='line_1_44' title="bbox 213 2475 975 2517; baseline -0.004 -9"><span class='ocrx_word' id='word_1_265' title='bbox 213 2475 395 2517; x_wconf 79' lang='lat' dir='ltr'><strong>Eurydicen</strong></span> <span class='ocrx_word' id='word_1_266' title='bbox 409 2485 498 2507; x_wconf 85' lang='lat' dir='ltr'><strong>suam</strong></span> <span class='ocrx_word' id='word_1_267' title='bbox 513 2475 588 2506; x_wconf 91' lang='lat' dir='ltr'><strong>inde</strong></span> <span class='ocrx_word' id='word_1_268' title='bbox 601 2475 813 2507; x_wconf 81' lang='lat' dir='ltr'><strong>reducendam</strong></span> <span class='ocrx_word' id='word_1_269' title='bbox 824 2476 975 2506; x_wconf 83' lang='lat' dir='ltr'><strong>descensu</strong></span> 
     </span>
     <span class='ocr_line' id='line_1_45' title="bbox 211 2517 972 2560; baseline -0.003 -9"><span class='ocrx_word' id='word_1_270' title='bbox 211 2527 244 2551; x_wconf 83' lang='lat' dir='ltr'><strong>et</strong></span> <span class='ocrx_word' id='word_1_271' title='bbox 257 2517 440 2557; x_wconf 77' lang='lat' dir='ltr'><strong>admirabili,</strong></span> <span class='ocrx_word' id='word_1_272' title='bbox 464 2529 559 2560; x_wconf 83' lang='lat' dir='ltr'><strong>quam</strong></span> <span class='ocrx_word' id='word_1_273' title='bbox 574 2519 642 2559; x_wconf 89' lang='lat' dir='ltr'><strong>ejus</strong></span> <span class='ocrx_word' id='word_1_274' title='bbox 665 2519 804 2550; x_wconf 84' lang='lat' dir='ltr'><strong>carmina</strong></span> <span class='ocrx_word' id='word_1_275' title='bbox 817 2519 861 2550; x_wconf 90' lang='lat' dir='ltr'><strong>ibi</strong></span> <span class='ocrx_word' id='word_1_276' title='bbox 874 2520 972 2550; x_wconf 85' lang='lat' dir='ltr'><strong>habu-</strong></span> 
     </span>
     <span class='ocr_line' id='line_1_46' title="bbox 213 2562 971 2604; baseline -0.003 -10"><span class='ocrx_word' id='word_1_277' title='bbox 213 2575 272 2598; x_wconf 86' lang='lat' dir='ltr'><strong>ere,</strong></span> <span class='ocrx_word' id='word_1_278' title='bbox 288 2563 320 2594; x_wconf 80' lang='lat' dir='ltr'><strong>vi</strong></span> <span class='ocrx_word' id='word_1_279' title='bbox 332 2562 421 2594; x_wconf 80' lang='lat' dir='ltr'><strong>locus</strong></span> <span class='ocrx_word' id='word_1_280' title='bbox 430 2562 577 2594; x_wconf 81' lang='lat' dir='ltr'><strong>classicus</strong></span> <span class='ocrx_word' id='word_1_281' title='bbox 591 2570 638 2593; x_wconf 89' lang='lat' dir='ltr'><strong>est</strong></span> <span class='ocrx_word' id='word_1_282' title='bbox 647 2563 733 2602; x_wconf 88' lang='lat' dir='ltr'><strong>apud</strong></span> <span class='ocrx_word' id='word_1_283' title='bbox 744 2563 835 2604; x_wconf 85' lang='lat' dir='ltr'><strong>Virg.</strong></span> <span class='ocrx_word' id='word_1_284' title='bbox 854 2563 971 2603; x_wconf 87' lang='lat' dir='ltr'><strong>Georg.</strong></span> 
     </span>
     <span class='ocr_line' id='line_1_47' title="bbox 187 2605 984 2648; baseline 0.001 -10"><span class='ocrx_word' id='word_1_285' title='bbox 187 2636 192 2643; x_wconf 83' lang='grc'><em>,</em></span> <span class='ocrx_word' id='word_1_286' title='bbox 214 2607 278 2638; x_wconf 91' lang='lat' dir='ltr'>IV.</span> <span class='ocrx_word' id='word_1_287' title='bbox 310 2605 485 2648; x_wconf 23' lang='lat' dir='ltr'><strong>467&#39;useqq.</strong></span> <span class='ocrx_word' id='word_1_288' title='bbox 585 2608 724 2638; x_wconf 79' lang='lat' dir='ltr'><strong>inmanis</strong></span> <span class='ocrx_word' id='word_1_289' title='bbox 763 2606 812 2637; x_wconf 87' lang='lat' dir='ltr'><strong>Cl.</strong></span> <span class='ocrx_word' id='word_1_290' title='bbox 847 2608 984 2639; x_wconf 68' lang='lat' dir='ltr'><strong>Mitsclz.v</strong></span> 
     </span>
     <span class='ocr_line' id='line_1_48' title="bbox 213 2648 973 2689; baseline -0.003 -8"><span class='ocrx_word' id='word_1_291' title='bbox 213 2661 288 2682; x_wconf 89' lang='lat' dir='ltr'><strong>cum</strong></span> <span class='ocrx_word' id='word_1_292' title='bbox 303 2651 455 2684; x_wconf 63' lang='lat' dir='ltr'><strong>Lambini»</strong></span> <span class='ocrx_word' id='word_1_293' title='bbox 468 2648 509 2681; x_wconf 78' lang='lat' dir='ltr'><strong>ad</strong></span> <span class='ocrx_word' id='word_1_294' title='bbox 522 2651 605 2681; x_wconf 78' lang='lat' dir='ltr'><strong>auloe</strong></span> <span class='ocrx_word' id='word_1_295' title='bbox 619 2648 819 2680; x_wconf 83' lang='lat' dir='ltr'><strong>referendum</strong></span> <span class='ocrx_word' id='word_1_296' title='bbox 834 2660 900 2680; x_wconf 68' lang='lat' dir='ltr'><strong>esse</strong></span> <span class='ocrx_word' id='word_1_297' title='bbox 914 2660 973 2689; x_wconf 91' lang='lat' dir='ltr'><strong>pu-</strong></span> 
     </span>
     <span class='ocr_line' id='line_1_49' title="bbox 213 2691 973 2734; baseline -0.003 -10"><span class='ocrx_word' id='word_1_298' title='bbox 213 2701 304 2733; x_wconf 72' lang='lat' dir='ltr'><strong>tant5</strong></span> <span class='ocrx_word' id='word_1_299' title='bbox 326 2693 427 2725; x_wconf 82' lang='lat' dir='ltr'><strong>sedut</strong></span> <span class='ocrx_word' id='word_1_300' title='bbox 432 2691 516 2725; x_wconf 80' lang='lat' dir='ltr'><strong>nihil</strong></span> <span class='ocrx_word' id='word_1_301' title='bbox 526 2692 638 2730; x_wconf 77' lang='lat' dir='ltr'><strong>dicam,</strong></span> <span class='ocrx_word' id='word_1_302' title='bbox 654 2693 797 2725; x_wconf 85' lang='lat' dir='ltr'><strong>Cerberi</strong></span> <span class='ocrx_word' id='word_1_303' title='bbox 784 2703 851 2733; x_wconf 83' lang='lat' dir='ltr'><strong>Jam</strong></span> <span class='ocrx_word' id='word_1_304' title='bbox 862 2693 973 2734; x_wconf 85' lang='lat' dir='ltr'><strong>magis,</strong></span> 
     </span>
     <span class='ocr_line' id='line_1_50' title="bbox 213 2735 975 2779; baseline -0.003 -11"><span class='ocrx_word' id='word_1_305' title='bbox 213 2748 308 2779; x_wconf 88' lang='lat' dir='ltr'><strong>quam</strong></span> <span class='ocrx_word' id='word_1_306' title='bbox 319 2739 403 2770; x_wconf 80' lang='lat' dir='ltr'><strong>aulae</strong></span> <span class='ocrx_word' id='word_1_307' title='bbox 415 2736 641 2779; x_wconf 65' lang='lat' dir='ltr'><strong>immanitatem</strong></span> <span class='ocrx_word' id='word_1_308' title='bbox 656 2735 760 2767; x_wconf 83' lang='lat' dir='ltr'><strong>favere</strong></span> <span class='ocrx_word' id='word_1_309' title='bbox 773 2736 828 2774; x_wconf 90' lang='lat' dir='ltr'><strong>rei,</strong></span> <span class='ocrx_word' id='word_1_310' title='bbox 851 2736 891 2766; x_wconf 91' lang='lat' dir='ltr'><strong>de</strong></span> <span class='ocrx_word' id='word_1_311' title='bbox 912 2746 975 2776; x_wconf 77' lang='lat' dir='ltr'><strong>qua</strong></span> 
     </span>
     <span class='ocr_line' id='line_1_51' title="bbox 214 2777 974 2823; baseline 0 -13"><span class='ocrx_word' id='word_1_312' title='bbox 214 2792 316 2812; x_wconf 81' lang='lat' dir='ltr'><strong>sermo</strong></span> <span class='ocrx_word' id='word_1_313' title='bbox 338 2789 393 2818; x_wconf 87' lang='lat' dir='ltr'><strong>est,</strong></span> <span class='ocrx_word' id='word_1_314' title='bbox 422 2779 575 2823; x_wconf 78' lang='lat' dir='ltr'><strong>Virgilius</strong></span> <span class='ocrx_word' id='word_1_315' title='bbox 595 2790 723 2821; x_wconf 86' lang='lat' dir='ltr'><strong>quoque</strong></span> <span class='ocrx_word' id='word_1_316' title='bbox 752 2778 814 2810; x_wconf 94' lang='lat' dir='ltr'>VI.</span> <span class='ocrx_word' id='word_1_317' title='bbox 842 2777 916 2810; x_wconf 84' lang='lat'>418.</span> <span class='ocrx_word' id='word_1_318' title='bbox 934 2779 974 2810; x_wconf 88' lang='lat' dir='ltr'><strong>de</strong></span> 
     </span>
     <span class='ocr_line' id='line_1_52' title="bbox 217 2825 974 2863; baseline -0.004 -7"><span class='ocrx_word' id='word_1_319' title='bbox 217 2825 372 2857; x_wconf 80' lang='lat' dir='ltr'><strong>Cerbero.</strong></span> <span class='ocrx_word' id='word_1_320' title='bbox 394 2826 613 2857; x_wconf 73' lang='lat' dir='ltr'><strong>Cerberusbaec</strong></span> <span class='ocrx_word' id='word_1_321' title='bbox 626 2825 734 2863; x_wconf 70' lang='lat' dir='ltr'><strong>ingens</strong></span> <span class='ocrx_word' id='word_1_322' title='bbox 743 2825 861 2854; x_wconf 78' lang='lat' dir='ltr'><strong>latratu</strong></span> <span class='ocrx_word' id='word_1_323' title='bbox 875 2834 974 2863; x_wconf 80' lang='lat' dir='ltr'><strong>regna</strong></span> 
     </span>
     <span class='ocr_line' id='line_1_53' title="bbox 216 2868 975 2909; baseline -0.003 -10"><span class='ocrx_word' id='word_1_324' title='bbox 216 2869 342 2909; x_wconf 79' lang='lat' dir='ltr'><strong>trifauci</strong></span> <span class='ocrx_word' id='word_1_325' title='bbox 357 2871 516 2905; x_wconf 75' lang='lat' dir='ltr'><strong>Personat,</strong></span> <span class='ocrx_word' id='word_1_326' title='bbox 525 2869 657 2908; x_wconf 28' lang='grc' dir='ltr'><strong>Ἄιαάυενεο</strong></span> <span class='ocrx_word' id='word_1_327' title='bbox 669 2868 820 2898; x_wconf 79' lang='lat' dir='ltr'><strong>recubans</strong></span> <span class='ocrx_word' id='word_1_328' title='bbox 839 2869 975 2898; x_wconf 79' lang='lat' dir='ltr'><strong>inmanis</strong></span> 
     </span>
     <span class='ocr_line' id='line_1_54' title="bbox 217 2904 975 2955; baseline -0.003 -14"><span class='ocrx_word' id='word_1_329' title='bbox 217 2914 250 2943; x_wconf 82' lang='lat' dir='ltr'><strong>in</strong></span> <span class='ocrx_word' id='word_1_330' title='bbox 264 2919 362 2944; x_wconf 82' lang='lat' dir='ltr'><strong>antro.</strong></span> <span class='ocrx_word' id='word_1_331' title='bbox 453 2907 608 2955; x_wconf 57' lang='lat' dir='ltr'><strong>Fra-iate,</strong></span> <span class='ocrx_word' id='word_1_332' title='bbox 619 2904 786 2942; x_wconf 77' lang='lat' dir='ltr'><strong>Furiarum</strong></span> <span class='ocrx_word' id='word_1_333' title='bbox 812 2920 898 2948; x_wconf 79' lang='lat' dir='ltr'><strong>more</strong></span> <span class='ocrx_word' id='word_1_334' title='bbox 918 2921 975 2940; x_wconf 86' lang='lat' dir='ltr'><strong>an-</strong></span> 
     </span>
     <span class='ocr_line' id='line_1_55' title="bbox 216 2950 973 2997; baseline 0.001 -12"><span class='ocrx_word' id='word_1_335' title='bbox 216 2965 295 2995; x_wconf 86' lang='lat' dir='ltr'><strong>gues</strong></span> <span class='ocrx_word' id='word_1_336' title='bbox 309 2966 366 2996; x_wconf 83' lang='lat' dir='ltr'><strong>pro</strong></span> <span class='ocrx_word' id='word_1_337' title='bbox 380 2956 517 2988; x_wconf 84' lang='lat' dir='ltr'><strong>crinibus</strong></span> <span class='ocrx_word' id='word_1_338' title='bbox 522 2950 666 2997; x_wconf 75' lang='lat' dir='ltr'><strong>haben55</strong></span> <span class='ocrx_word' id='word_1_339' title='bbox 701 2953 745 2985; x_wconf 86' lang='lat' dir='ltr'><strong>sic</strong></span> <span class='ocrx_word' id='word_1_340' title='bbox 769 2955 802 2985; x_wconf 87' lang='lat' dir='ltr'><em>F</em></span> <span class='ocrx_word' id='word_1_341' title='bbox 800 2955 905 2986; x_wconf 65' lang='lat' dir='ltr'><strong>urzalzo</strong></span> <span class='ocrx_word' id='word_1_342' title='bbox 926 2955 973 2986; x_wconf 83' lang='lat' dir='ltr'><strong>in-</strong></span> 
     </span>
    </p>
   </div>
   <div class='ocr_carea' id='block_1_11' title="bbox 1014 1735 1789 2996">
    <p class='ocr_par' dir='ltr' id='par_1_15' title="bbox 1016 1735 1788 2116">
     <span class='ocr_line' id='line_1_56' title="bbox 1017 1735 1782 1778; baseline 0.001 -12"><span class='ocrx_word' id='word_1_343' title='bbox 1017 1746 1091 1767; x_wconf 90' lang='lat' dir='ltr'><strong>cum</strong></span> <span class='ocrx_word' id='word_1_344' title='bbox 1113 1736 1317 1777; x_wconf 84' lang='lat' dir='ltr'><strong>sequentibus</strong></span> <span class='ocrx_word' id='word_1_345' title='bbox 1337 1736 1540 1778; x_wconf 84' lang='lat' dir='ltr'><strong>jungendum</strong></span> <span class='ocrx_word' id='word_1_346' title='bbox 1564 1735 1599 1766; x_wconf 89' lang='lat' dir='ltr'><strong>iu</strong></span> <span class='ocrx_word' id='word_1_347' title='bbox 1623 1736 1683 1767; x_wconf 66' lang='lat' dir='ltr'><strong>hnc</strong></span> <span class='ocrx_word' id='word_1_348' title='bbox 1704 1745 1782 1767; x_wconf 79' lang='lat' dir='ltr'><strong>voce</strong></span> 
     </span>
     <span class='ocr_line' id='line_1_57' title="bbox 1016 1779 1783 1821; baseline 0.001 -11"><span class='ocrx_word' id='word_1_349' title='bbox 1016 1779 1113 1810; x_wconf 79' lang='lat' dir='ltr'><strong>latere</strong></span> <span class='ocrx_word' id='word_1_350' title='bbox 1127 1779 1260 1816; x_wconf 80' lang='lat' dir='ltr'><strong>videtur,</strong></span> <span class='ocrx_word' id='word_1_351' title='bbox 1275 1779 1363 1810; x_wconf 88' lang='lat' dir='ltr'><strong>unde</strong></span> <span class='ocrx_word' id='word_1_352' title='bbox 1373 1781 1535 1812; x_wconf 77' lang='lat' dir='ltr'><strong>Bentleius</strong></span> <span class='ocrx_word' id='word_1_353' title='bbox 1545 1779 1680 1820; x_wconf 67' lang='lat' dir='ltr'><strong>pro&#39;eius</strong></span> <span class='ocrx_word' id='word_1_354' title='bbox 1690 1786 1783 1821; x_wconf 71' lang='lat' dir='ltr'><strong>aeque</strong></span> 
     </span>
     <span class='ocr_line' id='line_1_58' title="bbox 1017 1824 1788 1864; baseline 0.001 -11"><span class='ocrx_word' id='word_1_355' title='bbox 1017 1825 1175 1854; x_wconf 79' lang='lat' dir='ltr'><strong>tentabat:</strong></span> <span class='ocrx_word' id='word_1_356' title='bbox 1201 1829 1346 1864; x_wconf 70' lang='lat' dir='ltr'><strong>exeatque</strong></span> <span class='ocrx_word' id='word_1_357' title='bbox 1355 1841 1401 1848; x_wconf 92' lang='grc'>-</span> <span class='ocrx_word' id='word_1_358' title='bbox 1416 1824 1645 1864; x_wconf 75' lang='lat' dir='ltr'><strong>Cuningamim</strong></span> <span class='ocrx_word' id='word_1_359' title='bbox 1658 1829 1788 1854; x_wconf 71' lang='lat' dir='ltr'><strong>minet·-</strong></span> 
     </span>
     <span class='ocr_line' id='line_1_59' title="bbox 1019 1865 1784 1909; baseline -0.001 -11"><span class='ocrx_word' id='word_1_360' title='bbox 1019 1878 1079 1908; x_wconf 83' lang='lat' dir='ltr'><strong>que</strong></span> <span class='ocrx_word' id='word_1_361' title='bbox 1100 1884 1144 1892; x_wconf 91' lang='lat'><em>-</em></span> <span class='ocrx_word' id='word_1_362' title='bbox 1171 1867 1330 1898; x_wconf 73' lang='lat' dir='ltr'><strong>Gesner-us</strong></span> <span class='ocrx_word' id='word_1_363' title='bbox 1351 1868 1543 1909; x_wconf 53' lang='lat' dir='ltr'><strong>effluatquoe</strong></span> <span class='ocrx_word' id='word_1_364' title='bbox 1577 1876 1596 1896; x_wconf 82' lang='lat' dir='ltr'><strong>e</strong></span> <span class='ocrx_word' id='word_1_365' title='bbox 1609 1865 1733 1908; x_wconf 84' lang='lat' dir='ltr'><strong>quibus,</strong></span> <span class='ocrx_word' id='word_1_366' title='bbox 1756 1866 1784 1897; x_wconf 85' lang='lat' dir='ltr'><strong>si</strong></span> 
     </span>
     <span class='ocr_line' id='line_1_60' title="bbox 1018 1909 1785 1952; baseline -0.001 -11"><span class='ocrx_word' id='word_1_367' title='bbox 1018 1910 1106 1950; x_wconf 85' lang='lat' dir='ltr'><strong>optio</strong></span> <span class='ocrx_word' id='word_1_368' title='bbox 1121 1910 1222 1947; x_wconf 86' lang='lat' dir='ltr'><strong>detur,</strong></span> <span class='ocrx_word' id='word_1_369' title='bbox 1248 1911 1284 1941; x_wconf 65' lang='grc' dir='ltr'><strong>τὸ</strong></span> <span class='ocrx_word' id='word_1_370' title='bbox 1296 1916 1474 1952; x_wconf 65' lang='lat' dir='ltr'><strong>mutuaque,</strong></span> <span class='ocrx_word' id='word_1_371' title='bbox 1500 1915 1538 1940; x_wconf 85' lang='lat' dir='ltr'><strong>ut</strong></span> <span class='ocrx_word' id='word_1_372' title='bbox 1555 1909 1691 1941; x_wconf 68' lang='lat' dir='ltr'><strong>Hormo</strong></span> <span class='ocrx_word' id='word_1_373' title='bbox 1711 1909 1785 1951; x_wconf 53' lang='lat' dir='ltr'><strong>dig.</strong></span> 
     </span>
     <span class='ocr_line' id='line_1_61' title="bbox 1019 1952 1783 1994; baseline 0.001 -10"><span class='ocrx_word' id='word_1_374' title='bbox 1019 1953 1195 1990; x_wconf 85' lang='lat' dir='ltr'><strong>uissimum,</strong></span> <span class='ocrx_word' id='word_1_375' title='bbox 1211 1954 1357 1994; x_wconf 87' lang='lat' dir='ltr'><strong>equidem</strong></span> <span class='ocrx_word' id='word_1_376' title='bbox 1370 1952 1572 1994; x_wconf 77' lang='lat' dir='ltr'><strong>praetulerim.</strong></span> <span class='ocrx_word' id='word_1_377' title='bbox 1660 1964 1712 1984; x_wconf 79' lang='lat' dir='ltr'><strong>ore</strong></span> <span class='ocrx_word' id='word_1_378' title='bbox 1725 1956 1783 1985; x_wconf 72' lang='lat' dir='ltr'><strong>tri-</strong></span> 
     </span>
     <span class='ocr_line' id='line_1_62' title="bbox 1016 1997 1782 2039; baseline -0.001 -11"><span class='ocrx_word' id='word_1_379' title='bbox 1016 1999 1038 2029; x_wconf 78' lang='lat' dir='ltr'><strong>li</strong></span> <span class='ocrx_word' id='word_1_380' title='bbox 1038 1999 1127 2038; x_wconf 85' lang='lat' dir='ltr'><strong>ngu‚i</strong></span> <span class='ocrx_word' id='word_1_381' title='bbox 1147 2003 1195 2028; x_wconf 84' lang='lat' dir='ltr'><strong>est</strong></span> <span class='ocrx_word' id='word_1_382' title='bbox 1216 1997 1348 2039; x_wconf 81' lang='lat' dir='ltr'><strong>igiturJ</strong></span> <span class='ocrx_word' id='word_1_383' title='bbox 1340 1997 1402 2028; x_wconf 78' lang='lat' dir='ltr'><strong>&#39;am</strong></span> <span class='ocrx_word' id='word_1_384' title='bbox 1428 1997 1582 2029; x_wconf 68' lang='lat' dir='ltr'><strong>Cerberus</strong></span> <span class='ocrx_word' id='word_1_385' title='bbox 1604 1998 1734 2038; x_wconf 66' lang='lat' dir='ltr'><strong>triceps,-</strong></span> <span class='ocrx_word' id='word_1_386' title='bbox 1746 2003 1782 2027; x_wconf 88' lang='lat' dir='ltr'><strong>ut</strong></span> 
     </span>
     <span class='ocr_line' id='line_1_63' title="bbox 1017 2039 1777 2082; baseline 0 -11"><span class='ocrx_word' id='word_1_387' title='bbox 1017 2051 1102 2080; x_wconf 86' lang='lat' dir='ltr'><strong>supr.</strong></span> <span class='ocrx_word' id='word_1_388' title='bbox 1134 2041 1184 2072; x_wconf 89' lang='lat'>11.</span> <span class='ocrx_word' id='word_1_389' title='bbox 1205 2039 1255 2071; x_wconf 90' lang='grc'><strong>19.</strong></span> <span class='ocrx_word' id='word_1_390' title='bbox 1282 2040 1336 2072; x_wconf 89' lang='grc'><strong>31.</strong></span> <span class='ocrx_word' id='word_1_391' title='bbox 1361 2040 1418 2072; x_wconf 84' lang='lat' dir='ltr'><strong>sed</strong></span> <span class='ocrx_word' id='word_1_392' title='bbox 1441 2042 1603 2082; x_wconf 71' lang='lat' dir='ltr'><strong>centiceps</strong></span> <span class='ocrx_word' id='word_1_393' title='bbox 1612 2039 1777 2081; x_wconf 77' lang='lat' dir='ltr'><strong>supr.11.</strong></span> 
     </span>
     <span class='ocr_line' id='line_1_64' title="bbox 1019 2082 1366 2116; baseline 0.003 -1"><span class='ocrx_word' id='word_1_394' title='bbox 1019 2083 1068 2115; x_wconf 88' lang='grc'><strong>13.</strong></span> <span class='ocrx_word' id='word_1_395' title='bbox 1087 2082 1140 2115; x_wconf 77' lang='lat'>34.</span> <span class='ocrx_word' id='word_1_396' title='bbox 1154 2084 1210 2116; x_wconf 90' lang='lat' dir='ltr'><strong>ubi</strong></span> <span class='ocrx_word' id='word_1_397' title='bbox 1224 2084 1286 2116; x_wconf 86' lang='lat' dir='ltr'><strong>vid.</strong></span> <span class='ocrx_word' id='word_1_398' title='bbox 1300 2091 1366 2116; x_wconf 79' lang='lat' dir='ltr'><strong>not.</strong></span> 
     </span>
    </p>

    <p class='ocr_par' dir='ltr' id='par_1_16' title="bbox 1059 2126 1779 2166">
     <span class='ocr_line' id='line_1_65' title="bbox 1059 2126 1779 2166; baseline 0.001 -10"><span class='ocrx_word' id='word_1_399' title='bbox 1059 2126 1404 2166; x_wconf 68' lang='lat' dir='ltr'>v.21—24.1210n,</span> <span class='ocrx_word' id='word_1_400' title='bbox 1431 2127 1472 2158; x_wconf 89' lang='lat' dir='ltr'><strong>de</strong></span> <span class='ocrx_word' id='word_1_401' title='bbox 1497 2127 1620 2163; x_wconf 83' lang='lat' dir='ltr'><strong>Ixione,</strong></span> <span class='ocrx_word' id='word_1_402' title='bbox 1646 2137 1667 2158; x_wconf 79' lang='grc' dir='ltr'><strong>ιι</strong></span> <span class='ocrx_word' id='word_1_403' title='bbox 1687 2126 1779 2164; x_wconf 86' lang='lat' dir='ltr'><strong>Jove,</strong></span> 
     </span>
    </p>

    <p class='ocr_par' dir='ltr' id='par_1_17' title="bbox 1014 2171 1789 2996">
     <span class='ocr_line' id='line_1_66' title="bbox 1016 2171 1782 2213; baseline -0.004 -9.907"><span class='ocrx_word' id='word_1_404' title='bbox 1016 2172 1102 2213; x_wconf 90' lang='lat' dir='ltr'><strong>quod</strong></span> <span class='ocrx_word' id='word_1_405' title='bbox 1136 2172 1275 2204; x_wconf 84' lang='lat' dir='ltr'><strong>Junonis</strong></span> <span class='ocrx_word' id='word_1_406' title='bbox 1309 2171 1495 2211; x_wconf 70' lang='lat' dir='ltr'><strong>pudicitiam</strong></span> <span class='ocrx_word' id='word_1_407' title='bbox 1530 2176 1650 2201; x_wconf 71' lang='lat' dir='ltr'><strong>tentare</strong></span> <span class='ocrx_word' id='word_1_408' title='bbox 1684 2181 1782 2201; x_wconf 82' lang='lat' dir='ltr'><strong>ausus</strong></span> 
     </span>
     <span class='ocr_line' id='line_1_67' title="bbox 1014 2213 1789 2254; baseline -0.001 -8"><span class='ocrx_word' id='word_1_409' title='bbox 1014 2217 1133 2253; x_wconf 82' lang='lat' dir='ltr'><strong>fuerat,</strong></span> <span class='ocrx_word' id='word_1_410' title='bbox 1152 2215 1192 2246; x_wconf 78' lang='lat' dir='ltr'><strong>ad</strong></span> <span class='ocrx_word' id='word_1_411' title='bbox 1216 2215 1347 2246; x_wconf 81' lang='lat' dir='ltr'><strong>Tartara</strong></span> <span class='ocrx_word' id='word_1_412' title='bbox 1368 2215 1504 2251; x_wconf 83' lang='lat' dir='ltr'><strong>detruso,</strong></span> <span class='ocrx_word' id='word_1_413' title='bbox 1527 2213 1632 2254; x_wconf 88' lang='lat' dir='ltr'><strong>ibique</strong></span> <span class='ocrx_word' id='word_1_414' title='bbox 1653 2213 1693 2244; x_wconf 81' lang='lat' dir='ltr'><strong>nd</strong></span> <span class='ocrx_word' id='word_1_415' title='bbox 1714 2224 1789 2245; x_wconf 83' lang='lat' dir='ltr'><strong>sce--</strong></span> 
     </span>
     <span class='ocr_line' id='line_1_68' title="bbox 1015 2256 1777 2299; baseline -0.001 -10"><span class='ocrx_word' id='word_1_416' title='bbox 1015 2259 1089 2289; x_wconf 84' lang='lat' dir='ltr'><strong>leris</strong></span> <span class='ocrx_word' id='word_1_417' title='bbox 1114 2269 1238 2299; x_wconf 88' lang='lat' dir='ltr'><strong>poenam</strong></span> <span class='ocrx_word' id='word_1_418' title='bbox 1262 2257 1413 2289; x_wconf 80' lang='lat' dir='ltr'><strong>luendam</strong></span> <span class='ocrx_word' id='word_1_419' title='bbox 1440 2264 1518 2288; x_wconf 81' lang='lat' dir='ltr'><strong>rotae</strong></span> <span class='ocrx_word' id='word_1_420' title='bbox 1546 2256 1709 2296; x_wconf 78' lang='lat' dir='ltr'><strong>implicito,</strong></span> <span class='ocrx_word' id='word_1_421' title='bbox 1735 2258 1777 2289; x_wconf 82' lang='lat' dir='ltr'><strong>cf.</strong></span> 
     </span>
     <span class='ocr_line' id='line_1_69' title="bbox 1018 2298 1779 2344; baseline 0 -11"><span class='ocrx_word' id='word_1_422' title='bbox 1018 2303 1109 2344; x_wconf 87' lang='lat' dir='ltr'><strong>Virg.</strong></span> <span class='ocrx_word' id='word_1_423' title='bbox 1141 2302 1256 2342; x_wconf 87' lang='lat' dir='ltr'><strong>Georg.</strong></span> <span class='ocrx_word' id='word_1_424' title='bbox 1283 2301 1305 2331; x_wconf 87' lang='lat'>1.</span> <span class='ocrx_word' id='word_1_425' title='bbox 1334 2301 1356 2331; x_wconf 91' lang='lat' dir='ltr'><strong>l.</strong></span> <span class='ocrx_word' id='word_1_426' title='bbox 1382 2311 1412 2332; x_wconf 88' lang='lat' dir='ltr'>v.</span> <span class='ocrx_word' id='word_1_427' title='bbox 1436 2298 1512 2332; x_wconf 78' lang='lat'>484.</span> <span class='ocrx_word' id='word_1_428' title='bbox 1605 2303 1779 2343; x_wconf 68' lang='lat' dir='ltr'><strong>Rtquue,</strong></span> 
     </span>
     <span class='ocr_line' id='line_1_70' title="bbox 1015 2312 1779 2385; baseline 0 -9"><span class='ocrx_word' id='word_1_429' title='bbox 1015 2345 1090 2376; x_wconf 63' lang='lat' dir='ltr'><strong>cn&lt;</strong></span> <span class='ocrx_word' id='word_1_430' title='bbox 1075 2355 1158 2385; x_wconf 90' lang='lat' dir='ltr'><strong>supr.</strong></span> <span class='ocrx_word' id='word_1_431' title='bbox 1177 2345 1215 2376; x_wconf 82' lang='lat' dir='ltr'><strong>ad</strong></span> <span class='ocrx_word' id='word_1_432' title='bbox 1225 2312 1283 2376; x_wconf 68' lang='grc' dir='ltr'><strong>ἕΙΙ.</strong></span> <span class='ocrx_word' id='word_1_433' title='bbox 1305 2343 1355 2375; x_wconf 87' lang='lat'>14.</span> <span class='ocrx_word' id='word_1_434' title='bbox 1373 2343 1404 2375; x_wconf 88' lang='grc'><strong>8.</strong></span> <span class='ocrx_word' id='word_1_435' title='bbox 1487 2345 1779 2382; x_wconf 50' lang='lat' dir='ltr'><strong>vultur-isaianum</strong></span> 
     </span>
     <span class='ocr_line' id='line_1_71' title="bbox 1016 2388 1780 2430; baseline -0.001 -10"><span class='ocrx_word' id='word_1_436' title='bbox 1016 2388 1136 2420; x_wconf 75' lang='lat' dir='ltr'><strong>euvim</strong></span> <span class='ocrx_word' id='word_1_437' title='bbox 1150 2388 1338 2426; x_wconf 77' lang='lat' dir='ltr'><strong>caminum,</strong></span> <span class='ocrx_word' id='word_1_438' title='bbox 1360 2398 1414 2419; x_wconf 93' lang='lat' dir='ltr'><strong>eos</strong></span> <span class='ocrx_word' id='word_1_439' title='bbox 1434 2398 1570 2430; x_wconf 88' lang='lat' dir='ltr'><strong>quoque,</strong></span> <span class='ocrx_word' id='word_1_440' title='bbox 1586 2388 1643 2429; x_wconf 89' lang='lat' dir='ltr'><strong>qui</strong></span> <span class='ocrx_word' id='word_1_441' title='bbox 1663 2388 1741 2420; x_wconf 61' lang='lat' dir='ltr'><strong>alius</strong></span> <span class='ocrx_word' id='word_1_442' title='bbox 1760 2399 1780 2419; x_wconf 75' lang='lat' dir='ltr'><strong>a</strong></span> 
     </span>
     <span class='ocr_line' id='line_1_72' title="bbox 1016 2431 1782 2472; baseline 0.001 -10"><span class='ocrx_word' id='word_1_443' title='bbox 1016 2431 1185 2472; x_wconf 82' lang='lat' dir='ltr'><strong>voluptatis</strong></span> <span class='ocrx_word' id='word_1_444' title='bbox 1209 2442 1303 2462; x_wconf 84' lang='lat' dir='ltr'><strong>sensu</strong></span> <span class='ocrx_word' id='word_1_445' title='bbox 1327 2431 1510 2463; x_wconf 84' lang='lat' dir='ltr'><strong>alienissimi</strong></span> <span class='ocrx_word' id='word_1_446' title='bbox 1534 2439 1620 2467; x_wconf 79' lang='lat' dir='ltr'><strong>sunt.</strong></span> <span class='ocrx_word' id='word_1_447' title='bbox 1645 2431 1782 2463; x_wconf 73' lang='lat' dir='ltr'><strong>suaviter</strong></span> 
     </span>
     <span class='ocr_line' id='line_1_73' title="bbox 1017 2474 1788 2516; baseline -0.001 -9"><span class='ocrx_word' id='word_1_448' title='bbox 1017 2474 1250 2507; x_wconf 75' lang='lat' dir='ltr'><strong>adficientium!</strong></span> <span class='ocrx_word' id='word_1_449' title='bbox 1298 2475 1395 2506; x_wconf 86' lang='lat' dir='ltr'><strong>Ixion</strong></span> <span class='ocrx_word' id='word_1_450' title='bbox 1415 2475 1499 2506; x_wconf 88' lang='lat' dir='ltr'><strong>enim</strong></span> <span class='ocrx_word' id='word_1_451' title='bbox 1521 2482 1554 2506; x_wconf 89' lang='lat' dir='ltr'><strong>et</strong></span> <span class='ocrx_word' id='word_1_452' title='bbox 1577 2475 1699 2516; x_wconf 79' lang='lat' dir='ltr'><strong>Tityus,</strong></span> <span class='ocrx_word' id='word_1_453' title='bbox 1721 2486 1788 2506; x_wconf 69' lang='lat' dir='ltr'><strong>au-¹</strong></span> 
     </span>
     <span class='ocr_line' id='line_1_74' title="bbox 1016 2518 1778 2559; baseline -0.001 -9"><span class='ocrx_word' id='word_1_454' title='bbox 1016 2519 1090 2551; x_wconf 87' lang='lat' dir='ltr'><strong>ditis</strong></span> <span class='ocrx_word' id='word_1_455' title='bbox 1105 2518 1226 2558; x_wconf 86' lang='lat' dir='ltr'><strong>Orphei</strong></span> <span class='ocrx_word' id='word_1_456' title='bbox 1239 2519 1438 2555; x_wconf 72' lang='lat' dir='ltr'><strong>carminibus,</strong></span> <span class='ocrx_word' id='word_1_457' title='bbox 1461 2529 1527 2550; x_wconf 86' lang='lat' dir='ltr'><strong>non</strong></span> <span class='ocrx_word' id='word_1_458' title='bbox 1547 2525 1690 2559; x_wconf 78' lang='lat' dir='ltr'><strong>poterant</strong></span> <span class='ocrx_word' id='word_1_459' title='bbox 1702 2528 1778 2554; x_wconf 84' lang='lat' dir='ltr'><strong>non,</strong></span> 
     </span>
     <span class='ocr_line' id='line_1_75' title="bbox 1017 2562 1780 2604; baseline -0.001 -10"><span class='ocrx_word' id='word_1_460' title='bbox 1017 2563 1096 2604; x_wconf 85' lang='lat' dir='ltr'><strong>quin</strong></span> <span class='ocrx_word' id='word_1_461' title='bbox 1120 2562 1256 2592; x_wconf 86' lang='lat' dir='ltr'><strong>frontem</strong></span> <span class='ocrx_word' id='word_1_462' title='bbox 1285 2562 1452 2594; x_wconf 83' lang='lat' dir='ltr'><strong>sollicitam</strong></span> <span class='ocrx_word' id='word_1_463' title='bbox 1480 2562 1722 2603; x_wconf 76' lang='lat' dir='ltr'><strong>exporrigerent,</strong></span> <span class='ocrx_word' id='word_1_464' title='bbox 1748 2568 1780 2593; x_wconf 84' lang='lat' dir='ltr'><strong>et</strong></span> 
     </span>
     <span class='ocr_line' id='line_1_76' title="bbox 1019 2605 1779 2645; baseline 0 -9"><span class='ocrx_word' id='word_1_465' title='bbox 1019 2607 1188 2637; x_wconf 76' lang='lat' dir='ltr'><strong>excitatum</strong></span> <span class='ocrx_word' id='word_1_466' title='bbox 1210 2606 1379 2645; x_wconf 85' lang='lat' dir='ltr'><strong>voluptatis</strong></span> <span class='ocrx_word' id='word_1_467' title='bbox 1400 2616 1526 2638; x_wconf 82' lang='lat' dir='ltr'><strong>sensum</strong></span> <span class='ocrx_word' id='word_1_468' title='bbox 1547 2605 1638 2636; x_wconf 81' lang='lat' dir='ltr'><strong>vultu</strong></span> <span class='ocrx_word' id='word_1_469' title='bbox 1652 2605 1779 2644; x_wconf 76' lang='lat' dir='ltr'><strong>praefer-</strong></span> 
     </span>
     <span class='ocr_line' id='line_1_77' title="bbox 1016 2649 1777 2689; baseline 0.001 -9"><span class='ocrx_word' id='word_1_470' title='bbox 1016 2655 1094 2686; x_wconf 82' lang='lat' dir='ltr'><strong>rent.</strong></span> <span class='ocrx_word' id='word_1_471' title='bbox 1184 2661 1278 2686; x_wconf 81' lang='lat' dir='ltr'><strong>urna,</strong></span> <span class='ocrx_word' id='word_1_472' title='bbox 1302 2660 1367 2680; x_wconf 91' lang='lat' dir='ltr'><strong>non</strong></span> <span class='ocrx_word' id='word_1_473' title='bbox 1388 2649 1520 2687; x_wconf 89' lang='lat' dir='ltr'><strong>dolium,</strong></span> <span class='ocrx_word' id='word_1_474' title='bbox 1537 2656 1575 2680; x_wconf 79' lang='lat' dir='ltr'><strong>ut</strong></span> <span class='ocrx_word' id='word_1_475' title='bbox 1587 2654 1678 2689; x_wconf 67' lang='lat' dir='ltr'><strong>putat</strong></span> <span class='ocrx_word' id='word_1_476' title='bbox 1690 2650 1777 2686; x_wconf 75' lang='lat' dir='ltr'><strong>Juni,</strong></span> 
     </span>
     <span class='ocr_line' id='line_1_78' title="bbox 1017 2691 1789 2734; baseline -0.001 -10"><span class='ocrx_word' id='word_1_477' title='bbox 1017 2693 1108 2734; x_wconf 80' lang='lat' dir='ltr'><strong>cujus</strong></span> <span class='ocrx_word' id='word_1_478' title='bbox 1122 2703 1150 2723; x_wconf 86' lang='lat' dir='ltr'>v.</span> <span class='ocrx_word' id='word_1_479' title='bbox 1170 2691 1222 2724; x_wconf 79' lang='lat'>27.</span> <span class='ocrx_word' id='word_1_480' title='bbox 1244 2693 1280 2723; x_wconf 87' lang='lat' dir='ltr'><strong>fit</strong></span> <span class='ocrx_word' id='word_1_481' title='bbox 1300 2693 1431 2730; x_wconf 89' lang='lat' dir='ltr'><strong>mentio,</strong></span> <span class='ocrx_word' id='word_1_482' title='bbox 1453 2692 1509 2724; x_wconf 76' lang='lat' dir='ltr'><strong>sed</strong></span> <span class='ocrx_word' id='word_1_483' title='bbox 1527 2703 1592 2730; x_wconf 77' lang='lat' dir='ltr'><strong>vas,</strong></span> <span class='ocrx_word' id='word_1_484' title='bbox 1613 2700 1677 2733; x_wconf 88' lang='lat' dir='ltr'><strong>quo</strong></span> <span class='ocrx_word' id='word_1_485' title='bbox 1697 2701 1789 2732; x_wconf 58' lang='lat' dir='ltr'><strong>aqua&gt;</strong></span> 
     </span>
     <span class='ocr_line' id='line_1_79' title="bbox 1017 2735 1780 2776; baseline 0 -10"><span class='ocrx_word' id='word_1_486' title='bbox 1017 2737 1127 2767; x_wconf 74' lang='lat' dir='ltr'><strong>hausta</strong></span> <span class='ocrx_word' id='word_1_487' title='bbox 1149 2735 1182 2766; x_wconf 90' lang='lat' dir='ltr'><strong>in</strong></span> <span class='ocrx_word' id='word_1_488' title='bbox 1208 2736 1329 2767; x_wconf 90' lang='lat' dir='ltr'><strong>dolium</strong></span> <span class='ocrx_word' id='word_1_489' title='bbox 1354 2735 1551 2774; x_wconf 79' lang='lat' dir='ltr'><strong>infunditur3</strong></span> <span class='ocrx_word' id='word_1_490' title='bbox 1585 2736 1690 2776; x_wconf 71' lang='lat' dir='ltr'><strong>itaque</strong></span> <span class='ocrx_word' id='word_1_491' title='bbox 1710 2736 1780 2767; x_wconf 84' lang='lat' dir='ltr'><strong>haec</strong></span> 
     </span>
     <span class='ocr_line' id='line_1_80' title="bbox 1017 2778 1776 2847; baseline 0 -37"><span class='ocrx_word' id='word_1_492' title='bbox 1017 2780 1083 2819; x_wconf 83' lang='lat' dir='ltr'><strong>ipsa</strong></span> <span class='ocrx_word' id='word_1_493' title='bbox 1106 2791 1190 2811; x_wconf 80' lang='lat' dir='ltr'><strong>urna</strong></span> <span class='ocrx_word' id='word_1_494' title='bbox 1215 2782 1404 2812; x_wconf 69' lang='lat' dir='ltr'><strong>Danaidum</strong></span> <span class='ocrx_word' id='word_1_495' title='bbox 1425 2778 1512 2820; x_wconf 78' lang='lat' dir='ltr'><strong>apud</strong></span> <span class='ocrx_word' id='word_1_496' title='bbox 1542 2779 1682 2847; x_wconf 76' lang='lat' dir='ltr'><strong>Propert-</strong></span> <span class='ocrx_word' id='word_1_497' title='bbox 1712 2779 1776 2810; x_wconf 87' lang='lat' dir='ltr'>1v.</span> 
     </span>
     <span class='ocr_line' id='line_1_81' title="bbox 1020 2822 1781 2865; baseline 0 -11"><span class='ocrx_word' id='word_1_498' title='bbox 1020 2822 1069 2854; x_wconf 93' lang='lat' dir='ltr'><strong>ll.</strong></span> <span class='ocrx_word' id='word_1_499' title='bbox 1088 2822 1140 2854; x_wconf 73' lang='grc'><strong>28.</strong></span> <span class='ocrx_word' id='word_1_500' title='bbox 1160 2826 1303 2855; x_wconf 78' lang='lat' dir='ltr'><strong>humeros</strong></span> <span class='ocrx_word' id='word_1_501' title='bbox 1312 2835 1452 2865; x_wconf 76' lang='lat' dir='ltr'><strong>premere</strong></span> <span class='ocrx_word' id='word_1_502' title='bbox 1465 2822 1588 2854; x_wconf 78' lang='lat' dir='ltr'><strong>dicitur.</strong></span> <span class='ocrx_word' id='word_1_503' title='bbox 1651 2824 1781 2854; x_wconf 82' lang='lat' dir='ltr'><strong>Danai</strong></span> 
     </span>
     <span class='ocr_line' id='line_1_82' title="bbox 1015 2866 1780 2908; baseline -0.001 -10"><span class='ocrx_word' id='word_1_504' title='bbox 1015 2869 1148 2907; x_wconf 76' lang='lat' dir='ltr'><strong>puellas,</strong></span> <span class='ocrx_word' id='word_1_505' title='bbox 1192 2867 1299 2898; x_wconf 84' lang='lat' dir='ltr'><strong>fabula</strong></span> <span class='ocrx_word' id='word_1_506' title='bbox 1334 2867 1374 2898; x_wconf 83' lang='lat' dir='ltr'><strong>de</strong></span> <span class='ocrx_word' id='word_1_507' title='bbox 1408 2866 1636 2908; x_wconf 76' lang='lat' dir='ltr'><strong>quinquaginta</strong></span> <span class='ocrx_word' id='word_1_508' title='bbox 1673 2866 1780 2897; x_wconf 74' lang='lat' dir='ltr'><strong>Dauni</strong></span> 
     </span>
     <span class='ocr_line' id='line_1_83' title="bbox 1020 2910 1786 2951; baseline 0 -11"><span class='ocrx_word' id='word_1_509' title='bbox 1020 2910 1152 2947; x_wconf 83' lang='lat' dir='ltr'><strong>filiabus,</strong></span> <span class='ocrx_word' id='word_1_510' title='bbox 1168 2922 1238 2951; x_wconf 80' lang='lat' dir='ltr'><strong>quae</strong></span> <span class='ocrx_word' id='word_1_511' title='bbox 1249 2917 1359 2951; x_wconf 84' lang='lat' dir='ltr'><strong>praeter</strong></span> <span class='ocrx_word' id='word_1_512' title='bbox 1383 2911 1664 2950; x_wconf 62' lang='lat' dir='ltr'><strong>Hypermestram</strong></span> <span class='ocrx_word' id='word_1_513' title='bbox 1685 2920 1780 2950; x_wconf 82' lang='lat' dir='ltr'><strong>spou—</strong></span> <span class='ocrx_word' id='word_1_514' title='bbox 1782 2910 1786 2912; x_wconf 83' lang='lat'>&#39;</span> 
     </span>
     <span class='ocr_line' id='line_1_84' title="bbox 1020 2953 1787 2996; baseline -0.001 -10"><span class='ocrx_word' id='word_1_515' title='bbox 1020 2964 1069 2986; x_wconf 83' lang='lat' dir='ltr'><strong>sos</strong></span> <span class='ocrx_word' id='word_1_516' title='bbox 1083 2965 1157 2986; x_wconf 88' lang='lat' dir='ltr'><strong>suos</strong></span> <span class='ocrx_word' id='word_1_517' title='bbox 1171 2962 1262 2986; x_wconf 82' lang='lat' dir='ltr'><strong>nocte</strong></span> <span class='ocrx_word' id='word_1_518' title='bbox 1277 2954 1411 2996; x_wconf 81' lang='lat' dir='ltr'><strong>nuptiali</strong></span> <span class='ocrx_word' id='word_1_519' title='bbox 1422 2953 1518 2995; x_wconf 82' lang='lat' dir='ltr'><strong>patris</strong></span> <span class='ocrx_word' id='word_1_520' title='bbox 1526 2954 1619 2995; x_wconf 81' lang='lat' dir='ltr'><strong>jussu</strong></span> <span class='ocrx_word' id='word_1_521' title='bbox 1633 2953 1787 2986; x_wconf 45' lang='lat' dir='ltr'><strong>occidisse.</strong></span> 
     </span>
    </p>
   </div>
  </div>
 </body>
</html>
