1904 3250
234 182 317 222 556

862 183 1173 233 HORATII

237 309 316 348 145
349 307 640 365 Antiphatem,
667 308 950 366 Scyllamque,
980 317 1023 351 et
1043 325 1140 352 cum
1163 310 1349 368 Cyclope
1373 313 1662 371 Charybdim3

347 381 440 423 Nec
461 381 644 422 reditum
665 379 889 426 Diomedis
911 381 965 423 ab
986 382 1158 423 interitu
1181 381 1405 442 Meleagri,

346 450 439 491 Nec
459 450 629 507 gemino
649 449 809 491 bellum
830 449 874 491 T
874 451 1068 506 rojanum
1089 450 1254 492 orditur
1274 452 1328 493 ab
1348 468 1442 495 ovo.

347 520 523 574 Semper
544 518 598 559 ad
620 526 817 560 eventum
837 518 1020 570 festinat,
1044 527 1086 561 et
1105 520 1149 560 in
1170 520 1329 562 medias
1350 536 1432 573 res,

344 587 444 629 Non
466 602 586 629 secus
608 603 657 629 ac
677 596 812 639 notas,
836 588 1073 630 auditorem
1093 589 1218 645 rapit,
1241 597 1283 631 et
1304 605 1399 646 quae

232 661 310 698 150

342 657 557 713 Desperat
575 664 756 699 tractata
774 658 980 699 nitescere
1000 672 1138 713 posse,
1171 657 1372 715 relinquit
1382 675 1394 708 3

342 727 486 784 Atque
506 727 565 769 ita
584 727 799 778 mentitur,
824 727 883 769 sic
903 728 1012 769 veris
1034 726 1140 769 falsa
1159 729 1366 780 remiscet,

341 799 487 841 Primo
507 815 562 842 ne
582 799 782 851 medium,
805 800 946 842 medio
966 816 1020 842 ne
1042 800 1252 857 discrepet
1272 802 1416 844 imum.

385 872 482 924 ·Tu,
506 873 609 930 quid
630 888 710 931 ego
731 881 773 914 et
792 873 975 929 populus
996 888 1164 915 mecum
1184 874 1408 927 desideret,
1431 876 1544 918 audi.

340 946 386 988 Si
405 946 614 1002 plausoris
636 961 734 1003 eges
755 945 891 987 aulaea
910 947 1117 988 manentis
1139 954 1181 988 et
1202 963 1335 1004 usque

227 1022 305 1060 155

340 1019 519 1070 Sessuri,
542 1018 679 1060 donec
700 1026 846 1060 cantor
873 1019 953 1061 Vos
966 1021 1154 1073 plaudite
1175 1019 1288 1062 dicat
1300 1037 1311 1070 3

337 1088 495 1131 AEtatis
518 1090 720 1146 cujusque
740 1088 916 1130 notandi
938 1096 1036 1130 sunt
1056 1089 1132 1130 tibi
1153 1104 1307 1141 mores,

336 1161 657 1218 Mobilibusque
677 1160 807 1202 decor
827 1161 987 1202 naturis
1009 1160 1175 1203 dandus
1196 1170 1239 1203 et
1259 1162 1391 1203 annis.

337 1231 536 1286 Reddere
557 1231 630 1288 qui
650 1245 774 1272 voces
788 1231 878 1286 jam
900 1231 977 1272 scit
996 1245 1103 1286 puer
1124 1238 1166 1272 et
1185 1231 1295 1286 pede
1317 1239 1432 1273 certo

338 1302 486 1359 Signat
505 1301 696 1359 humum,
719 1300 846 1358 gestit
865 1300 1039 1356 paribus
1061 1300 1289 1352 colludere,
1313 1309 1355 1343 et
1374 1302 1479 1343 iram

223 1379 303 1417 160
337 1375 512 1433 Colligit
531 1390 581 1416 ac
600 1374 725 1430 ponit
744 1382 914 1424 temere,
938 1382 980 1415 et
1000 1382 1187 1415 mutatur
1207 1375 1251 1416 111
1272 1374 1412 1417 horas.

334 1449 559 1491 Imberbus
574 1447 754 1504 juveniS,
777 1446 949 1488 tandem
970 1446 1144 1488 custode
1166 1455 1342 1499 remoto,

211 1587 304 1621 fumo
329 1587 476 1626 obducat,
502 1586 558 1618 sed
582 1592 619 1618 ut
639 1586 731 1617 fumo
751 1585 888 1617 obducta
909 1584 982 1616 luce

213 1631 384 1669 collustret,
407 1638 439 1662 et
454 1631 498 1662 sic
513 1631 648 1670 speciem
670 1635 883 1660 monstrorum
909 1635 982 1659 ante

211 1675 321 1706 oculos
348 1681 454 1715 ponat,
485 1674 622 1714 exempli
653 1684 748 1704 causa
777 1674 982 1714 Antiphatem

212 1725 285 1749 cett.
322 1719 519 1760 Antiphates,
537 1728 590 1748 rex
608 1717 856 1757 Laesnigonum,
872 1717 978 1752 homo,

212 1769 343 1793 cruenta
373 1761 557 1792 crudelitate
576 1759 804 1795 abominabilis,
828 1766 860 1790 et
886 1759 980 1799 Ulys-

211 1805 253 1835 sis
267 1805 367 1843 sociis,
383 1815 518 1846 quorum
533 1815 637 1835 unum
653 1803 819 1839 devoravit,
842 1802 979 1833 infestis-

208 1849 325 1887 simus;
353 1849 416 1880 vid.
436 1849 538 1879 Hom.
560 1847 675 1888 Odyss.
699 1847 742 1877 X.
760 1845 922 1877 82—132.
937 1864 981 1870 —-

209 1894 417 1934 Scyllamque,
433 1898 461 1923 et
474 1909 517 1916 —
531 1892 726 1932 Charybdim,
743 1890 783 1920 de
793 1890 842 1920 his
857 1889 981 1920 duabus

209 1936 243 1966 in
259 1936 338 1966 mari
357 1935 464 1966 Siculo
479 1934 692 1975 voraginibus,
715 1933 833 1964 summi
848 1933 979 1973 periculi

207 1986 325 2010 terrore
339 1978 634 2019 praeternavigantes
649 1977 899 2017 percellentibus,
915 1976 977 2007 vid.

210 2023 312 2053 Hom.
335 2022 449 2063 Odyss.
468 2022 508 2052 de
532 2023 632 2063 Scylla
646 2020 775 2061 quidem
792 2020 864 2051 Lib.
886 2019 975 2050 XII.

208 2066 275 2103 85„
292 2066 332 2097 de
349 2067 504 2107 Charybdi
520 2065 610 2096 XlI.
632 2063 695 2095 104
709 2074 791 2105 seqq.
812 2065 925 2104 Scylla,
942 2069 979 2094 ut

207 2110 300 2141 docet
317 2113 438 2142 Claver.
467 2109 528 2141 Sic.
549 2108 578 2139 l.
598 2107 644 2146 5.,
659 2107 720 2138 fuit
742 2107 899 2147 scopulus,
916 2108 976 2136 hu-

207 2164 335 2185 manam
362 2153 440 2184 olim
461 2153 541 2184 forte
562 2152 698 2182 formam
721 2150 866 2186 referens,
890 2150 977 2181 unde

207 2198 324 2229 fluctus
334 2197 413 2228 allisi
425 2197 554 2237 ingente
569 2195 693 2236 fragore
708 2194 972 2232 retundebantur3

206 2261 251 2267 —
269 2242 447 2282 Charybdis,
463 2239 620 2270 fluctuum
636 2249 754 2279 magno
769 2237 911 2268 tumultu
926 2238 974 2268 in-

207 2286 309 2316 vicem
324 2295 357 2315 se
372 2283 573 2315 tundentium
589 2281 803 2312 vehementior
823 2281 971 2321 impetus.

205 2348 250 2355 —
275 2340 348 2362 cum
386 2329 522 2368 Cyclope,
554 2326 761 2366 Polyphemo,
798 2325 975 2365 Cyclopum

204 2371 442 2404 immanissimo.

250 2428 278 2448 v.
300 2413 480 2447 146-148.
510 2415 582 2446 Nec
607 2414 743 2444 reditum
764 2414 872 2443 Dium.
898 2417 968 2442 cett.

206 2461 278 2492 'Nec
296 2460 471 2496 Homerus,
487 2464 523 2487 ut
543 2456 671 2495 ineptus
692 2456 749 2486 iste
771 2461 863 2495 poeta
878 2455 974 2494 cycli-

205 2515 273 2542 cus,
290 2502 501 2534 narrationem
515 2499 556 2531 de
573 2499 739 2531 Diomedis
754 2509 771 2529 e
793 2498 876 2529 bello
893 2499 973 2529 Tro-

198 2549 278 2590 jano
291 2546 396 2578 reditu
410 2544 520 2584 incipit
541 2554 560 2574 3
574 2553 617 2580 re,
639 2552 712 2573 ante
727 2541 845 2572 bellum
863 2542 973 2583 Troja-

204 2601 284 2623 num
299 2590 390 2626 facta,
414 2599 433 2619 3
455 2593 556 2618 morte
570 2586 688 2617 scilicet
706 2585 885 2626 Meleagri3
915 2596 974 2616 nec

204 2635 290 2667 idem
303 2633 423 2665 bellum
441 2631 615 2673 Trojanum
637 2629 759 2660 orditur
773 2631 812 2659 ab
830 2628 967 2666 Helena,

203 2690 243 2711 ex
258 2678 357 2709 altero
371 2676 509 2707 duorum
523 2674 650 2704 illorum
662 2682 802 2708 ovorum,
816 2682 887 2713 quae
905 2673 968 2703 Le.

203 2723 246 2754 da
259 2721 393 2752 edidisse
407 2719 547 2760 fingitur,
567 2716 702 2748 exclusa.
731 2717 891 2754 Diomedis
913 2726 968 2755 pa-

203 2774 260 2801 ter,
284 2767 416 2806 Tydeus,
432 2762 518 2794 filius
541 2761 648 2798 OEnei,
672 2759 855 2791 AEtolorum
875 2760 967 2800 regis,

205 2818 237 2841 et
253 2808 420 2849 Meleagri,
436 2807 528 2848 cujus
541 2804 685 2836 interitus
696 2802 780 2835 vario
791 2802 886 2833 modo
898 2813 969 2833 1131-

202 2860 298 2889 ratur,
314 2852 408 2882 frater
423 2850 493 2881 fuit.

246 2907 275 2926 v.
293 2894 365 2931 148,
386 2893 456 2925 149.
475 2896 510 2925 in
521 2894 637 2925 medias
650 2902 698 2924 res
712 2896 797 2928 cett„
814 2899 877 2920 non
893 2899 966 2919 cau-

204 2950 253 2970 sas
269 2939 433 2970 Homerus
454 2943 570 2969 exortae
591 2936 672 2966 inter
693 2936 968 2976 Agamemnonem

203 2990 234 3014 et
253 2983 410 3014 Achillem
425 2982 478 3012 irae
493 2986 566 3012 ante
580 2979 718 3022 exponit,
734 2978 787 3010 sed
803 2979 838 3010 in
851 2978 967 3010 medias

1025 1597 1074 1617 res
1100 1586 1202 1628 (Μῆνιν
1228 1585 1300 1617 ἄειδε
1325 1585 1400 1623 θεέ)
1427 1587 1504 1618 Non
1528 1597 1615 1618 secus
1637 1598 1674 1618 ac
1703 1594 1794 1620 notas

1028 1630 1193 1671 (tanquam
1203 1629 1271 1670 jam
1287 1629 1392 1670 notas)
1406 1631 1578 1661 auditorem
1592 1632 1685 1670 rapit.

1068 1683 1097 1703 v.
1127 1671 1200 1710 151,
1230 1671 1301 1703 152.
1329 1674 1435 1714 Atque
1459 1674 1503 1704 ita
1531 1675 1685 1706 mentitur
1705 1681 1793 1713 cett„

1024 1721 1118 1757 atque
1133 1726 1182 1746 res
1195 1715 1238 1747 ita
1254 1715 1355 1757 fingit,
1378 1722 1409 1746 et
1423 1715 1503 1747 fictis
1517 1726 1605 1746 veras
1626 1717 1791 1756 immiscet,

1023 1765 1061 1789 ut
1075 1759 1185 1799 prima,
1209 1759 1315 1790 media
1329 1766 1361 1790 et
1381 1759 1495 1791 ultima
1515 1759 1616 1790 amice
1637 1760 1672 1790 in
1693 1766 1792 1792 totam

1022 1812 1090 1833 rem
1105 1803 1294 1841 conspirent.

1066 1855 1095 1876 v.
1138 1844 1319 1877 153—178.
1361 1847 1529 1878 Decimum
1565 1848 1764 1888 Praecepeum
1777 1862 1788 1880 .-

1026 1895 1045 1909 “
1063 1888 1211 1929 Scriptor,
1227 1890 1282 1931 qui
1297 1889 1355 1920 sibi
1371 1889 1538 1920 conciliare
1559 1889 1647 1929 cupit
1667 1890 1792 1922 audito-

1022 1942 1095 1963 rum
1110 1933 1159 1963 vel
1175 1939 1385 1973 spectatorum
1406 1932 1538 1970 animos,
1561 1933 1720 1974 quomodo
1733 1934 1791 1965 ho.

1022 1976 1124 2006 mines
1138 1987 1195 2016 pro
1209 1987 1266 2007 sua
1280 1977 1413 2018 quisque
1427 1983 1518 2007 aetate
1531 1982 1628 2018 agant
1642 1977 1793 2008 sentiant-

1022 2030 1094 2060 que,
1111 2019 1236 2059 penitus
1250 2026 1448 2060 perspectum
1461 2021 1580 2055 habeat,
1592 2030 1716 2052 necesse
1730 2027 1787 2052 est.

1026 2063 1077 2093 Sic
1091 2063 1186 2100 enim,
1203 2063 1289 2104 quod
1302 2063 1418 2104 pueriS,
1429 2063 1601 2105 juvenibus
1615 2069 1647 2094 et
1660 2064 1788 2095 senibus

1020 2106 1225 2137 tribuendum
1254 2113 1310 2145 est,
1340 2107 1512 2148 unicuique
1541 2106 1666 2144 tribuet,
1697 2113 1738 2145 et,
1761 2108 1787 2138 si

1022 2159 1076 2180 eos
1097 2149 1184 2187 tales,
1199 2152 1307 2191 quales
1321 2160 1393 2180 vere
1407 2156 1490 2186 sunt,
1511 2149 1637 2191 egregie
1651 2150 1787 2191 descrip-

1019 2200 1067 2224 tos
1078 2203 1300 2236 expressosque
1308 2194 1342 2224 iu
1354 2203 1479 2224 scenam
1493 2192 1686 2234 produxerit,
1694 2193 1785 2234 plau-

1019 2247 1089 2267 sum
1105 2237 1221 2268 feret-'³

1061 2291 1090 2311 v.
1107 2279 1178 2311 153.
1198 2283 1358 2318 desideret,
1371 2291 1391 2312 a
1405 2285 1436 2311 te
1449 2279 1565 2321 exigat.

1062 2334 1091 2354 v.
1108 2322 1180 2355 154.
1201 2326 1356 2365 plausoris
1376 2326 1477 2356 aulaea
1498 2324 1663 2361 mammis,
1684 2334 1785 2366 usque

1017 2367 1057 2399 ad
1070 2368 1165 2402 finem
1180 2367 1296 2399 fabulae
1310 2367 1344 2397 in
1359 2366 1536 2408 spectaculo
1551 2367 1724 2406 manentis3
1737 2386 1782 2394 -.

1016 2413 1118 2443 aulaea
1147 2417 1262 2447 autem,
1291 2416 1417 2451 peracta
1445 2410 1563 2447 fabula,
1599 2419 1665 2440 non
1701 2411 1783 2442 sicut

1017 2465 1114 2491 nunc,
1130 2465 1169 2485 ex
1184 2455 1253 2485 1000
1268 2454 1427 2494 superiore
1448 2452 1702 2491 demittebantur,
1725 2454 1780 2486 sed

1017 2509 1056 2529 ex
1070 2498 1217 2528 inferiore
1231 2498 1301 2528 loco
1321 2507 1446 2531 sursum
1466 2496 1669 2527 trahebantur
1676 2509 1687 2536 ;
1714 2498 1777 2529 vid.

1017 2552 1112 2582 supra
1125 2541 1163 2571 ad
1183 2540 1283 2581 Epist.
1305 2541 1355 2572 11.
1376 2539 1404 2571 l.
1425 2538 1498 2570 183.

1060 2595 1088 2615 v.
1125 2583 1195 2615 155.
1224 2590 1342 2622 cantor,
1370 2583 1560 2614 histrionum
1589 2593 1682 2621 unus,
1723 2586 1779 2617 Vos

1005 2630 1158 2670 plaudite,
1174 2627 1352 2658 decantans.

1054 2682 1083 2702 v.
1110 2670 1181 2702 157.
1207 2673 1430 2712 Mnbilihusque
1445 2673 1534 2702 decor
1548 2672 1672 2704 naturis
1685 2677 1757 2702 cett.
1762 2694 1773 2710 ,

1011 2717 1097 2746 hunc
1111 2715 1227 2751 locum,
1243 2713 1283 2744 de
1297 2724 1360 2755 quo
1374 2713 1512 2745 multum
1527 2715 1672 2754 pulveris,
1696 2725 1777 2755 prae·

1013 2759 1105 2799 cipue
1118 2770 1137 2790 3
1151 2759 1300 2795 Βενιιὶεἰο,
1316 2767 1458 2797 sparsum
1479 2763 1535 2795 est,
1561 2759 1605 2789 ita
1626 2757 1776 2798 interpre-

1012 2809 1080 2833 tor:
1106 2809 1221 2834 natura
1247 2801 1313 2842 jam
1337 2807 1403 2832 est:
1443 2800 1574 2839 indoles,
1597 2801 1773 2842 ingenium,

1013 2845 1166 2877 sentiendi
1180 2844 1268 2882 ratio,
1284 2855 1379 2886 quam
1394 2844 1508 2885 cuique
1522 2844 1688 2876 hominum
1699 2851 1775 2876 aeta-

1011 2889 1035 2920 ti
1065 2896 1177 2920 natura
1205 2887 1335 2925 insevit3
1367 2889 1435 2919 haec
1463 2888 1555 2919 insita
1583 2887 1705 2919 indoles
1726 2894 1774 2919 est

1010 2934 1137 2970 mobilis,
1153 2933 1184 2962 h.
1202 2942 1229 2962 e.
1255 2932 1433 2970 mutabilis;
1457 2928 1547 2963 aliter
1572 2932 1666 2963 enim'
1682 2940 1771 2971 puer,

1011 2977 1099 3009 aliter
1108 2975 1242 3019 juvenis,
1259 2975 1347 3007 aliter
1361 2976 1416 3014 vir,
1440 2975 1530 3008 aliter
1550 2985 1644 3007 senex
1667 2975 1769 3006 sentit.
