1904 3250
205 131 258 169 78
830 129 1133 174 HORATII
1575 141 1683 188 [Lm.
1706 152 1757 180 11.

260 258 286 296 5
319 254 518 297 Nondum
540 254 715 311 expiatis
737 264 863 297 uncta
883 257 1115 307 cruoribus,

318 324 570 367 Periculosae
590 326 760 382 plenum
781 340 886 381 opus
907 325 1022 375 aleae,

434 397 622 449 Tramas,
645 407 687 441 et
706 397 864 439 incedis
884 412 961 453 per
981 398 1099 455 ignes

492 472 738 527 Suppositos
759 470 886 512 cineri
907 470 1066 512 doloso.

318 541 511 583 Paullum
531 555 686 582 severae
709 539 837 581 Musa
856 540 1074 598 tragoediae

236 618 284 655 10
315 613 439 657 Desit
458 614 652 655 theatris:
683 628 797 663 ιιιοΧ,
819 613 891 654 ubi
910 613 1098 669 publicas

434 683 518 724 Res
539 682 758 733 ordinaris,
780 682 940 740 grande
959 698 1111 725 munus

489 755 694 811 Cecropio
714 763 877 811 repetes
898 755 1118 807 cothurno,

314 830 483 887 Insigne
503 829 661 870 moestis
681 828 924 884 praesidium
945 829 1039 879 reis,

315 902 370 944 Et
390 902 622 944 consulenti
645 901 781 943 Pollio
802 902 942 957 curiae,

429 974 510 1017 Cui
530 975 672 1017 laurus
693 983 871 1017 aeternos
891 974 1073 1016 honores

484 1050 722 1099 Dalmatico
741 1050 905 1107 peperit
923 1048 1150 1106 triumpho.

310 1122 406 1164 Jam
425 1136 537 1162 nunc
556 1121 708 1162 minaei
727 1135 942 1162 murmure
963 1134 1171 1162 cornuum

313 1190 565 1248 Perstringis
586 1205 729 1232 aures:
745 1191 835 1247 jam
854 1189 946 1232 litui
967 1198 1179 1246 strepunt:

425 1260 521 1302 Jam
540 1259 680 1318 fulgor
701 1275 913 1302 armorum
933 1253 1114 1318 fugaces

543 1329 695 1371 Terret
715 1345 843 1386 equos
865 1330 1134 1387 equitumque
1154 1329 1306 1373 vultus.

231 979 279 1017 15

223 1334 278 1372 20

990 1446 1060 1485 eris,
1074 1447 1187 1489 quibus
1200 1447 1373 1488 respublica
1394 1454 1440 1480 est
1460 1450 1640 1491 composita.
1688 1452 1748 1485 Fa-

991 1501 1060 1521 cere
1082 1491 1168 1522 enim
1193 1491 1343 1522 dicuntur
1368 1499 1469 1532 poetae
1491 1499 1522 1525 et
1550 1495 1749 1528 historiarum

990 1534 1163 1574 scriptores,
1177 1535 1261 1575 quod
1275 1535 1464 1568 describunt.
1527 1542 1646 1579 grande
1659 1552 1749 1572 mun.

191 1447 307 1479 scilicet
331 1448 510 1488 principum
539 1448 699 1478 amicitias.
788 1448 872 1484 vitia,
902 1453 946 1477 te-

192 1501 285 1527 mere,
300 1501 320 1522 a
342 1489 543 1530 Pompeianis
563 1490 714 1529 inprimis,
737 1496 827 1529 capta
847 1489 948 1520 consi·

191 1535 244 1566 lia.
332 1537 436 1565 modos
464 1533 545 1564 refer
567 1534 608 1564 ad
636 1543 761 1564 omnem
783 1533 945 1570 rationem,

190 1589 253 1620 qun
273 1577 391 1608 bellum
406 1587 463 1617 pro
477 1577 630 1618 cujusque
650 1577 746 1617 partis
766 1576 896 1608 consilio
916 1583 948 1607 et

190 1621 306 1652 viribus
320 1627 444 1662 gestum
459 1627 514 1651 est.
571 1622 765 1662 Ludumque
780 1623 946 1658 Fwtunae,

190 1666 325 1697 fortunae
339 1664 575 1695 vicissitudines.
662 1675 779 1705 graves,
792 1664 946 1695 exitiosas

134 1734 137 1736 -
189 1726 235 1735 -
249 1714 347 1741 uncta
369 1709 401 1738 b.
428 1719 455 1739 e.
478 1708 608 1748 polluta,
631 1716 667 1739 ιιι
688 1708 760 1738 infr.
788 1707 892 1747 Epod.
910 1706 942 1737 5.

193 1752 243 1784 19.
279 1763 335 1785 ova
363 1755 465 1793 turpis
493 1763 582 1783 ranae
609 1754 762 1791 sanguine
789 1757 947 1783 uncta.—

188 1799 283 1829 mnd.
312 1798 439 1846 eripiatis
463 1807 564 1827 cruor.
595 1801 770 1836 perpetrata
797 1795 882 1826 euim
911 1795 945 1824 in

188 1840 272 1872 bello
300 1839 383 1870 civili
411 1839 527 1870 civium
555 1839 656 1870 caedes
677 1838 718 1869 ad
744 1838 885 1880 graviora
913 1844 944 1868 et

189 1883 321 1925 piaculis
335 1882 489 1923 expianda
502 1882 692 1914 referebatur
712 1882 846 1919 scelera3
869 1882 945 1912 hinc

189 1937 283 1968 supra
306 1927 423 1958 Noster
444 1926 484 1957 de
504 1926 594 1957 bellis
616 1925 759 1957 civilibus
782 1906 940 1956 1.'2.29.

193 1973 253 2004 Cui
265 1972 348 2002 dabie
358 1982 382 2011 p
375 1976 463 2002 »artes
477 1972 575 2002 scelus
588 1971 733 2011 ezpimdi
746 1971 888 2011 Jupiter.
884 1969 946 1994 ⁹—

190 2016 326 2047 Pericul-
339 2017 422 2055 plen.
447 2025 525 2055 opus
545 2016 620 2045 aleoe
641 2012 816 2053 explicant·
867 2023 947 2052 opus

187 2057 491 2099 periculosissimum,
508 2067 575 2088 rem
589 2067 736 2099 magnam
761 2063 793 2087 et
812 2056 943 2087 arduam

188 2101 328 2140 moliris3
350 2100 496 2142 equidem
510 2111 566 2141 per
579 2112 655 2141 opus
671 2102 804 2141 plenum
822 2102 944 2141 pericu-

186 2147 259 2178 losa
271 2147 347 2177 aleae
363 2145 543 2184 simpliciter
557 2144 755 2186 designatum
777 2154 843 2175 esse
864 2150 942 2184 puto

186 2191 299 2222 bouum
321 2191 415 2224 civile,
437 2189 511 2229 quia
524 2188 558 2218 in
573 2198 620 2225 eo,
637 2187 718 2218 sicut
730 2188 763 2218 in
779 2187 855 2225 alea,
870 2187 942 2227 plu-

187 2233 267 2264 rima
280 2243 300 2264 a
311 2232 446 2263 fortunae
459 2231 564 2262 favore
578 2231 734 2271 pendeut3
757 2237 789 2262 et
803 2232 847 2262 sic
861 2233 943 2263 ince-

187 2279 258 2309 dere
268 2288 327 2317 per
340 2278 426 2317 ignes
439 2277 605 2315 suppositos
627 2277 721 2306 cineri
742 2277 838 2306 doloso
861 2274 938 2305 erit·

187 2320 309 2351 versari
321 2320 355 2350 in
376 2318 578 2350 describendo
592 2318 674 2349 bello
688 2318 780 2354 civili,
798 2318 851 2350 ubi
871 2318 937 2349 ino-

185 2363 293 2404 pinata
312 2362 396 2394 mala
414 2369 446 2394 et
471 2361 618 2401 pericula,
640 2362 721 2393 sicut
741 2362 824 2404 ignis
843 2362 940 2393 cineri

185 2407 295 2439 doloso
307 2407 496 2456 suppositus,
511 2406 614 2436 subito
627 2412 855 2446 prorumpunt3
878 2406 942 2436 ele-

187 2457 297 2493 gauter
311 2457 416 2482 autem
431 2451 507 2481 cinis
527 2448 641 2480 dicitur
655 2451 784 2487 dolosus,
799 2450 858 2480 sub
878 2459 942 2491 quo

188 2494 271 2537 ignis
284 2493 391 2526 dolone
403 2492 491 2535 quasi
504 2492 589 2523 latet.

228 2549 257 2569 v.
287 2535 404 2569 9-16.
433 2539 527 2569 Paul.
550 2547 609 2567 sev.
638 2537 723 2567 Mus.
756 2543 834 2577 trag.
860 2538 937 2569 Des.

186 2585 296 2614 theatr.
314 2581 403 2613 sileat
415 2580 532 2611 interea
547 2579 645 2610 Musa
657 2587 713 2609 tua
797 2581 852 2617 ἀι,
875 2590 940 2611 ces-

186 2633 233 2657 set
246 2633 278 2658 et
290 2624 512 2657 intermittam
521 2622 698 2664 paululum,
711 2633 773 2663 quo
784 2623 941 2664 tragoediis

185 2669 354 2701 scribendis
361 2668 401 2700 de
406 2666 534 2700 themis
540 2666 665 2708 egregie
673 2675 782 2703 mereS‚
792 2667 940 2697 studium.

186 2731 229 2737 —
242 2715 296 2745 ubi
316 2713 512 2754 respublicas
531 2711 693 2746 ordinaris,
716 2710 771 2740 ubi
793 2720 850 2746 res,
869 2721 940 2750 quae

186 2756 226 2786 ad
239 2757 325 2790 bella
344 2755 446 2788 civilia
468 2760 616 2795 spectant,
642 2753 814 2794 digesseris,
837 2760 868 2783 et
890 2764 941 2784 ea-

187 2809 256 2829 rum
271 2810 390 2831 nexum
411 2809 450 2830 ex
470 2798 579 2830 ordine
598 2796 808 2836 descripseris;
831 2796 879 2826 vel
900 2797 939 2828 ad

186 2844 367 2882 exquisitius
381 2841 531 2885 loquendi
543 2851 661 2884 genus.
682 2846 844 2881 postquam
859 2850 938 2870 rem

187 2886 341 2924 publicam
357 2885 629 2927 compomeris,h.
653 2894 681 2915 e.
700 2890 862 2924 postquam
875 2884 938 2914 his.

188 2929 297 2960 toriam
313 2937 398 2961 tuam
414 2930 454 2961 ad
468 2929 522 2960 illa
535 2938 634 2970 usque
648 2934 788 2967 tempora
803 2926 938 2967 produx-

993 1580 1113 1618 Cecrop.
1130 1585 1222 1618 repet.
1237 1581 1376 1611 cothurn.
1395 1580 1503 1622 tragici
1526 1589 1626 1621 poetae
1646 1589 1748 1623 parta

991 1621 1053 1652 de
1043 1629 1166 1663 integro
1179 1622 1360 1660 sustinebis,
1383 1630 1518 1664 repetere
1532 1629 1653 1666 grande
1675 1639 1749 1659 mn-

988 1676 1058 1701 nus,
1075 1665 1115 1696 ad
1128 1675 1222 1707 grave
1243 1646 1408 1707 tragoedias
1428 1668 1582 1699 scribendi
1607 1669 1747 1701 studium

988 1708 1098 1746 redire,
1130 1711 1272 1751 Cecropio
1299 1727 1342 1734 —
1367 1712 1523 1748 cothurno,
1554 1712 1745 1752 sublimiore,

988 1762 1083 1793 quem
1096 1752 1178 1783 illud
1192 1753 1297 1794 exigit,
1321 1753 1659 1796 spii-im.c⁷eor01›a·m‚
1685 1758 1748 1788 At-

988 1796 1086 1835 ticus3
1108 1796 1238 1827 fuerunt
1251 1802 1358 1827 autem
1379 1797 1560 1829 nobilissimi
1581 1800 1755 1849 tngoedias

986 1849 1056 1870 rum
1092 1840 1254 1879 scriptores
1291 1839 1391 1871 Attici
1425 1841 1489 1873 sive
1527 1843 1745 1882 Athenienses

989 1883 1131 1923 Thespis,
1158 1883 1335 1923 Sophocles,
1360 1883 1539 1925 AEsehylus,
1563 1886 1743 1927 Euripides.

986 1943 1030 1951 —
1044 1929 1222 1964 cothurnus,
1237 1927 1361 1958 calceus
1380 1927 1480 1965 altior,
1503 1939 1568 1970 quo
1586 1930 1619 1960 in
1634 1936 1747 1973 πιερ-

989 1970 1048 2001 diis
1061 1971 1239 2007 utebantur,
1262 1981 1319 2011 pro
1333 1971 1400 2010 ipsa
1412 1973 1572 2023 trngoedm,
1587 1974 1637 2005 vel
1649 1975 1754 2006 subli-·

989 2013 1087 2044 miore
1101 2013 1254 2044 scribendi
1268 2024 1392 2056 genere,
1417 2014 1465 2046 uti
1485 2027 1601 2054 soccus,
1622 2017 1746 2050 calceus

986 2056 1144 2095 humilior,
1160 2067 1218 2097 pro
1231 2057 1392 2095 comoedia,
1414 2059 1464 2089 vel
1485 2060 1652 2092 humiliore
1670 2062 1746 2092 seri-

986 2100 1081 2132 bendi
1095 2111 1228 2143 genere3
1244 2101 1328 2132 oonf.
1345 2101 1418 2133 infr.
1439 2103 1481 2133 A.
1497 2103 1535 2134 Ρ.
1553 2103 1607 2135 89.
1655 2104 1745 2136 Hinc

986 2144 1149 2195 Virgilius,
1168 2144 1348 2176 Pollionem
1372 2146 1518 2186 Sophocli
1539 2147 1743 2188 aequiparem,

984 2188 1052 2230 ejus
1065 2189 1206 2220 carmina
1221 2190 1283 2219 sola
1298 2191 1454 2229 Sophocleo
1473 2192 1622 2223 cothurno
1648 2193 1743 2233 digna

985 2242 1051 2262 esse
1064 2233 1118 2262 ait.
1185 2233 1315 2272 Insigne
1328 2234 1493 2264 moeseis—
1502 2236 1619 2274 peperit
1631 2237 1744 2267 nium-

979 2278 1052 2316 pho,
1067 2285 1125 2316 pro
1138 2275 1279 2317 vulgari:
1309 2276 1340 2307 0
1356 2275 1471 2313 ΡοΠίο,
1487 2277 1535 2308 vir
1548 2278 1740 2310 nonmusi-

982 2329 1042 2354 me,
1071 2326 1103 2350 et
1134 2319 1332 2350 victoriarum
1361 2319 1461 2361 gloria
1496 2320 1675 2354 clarissime.
1698 2339 1743 2348 —-

983 2364 1152 2394 consulenti
1165 2364 1269 2399 curia,
1291 2362 1413 2394 senami
1426 2363 1467 2394 de
1480 2365 1575 2396 rebus
1594 2365 1744 2408 graviori-

983 2408 1043 2437 bus
1071 2405 1263 2437 deliberanti.
1350 2407 1493 2439 Dalmat.
1521 2410 1686 2450 triumplu.
1702 2409 1744 2440 de

986 2449 1143 2481 thinis
1164 2450 1297 2491 proprie,
1324 2450 1442 2491 populo
1465 2450 1604 2492 Illyrico,
1633 2459 1742 2484 eoum

982 2503 1060 2535 quos
1073 2493 1188 2524 missus
1199 2493 1302 2525 fuerat
1314 2495 1354 2525 ab
1371 2494 1524 2533 Antonio,
1545 2495 1741 2536 triumphum

983 2537 1049 2578 egit
1074 2536 1190 2568 Pollio.
1225 2537 1292 2568 Dio
1316 2537 1490 2568 XLVIII.
1514 2517 1572 2570 '41
1599 2539 1737 2579 Appian-

982 2581 1022 2611 de
1050 2581 1090 2612 Β.
1110 2581 1148 2612 C.
1167 2580 1208 2611 V.
1232 2579 1371 2622 75.pag
1370 2579 1503 2612 ..1135
1533 2582 1588 2623 qui
1612 2581 1741 2624 quidm

982 2623 1159 2664 triumphus
1186 2591 1455 2656 honorificentiore
1482 2626 1610 2658 nomine
1637 2625 1740 2656 dionis

981 2674 1028 2699 eet
1040 2669 1252 2700 Dalmaticus.

1025 2722 1054 2742 v.
1069 2709 1204 2742 17-24.
1225 2711 1372 2752 Sequitur
1385 2712 1474 2743 locus
1486 2711 1582 2753 longe
1593 2710 1739 2752 pulcher-

982 2755 1090 2786 rimus
1135 2754 1211 2786 Jam
1224 2765 1310 2785 nunc
1323 2755 1424 2786 oculis
1436 2755 1501 2786 mis
1512 2755 1652 2796 subjecta
1669 2765 1735 2786 mse

981 2799 1025 2829 ait
1038 2804 1138 2839 poeta,
1164 2808 1235 2839 quae
1253 2797 1355 2828 Pollio
1376 2809 1434 2838 pro
1445 2798 1570 2840 insigni,
1591 2808 1656 2839 qun
1669 2798 1738 2838 pol-

982 2842 1053 2878 leat,
1069 2841 1194 2872 dicendi
1218 2847 1283 2871 arte
1307 2841 1548 2873 adumbratus-us
1567 2841 1616 2873 sit.
1665 2841 1740 2873 Tri-

980 2886 1049 2916 buit
1062 2885 1159 2927 igitur
1173 2884 1200 2915 ei
1215 2883 1352 2923 laudem,
1368 2885 1402 2915 in
1420 2895 1483 2927 qua
1503 2895 1627 2917 summa
1641 2884 1738 2916 histo-

981 2929 1097 2960 riarum
1129 2928 1282 2969 scriptoris
1310 2929 1405 2960 virtus
1433 2928 1578 2960 cernitur.
1663 2940 1736 2970 per-
