1904 3250
181 172 266 210 222

811 167 1116 213 HORATII

1553 175 1661 224 [Lm.
1683 183 1740 228 ιγ.

301 295 398 337 Rite
419 295 596 337 Latonae
617 308 795 352 puerum
817 301 1027 345 canentes,

299 367 396 409 Rite
417 375 671 409 crescentem
690 365 780 406 face
802 363 1081 415 Noctilucam,

299 440 550 496 Prosperam
569 439 750 495 frugum,
774 437 1033 494 celeremque
1053 453 1212 493 pronos

206 517 263 555 40

701 509 881 552 Volvere
901 525 1077 553 menses.

298 583 443 638 Nupta
454 583 544 637 jam
564 580 676 622 dices
693 596 703 621 τ
735 595 815 636 ego
836 578 917 621 Dis
939 581 1133 630 amicum,

296 655 461 698 Saeculo
481 654 605 696 festas
626 652 830 695 referente
850 653 978 705 luces,

296 724 481 767 Reddidi
501 739 682 775 carmen,
705 723 851 765 docilis
870 723 1093 779 modorum

699 796 817 837 Vatis
841 794 1006 837 Horati.

713 958 1046 1000 CARMEN
1088 958 1208 1000 VII.

746 1087 815 1118 AD
841 1087 1165 1123 TORQUATUM.

294 1206 567 1250 D1FFUGERE
588 1207 702 1249 nives
719 1223 728 1248 :
765 1207 943 1249 redeunt
957 1209 1046 1264 jam
1066 1209 1256 1266 gramina
1277 1209 1448 1265 campis,

410 1277 730 1334 Arboribusque
751 1292 883 1318 comae
898 1293 907 1318 :

294 1349 438 1392 Mutat
457 1358 571 1392 terra
588 1350 697 1391 vices
714 1366 723 1390 :
755 1358 797 1391 et
817 1349 1098 1392 decrescentia
1118 1350 1231 1406 ripas
1257 1369 1268 1386 ο

410 1422 604 1464 Flumina
623 1430 878 1479 praetereunt
893 1439 902 1463 ε

174 1540 294 1576 modos,
323 1549 402 1580 quos
430 1549 490 1580 ego
519 1539 605 1570 vobis
632 1540 673 1570 ad
693 1539 794 1580 lyram
821 1539 932 1579 pollice
975 1538 1055 1570 illud
1077 1538 1176 1576 docet,
1200 1540 1303 1576 tradit,
1325 1538 1438 1570 chorus
1465 1543 1572 1571 autem
1600 1548 1735 1578 carmen,

173 1594 248 1616 meo
259 1582 414 1624 pulsatam
430 1592 540 1622 praeeo.

175 1639 246 1660 cun.
266 1629 337 1659 Rite
351 1633 492 1658 crescent.
507 1627 585 1667 face
600 1628 756 1658 Noctiluc.
772 1626 806 1656 in
830 1626 932 1666 Apol-

173 1670 247 1702 linis
285 1670 370 1702 enim
400 1675 431 1700 et
467 1669 581 1700 Dianae
615 1669 761 1701 laudibus
797 1676 935 1700 versatur

124 1739 127 1742 .
172 1714 311 1746 maxime
339 1713 484 1744 carminis
514 1713 677 1744 Saecularis
698 1719 930 1754 argumentum.

171 1773 220 1784 -—·
232 1763 417 1789 crescentem
444 1757 534 1799 face.
564 1758 596 1787 h.
629 1767 656 1787 e.
689 1756 828 1794 lumine;
861 1757 934 1787 hinc

173 1803 286 1835 ,Diana
326 1802 478 1843 Lucifera
505 1800 607 1830 facem
635 1800 669 1830 in
697 1810 795 1831 manu
824 1806 934 1830 tenens

170 1845 338 1876 exhibetur
351 1844 385 1874 in
400 1850 472 1874 vett.
492 1844 707 1874 Monumentt.
791 1845 934 1876 Noctilu-

172 1899 253 1925 cam,
265 1888 325 1918 hoc
340 1888 499 1927 proprium
513 1888 631 1919 Diam
646 1889 803 1919 Palaeinae
817 1897 934 1928 cogno-

171 1941 247 1962 men
271 1930 368 1962 fuisse
389 1931 533 1969 videtur3
556 1930 687 1962 laudant
708 1930 741 1961 in
766 1930 846 1961 hanc
867 1940 935 1961 rem

174 1974 308 2006 varran.
328 1974 367 2005 L.
389 1974 429 2005 L.
449 1974 511 2005 IV.
529 1973 583 2005 20.
606 1976 704 2006 Luna
725 1975 806 2006 dicta
822 1975 934 2006 Nocti-

171 2019 244 2050 luca
258 2015 293 2049 in
309 2020 454 2054 Palatio,·
477 2019 553 2049 riam
574 2020 619 2049 illi
639 2024 734 2050 noctu
754 2020 837 2050 lucet
857 2025 949 2049 tem--

164 2063 269 2104 plum.
320 2061 440 2092 Graecis
460 2072 584 2102 quoque
606 2063 705 2093 Luna
727 2061 791 2092 sive
819 2063 930 2093 Diana

172 2106 324 2148 Lucifera
339 2104 472 2135 dicitur:
500 2106 680 2144 Num-ioum
698 2111 741 2136 Nu
726 2105 927 2145 utrmque-ne·

171 2165 216 2174 -
226 2159 404 2189 prosperam
412 2150 565 2189 frugum,
587 2148 672 2189 quod
687 2150 797 2179 attinet
810 2148 850 2179 ad
864 2147 933 2178 fru-

168 2202 237 2234 ges,
253 2193 284 2222 h.
302 2202 329 2222 e.
348 2202 440 2232 agros
461 2192 591 2233 frugum
613 2191 770 2222 fertilitate
791 2201 933 2231 prosper-

171 2242 286 2271 antem,
319 2235 400 2277 φιρίκ
404 2247 479 2277 aea-0
482 2249 502 2266 ν.
531 2234 647 2266 Catull.
676 2235 852 2267 XXXIV.
881 2233 931 2266 19.

167 2279 220 2311 de
238 2278 363 2310 Diana:
399 2281 529 2310 Rustica
555 2280 696 2318 agricolae
723 2281 808 2310 bonis
839 2281 932 2310 Tecta

166 2324 323 2366 ,frugibus
342 2323 448 2361 exples.
527 2324 677 2363 Celeremq
678 2334 718 2354 ue
736 2334 827 2363 pron.
852 2324 929 2354 volv-

171 2377 270 2399 mens.
305 2365 425 2401 Graece,
449 2375 525 2404 pro·
551 2365 682 2396 celerem
711 2366 745 2396 in
773 2365 932 2397 volvendis

170 2409 347 2447 mensibus3
370 2414 407 2439 ut
430 2418 514 2447 supr.
543 2408 570 2438 Ι.
599 2408 647 2439 16.
678 2408 726 2440 18.
751 2416 781 2441 et
806 2411 932 2441 ederem

171 2455 259 2495 sequi
283 2453 423 2495 Ajacem,
448 2452 519 2482 111.
550 2450 598 2482 12.
628 2452 676 2483 12.
702 2455 778 2484 celer
801 2455 932 2493 excipere

170 2508 296 2538 aprum.
346 2506 468 2537 pronos,
495 2505 594 2535 prono
615 2497 754 2537 adeoque
775 2496 933 2536 praecipite

171 2551 266 2572 cursu
280 2540 426 2570 labentes·

214 2595 243 2615 v.
261 2580 400 2614 41—44.
426 2583 536 2622 Nupta
542 2582 615 2622 jam
630 2585 710 2614 dices
725 2588 796 2613 cett.
834 2582 931 2619 Quod

171 2627 259 2659 addit
275 2626 439 2663 Horatius,
453 2625 584 2665 puellas,
600 2626 624 2656 si
640 2626 766 2667 quando
780 2626 931 2667 conjuges

171 2677 203 2702 et
217 2677 331 2702 matres
350 2670 467 2702 futurae
486 2669 558 2706 sint,
585 2668 624 2699 de
647 2670 765 2700 honore
786 2669 852 2706 illo,
866 2680 931 2709 quo

168 2715 247 2746 olim
262 2715 295 2745 in
310 2713 394 2745 ludis
418 2711 623 2744 Secularibus
637 2723 762 2743 carmen
781 2712 929 2743 Horatia-

170 2768 251 2789 num
288 2758 411 2798 publice
438 2755 677 2792 decantaverint,
702 2755 931 2805 jucundissima

169 2801 268 2833 animi
289 2800 502 2833 recordatione
522 2805 698 2830 narraturas
718 2809 806 2836 esse;
829 2798 886 2829 id
877 2799 929 2829 iis·

168 2846 251 2880 dem.
274 2851 311 2876 ut
331 2851 434 2885 partes
454 2849 534 2875 suas
544 2852 632 2880 nunc
651 2844 731 2873 bene
757 2842 927 2881 explerent,

168 2889 254 2918 haud
280 2888 433 2930 exiguum
453 2886 690 2918 incitamentum
718 2895 784 2916 esse
807 2884 925 2916 debuit.

168 2934 333 2963 —reddidi
346 2943 485 2968 carmen,
501 2930 639 2980 apposite
652 2939 725 2970 pro.
744 2928 923 2959 decantavi:

169 2975 450 3007 Chorodidascalus
469 2973 555 3006 enim
579 2973 672 3005 choro
693 2982 828 3010 carmen,
850 2971 928 3002 dum

626 1585 697 1614 Rite
711 1585 825 1615 Leton.
838 1594 931 1624 Jmer.
974 1582 1053 1613 dum
1067 1582 1148 1613 illud
1163 1582 1256 1620 canit,
1270 1584 1378 1614 reddit.

1194 1668 1404 1701 CARMEN
1427 1668 1511 1700 vn.

1021 1755 1083 1787 Est
1110 1756 1170 1787 hoc
1209 1765 1335 1787 carmen
1370 1755 1500 1787 carmini
1527 1761 1640 1798 quarto
1666 1756 1738 1789 libri

977 1799 1069 1839 primi
1094 1799 1301 1830 simillimum.
1345 1799 1387 1830 In
1409 1805 1543 1841 utroque
1563 1799 1647 1831 enim
1669 1810 1738 1832 car-

977 1843 1062 1873 mine
1091 1849 1182 1882 poeta
1202 1842 1318 1874 amicos
1345 1853 1428 1880 suos,
1456 1843 1491 1873 in
1521 1843 1582 1874 hoe
1609 1843 1737 1885 quidem

984 1888 1188 1928 Torquatum,
1204 1887 1237 1916 in
1251 1886 1310 1916 illo
1321 1887 1466 1924 Senium,
1482 1886 1560 1918 dum
1573 1887 1653 1918 veris
1665 1886 1735 1918 red-

978 1930 1058 1961 itum
1073 1930 1111 1960 iis
1125 1937 1197 1960 ante
1211 1929 1320 1960 oculos
1333 1929 1431 1969 ponit,
1454 1929 1500 1961 ad¹
1512 1931 1583 1961 vitae
1604 1930 1736 1962 brevita-

977 1980 1041 2005 tem
1057 1979 1089 2004 et
1109 1972 1263 2006 moriendi
1284 1972 1497 2004 necessitatem
1517 1973 1659 2004 animum
1679 1973 1736 2005 ad-

977 2023 1104 2054 vertere,
1126 2023 1160 2048 et
1179 2016 1252 2048 hinc
1272 2016 1435 2056 sapienter,
1457 2016 1536 2048 dum
1559 2015 1641 2052 licet,
1665 2017 1736 2048 vitae

975 2060 1066 2091 bonis
1087 2066 1120 2091 et
1136 2059 1338 2101 jucunditate
1361 2059 1512 2100 perfrui
1496 2061 1596 2102 jubet.
1612 2077 1656 2085 —
1673 2059 1738 2092 Per

982 2106 1176 2146 Torquatum
1203 2103 1289 2135 haud
1317 2103 1412 2135 dubie
1439 2071 1662 2145 intelligendus
1689 2109 1737 2135 est

977 2147 1073 2185 idem,
1094 2146 1135 2178 ad
1157 2157 1251 2188 quem
1270 2146 1354 2178 infra
1377 2146 1521 2187 Epistola
1540 2146 1650 2188 quinta
1662 2144 1734 2178 libri

949 2202 953 2205 ·
976 2191 1070 2231 primi
1082 2190 1195 2230 scripta
1211 2197 1267 2228 est,
1289 2199 1403 2229 nempe
1427 2191 1470 2222 L.
1487 2191 1631 2223 Manlius
1657 2191 1735 2222 Tor-

978 2241 1103 2276 quaem,
1135 2233 1291 2271 Consulis,
1320 2235 1379 2264 sub
1406 2243 1471 2274 quo
1501 2233 1616 2265 Noster
1643 2239 1736 2265 natus

977 2285 1033 2311 est.
1049 2287 1156 2317 nepos.
1203 2278 1352 2309 Ceterum
1375 2276 1410 2308 in
1434 2275 1619 2308 sententiam
1640 2276 1736 2308 hu'us

977 2320 1198 2352 carminisvid.
1214 2331 1301 2361 supr.
1318 2319 1572 2361 Argum-adll-
1591 2319 1622 2350 9.
1636 2327 1668 2351 et
1698 2318 1731 2352 4.

977 2365 1018 2396 cf.
1043 2374 1168 2406 quoque
1181 2363 1222 2395 de
1236 2363 1316 2394 veris
1337 2363 1544 2404 descriptione
1563 2363 1637 2395 infr.
1657 2363 1735 2396 Car-

977 2418 1050 2439 men
1064 2407 1298 2439 duodecimum.

1016 2462 1048 2482 v.
1070 2450 1161 2482 1-16.
1186 2457 1288 2483 mutat
1310 2457 1392 2482 term
1414 2452 1492 2483 m‘ces
1511 2459 1568 2491 pro
1588 2450 1730 2497 vulgari.

976 2501 1059 2526 terra
1070 2501 1213 2526 mutatur
1226 2494 1302 2525 anni
1315 2494 1534 2529 vicissitudine,
1549 2495 1581 2525 h.
1594 2504 1622 2525 e.
1639 2495 1731 2532 terra,

976 2538 1055 2569 dum
1080 2549 1133 2569 ver
1152 2548 1211 2578 pro
1232 2538 1307 2569 anni
1328 2537 1538 2569 vicissitudine
1547 2536 1646 2575 redit,
1666 2537 1731 2568 for·
1747 2545 1749 2548 ’

975 2592 1061 2612 mam
1082 2581 1256 2623 hyemalem
1277 2591 1352 2612 cum
1380 2591 1475 2612 verm
1498 2584 1608 2611 mutat.
1638 2580 1731 2620 Supr.

974 2635 1069 2657 carm.
1088 2625 1172 2656 laud.
1189 2636 1220 2656 v.
1241 2623 1271 2656 l.
1294 2625 1630 2664 Solvituracrishyem
1640 2630 1731 2664 grata

975 2671 1039 2701 vice
1053 2671 1140 2701 veris.
1166 2671 1172 2677 '
1210 2671 1392 2701 decrescent·
1409 2669 1468 2709 rip.
1479 2668 1627 2710 flumina
1644 2678 1730 2708 prae-

974 2719 1109 2750 tereunt‚
1125 2711 1266 2749 flumina,
1281 2722 1353 2753 quae
1366 2711 1489 2742 nivibus
1508 2709 1707 2752 liquefactis·
1697 2720 1732 2741 m

976 2762 1093 2786 tantam
1116 2755 1315 2786 altitudinem
1342 2759 1547 2790 excreverant,
1574 2760 1611 2784 ut
1637 2763 1733 2794 supra

975 2799 1057 2838 ripas
1096 2797 1339 2833 effunderentur,
1375 2797 1443 2838 jam
1481 2795 1672 2834 decrescunt,
1700 2803 1732 2828 et

974 2841 1056 2872 intra
1064 2841 1174 2882 justas,
1189 2848 1226 2871 ut
1239 2846 1321 2877 ante,
1337 2840 1420 2880 ripas
1433 2839 1546 2871 fluunt.
1595 2840 1731 2871 Flumen

974 2885 1055 2915 intra
1068 2884 1191 2915 alveum
1205 2894 1300 2914 suum
1320 2894 1353 2914 se
1374 2883 1537 2915 continens
1556 2885 1639 2924 n‘pas
1647 2895 1732 2925 prae-

972 2930 1071 2964 terire,
1095 2937 1171 2967 pro:
1207 2927 1290 2967 ripas
1313 2926 1495 2966 praeterlabi,
1519 2927 1569 2958 vel
1591 2927 1674 2958 inter
1692 2937 1731 2958 u-

974 2979 1116 3012 tramque
1130 2970 1228 3011 ripam
1242 2970 1346 3012 quiete
1360 2969 1432 3009 labi,
1448 2970 1571 3003 dicitur.
1621 2972 1729 3004 Gratia
