<?xml version="1.0" encoding="UTF-8"?>
<!DOCTYPE html PUBLIC "-//W3C//DTD XHTML 1.0 Transitional//EN"
    "http://www.w3.org/TR/xhtml1/DTD/xhtml1-transitional.dtd">
<html xmlns="http://www.w3.org/1999/xhtml" xml:lang="en" lang="en">
 <head>
  <title>
</title>
<meta http-equiv="Content-Type" content="text/html;charset=utf-8" />
  <meta name='ocr-system' content='tesseract 3.04.00' />
  <meta name='ocr-capabilities' content='ocr_page ocr_carea ocr_par ocr_line ocrx_word'/>
</head>
<body>
  <div class='ocr_page' id='page_1' title='image "./operaomniacumind00horauoft_0412.png"; bbox 0 0 1904 3250; ppageno 0'>
   <div class='ocr_carea' id='block_1_1' title="bbox 147 1807 356 1849">
    <p class='ocr_par' dir='ltr' id='par_1_1' title="bbox 147 1807 356 1849">
     <span class='ocr_line' id='line_1_1' title="bbox 147 1807 356 1849; baseline -0.005 -10"><span class='ocrx_word' id='word_1_1' title='bbox 147 1824 149 1826; x_wconf 97' lang='lat'>·</span> <span class='ocrx_word' id='word_1_2' title='bbox 197 1807 356 1849; x_wconf 77' lang='lat' dir='ltr'>inquirite.</span> 
     </span>
    </p>
   </div>
   <div class='ocr_carea' id='block_1_2' title="bbox 193 194 279 234">
    <p class='ocr_par' dir='ltr' id='par_1_2' title="bbox 193 194 279 234">
     <span class='ocr_line' id='line_1_2' title="bbox 193 194 279 234; baseline 0.012 -1"><span class='ocrx_word' id='word_1_3' title='bbox 193 194 279 234; x_wconf 70' lang='lat'><strong>372</strong></span> 
     </span>
    </p>
   </div>
   <div class='ocr_carea' id='block_1_3' title="bbox 822 184 1130 233">
    <p class='ocr_par' dir='ltr' id='par_1_3' title="bbox 822 184 1130 233">
     <span class='ocr_line' id='line_1_3' title="bbox 822 184 1130 233; baseline 0 0"><span class='ocrx_word' id='word_1_4' title='bbox 822 184 1130 233; x_wconf 86' lang='lat' dir='ltr'>HORATII</span> 
     </span>
    </p>
   </div>
   <div class='ocr_carea' id='block_1_4' title="bbox 1586 195 1820 244">
    <p class='ocr_par' dir='ltr' id='par_1_4' title="bbox 1586 195 1820 244">
     <span class='ocr_line' id='line_1_4' title="bbox 1586 195 1820 244; baseline -0.013 -10"><span class='ocrx_word' id='word_1_5' title='bbox 1586 195 1694 244; x_wconf 75' lang='lat' dir='ltr'><strong>[Lm.</strong></span> <span class='ocrx_word' id='word_1_6' title='bbox 1719 202 1771 232; x_wconf 80' lang='grc' dir='ltr'><strong>ιι.</strong></span> <span class='ocrx_word' id='word_1_7' title='bbox 1818 217 1820 219; x_wconf 96' lang='grc'>-</span> 
     </span>
    </p>
   </div>
   <div class='ocr_carea' id='block_1_5' title="bbox 825 366 1167 430">
    <p class='ocr_par' dir='ltr' id='par_1_5' title="bbox 825 366 1167 430">
     <span class='ocr_line' id='line_1_5' title="bbox 825 366 1167 430; baseline -0.003 0"><span class='ocrx_word' id='word_1_8' title='bbox 825 386 1057 430; x_wconf 85' lang='lat' dir='ltr'><strong>SATIRA</strong></span> <span class='ocrx_word' id='word_1_9' title='bbox 1088 366 1167 430; x_wconf 84' lang='lat'><em>11.&#39;</em></span> 
     </span>
    </p>
   </div>
   <div class='ocr_carea' id='block_1_6' title="bbox 256 532 1539 878">
    <p class='ocr_par' dir='ltr' id='par_1_6' title="bbox 313 532 1539 804">
     <span class='ocr_line' id='line_1_6' title="bbox 316 532 1391 589; baseline 0 -13"><span class='ocrx_word' id='word_1_10' title='bbox 316 535 433 584; x_wconf 72' lang='lat' dir='ltr'><strong>QUAE</strong></span> <span class='ocrx_word' id='word_1_11' title='bbox 454 533 605 585; x_wconf 83' lang='lat' dir='ltr'><strong>virtus,</strong></span> <span class='ocrx_word' id='word_1_12' title='bbox 622 538 666 573; x_wconf 89' lang='lat' dir='ltr'><strong>et</strong></span> <span class='ocrx_word' id='word_1_13' title='bbox 685 539 855 588; x_wconf 84' lang='lat' dir='ltr'><strong>quanta,</strong></span> <span class='ocrx_word' id='word_1_14' title='bbox 877 532 992 583; x_wconf 91' lang='lat' dir='ltr'><strong>boni,</strong></span> <span class='ocrx_word' id='word_1_15' title='bbox 1015 533 1069 574; x_wconf 89' lang='lat' dir='ltr'><strong>sit</strong></span> <span class='ocrx_word' id='word_1_16' title='bbox 1087 533 1227 575; x_wconf 89' lang='lat' dir='ltr'><strong>vivere</strong></span> <span class='ocrx_word' id='word_1_17' title='bbox 1246 548 1391 589; x_wconf 87' lang='lat' dir='ltr'><strong>parvo,</strong></span> 
     </span>
     <span class='ocr_line' id='line_1_7' title="bbox 318 603 1539 663; baseline 0.001 -15"><span class='ocrx_word' id='word_1_18' title='bbox 318 607 430 663; x_wconf 89' lang='lat' dir='ltr'><strong>(Nec</strong></span> <span class='ocrx_word' id='word_1_19' title='bbox 451 619 568 646; x_wconf 90' lang='lat' dir='ltr'><strong>meus</strong></span> <span class='ocrx_word' id='word_1_20' title='bbox 589 603 660 646; x_wconf 87' lang='lat' dir='ltr'><strong>hic</strong></span> <span class='ocrx_word' id='word_1_21' title='bbox 681 619 820 645; x_wconf 88' lang='lat' dir='ltr'><strong>sermo</strong></span> <span class='ocrx_word' id='word_1_22' title='bbox 840 612 917 656; x_wconf 88' lang='lat' dir='ltr'><strong>est,</strong></span> <span class='ocrx_word' id='word_1_23' title='bbox 941 604 1015 647; x_wconf 88' lang='lat' dir='ltr'><strong>sed</strong></span> <span class='ocrx_word' id='word_1_24' title='bbox 1036 621 1133 662; x_wconf 88' lang='lat' dir='ltr'><strong>quae</strong></span> <span class='ocrx_word' id='word_1_25' title='bbox 1152 606 1356 662; x_wconf 88' lang='lat' dir='ltr'><strong>praecepit</strong></span> <span class='ocrx_word' id='word_1_26' title='bbox 1377 605 1539 649; x_wconf 86' lang='lat' dir='ltr'><strong>Ofellus</strong></span> 
     </span>
     <span class='ocr_line' id='line_1_8' title="bbox 318 676 1459 736; baseline 0.002 -16"><span class='ocrx_word' id='word_1_27' title='bbox 318 678 531 728; x_wconf 86' lang='lat' dir='ltr'><strong>Rusticus,</strong></span> <span class='ocrx_word' id='word_1_28' title='bbox 554 676 771 719; x_wconf 86' lang='lat' dir='ltr'>abnormis</span> <span class='ocrx_word' id='word_1_29' title='bbox 793 678 974 734; x_wconf 87' lang='lat' dir='ltr'><strong>sapiens,</strong></span> <span class='ocrx_word' id='word_1_30' title='bbox 997 685 1221 736; x_wconf 87' lang='lat' dir='ltr'><strong>crassaque</strong></span> <span class='ocrx_word' id='word_1_31' title='bbox 1242 678 1459 732; x_wconf 82' lang='lat' dir='ltr'><strong>Minerva)</strong></span> 
     </span>
     <span class='ocr_line' id='line_1_9' title="bbox 313 746 1378 804; baseline 0.003 -17"><span class='ocrx_word' id='word_1_32' title='bbox 313 746 493 797; x_wconf 85' lang='lat' dir='ltr'><strong>Discite,</strong></span> <span class='ocrx_word' id='word_1_33' title='bbox 514 761 602 787; x_wconf 91' lang='lat' dir='ltr'><strong>non</strong></span> <span class='ocrx_word' id='word_1_34' title='bbox 622 746 732 788; x_wconf 87' lang='lat' dir='ltr'><strong>inter</strong></span> <span class='ocrx_word' id='word_1_35' title='bbox 751 746 894 789; x_wconf 87' lang='lat' dir='ltr'><strong>lances</strong></span> <span class='ocrx_word' id='word_1_36' title='bbox 914 762 1164 804; x_wconf 85' lang='lat' dir='ltr'><strong>mensasque</strong></span> <span class='ocrx_word' id='word_1_37' title='bbox 1184 748 1378 799; x_wconf 83' lang='lat' dir='ltr'><strong>nitentes,</strong></span> 
     </span>
    </p>

    <p class='ocr_par' dir='ltr' id='par_1_7' title="bbox 256 819 1355 878">
     <span class='ocr_line' id='line_1_10' title="bbox 256 819 1355 878; baseline 0.002 -18"><span class='ocrx_word' id='word_1_38' title='bbox 256 823 283 860; x_wconf 85' lang='lat'>5</span> <span class='ocrx_word' id='word_1_39' title='bbox 317 819 430 861; x_wconf 91' lang='lat' dir='ltr'><strong>Cum</strong></span> <span class='ocrx_word' id='word_1_40' title='bbox 451 826 593 874; x_wconf 88' lang='lat' dir='ltr'><strong>stupet</strong></span> <span class='ocrx_word' id='word_1_41' title='bbox 612 819 769 860; x_wconf 86' lang='lat' dir='ltr'><strong>insanis</strong></span> <span class='ocrx_word' id='word_1_42' title='bbox 790 820 899 861; x_wconf 91' lang='lat' dir='ltr'><strong>acies</strong></span> <span class='ocrx_word' id='word_1_43' title='bbox 919 819 1170 878; x_wconf 85' lang='lat' dir='ltr'><strong>fulgoribuS,</strong></span> <span class='ocrx_word' id='word_1_44' title='bbox 1193 828 1236 862; x_wconf 90' lang='lat' dir='ltr'><strong>et</strong></span> <span class='ocrx_word' id='word_1_45' title='bbox 1257 835 1355 862; x_wconf 92' lang='lat' dir='ltr'><strong>cum</strong></span> 
     </span>
    </p>
   </div>
   <div class='ocr_carea' id='block_1_7' title="bbox 314 890 1235 1018">
    <p class='ocr_par' dir='ltr' id='par_1_8' title="bbox 314 890 1235 1018">
     <span class='ocr_line' id='line_1_11' title="bbox 314 890 1232 943; baseline 0.002 -11"><span class='ocrx_word' id='word_1_46' title='bbox 314 890 508 933; x_wconf 90' lang='lat' dir='ltr'><strong>Adclinis</strong></span> <span class='ocrx_word' id='word_1_47' title='bbox 528 890 643 932; x_wconf 87' lang='lat' dir='ltr'><strong>falsis</strong></span> <span class='ocrx_word' id='word_1_48' title='bbox 664 892 828 933; x_wconf 88' lang='lat' dir='ltr'><strong>animus</strong></span> <span class='ocrx_word' id='word_1_49' title='bbox 848 892 1025 934; x_wconf 88' lang='lat' dir='ltr'><strong>meliora</strong></span> <span class='ocrx_word' id='word_1_50' title='bbox 1043 900 1232 943; x_wconf 86' lang='lat' dir='ltr'><strong>recusat3</strong></span> 
     </span>
     <span class='ocr_line' id='line_1_12' title="bbox 316 960 1235 1018; baseline 0.003 -18"><span class='ocrx_word' id='word_1_51' title='bbox 316 960 479 1003; x_wconf 89' lang='lat' dir='ltr'><strong>Verum</strong></span> <span class='ocrx_word' id='word_1_52' title='bbox 499 960 569 1002; x_wconf 86' lang='lat' dir='ltr'><strong>hic</strong></span> <span class='ocrx_word' id='word_1_53' title='bbox 589 961 793 1017; x_wconf 86' lang='lat' dir='ltr'><strong>impransi</strong></span> <span class='ocrx_word' id='word_1_54' title='bbox 813 976 982 1003; x_wconf 89' lang='lat' dir='ltr'><strong>mecum</strong></span> <span class='ocrx_word' id='word_1_55' title='bbox 1001 961 1235 1018; x_wconf 87' lang='lat' dir='ltr'><strong>disquirite.</strong></span> 
     </span>
    </p>
   </div>
   <div class='ocr_carea' id='block_1_8' title="bbox 313 1032 728 1089">
    <p class='ocr_par' dir='ltr' id='par_1_9' title="bbox 313 1032 728 1089">
     <span class='ocr_line' id='line_1_13' title="bbox 313 1032 728 1089; baseline 0.002 -15"><span class='ocrx_word' id='word_1_56' title='bbox 313 1032 484 1084; x_wconf 85' lang='lat' dir='ltr'><strong>Dicam,</strong></span> <span class='ocrx_word' id='word_1_57' title='bbox 508 1033 542 1074; x_wconf 89' lang='lat' dir='ltr'><strong>si</strong></span> <span class='ocrx_word' id='word_1_58' title='bbox 562 1041 728 1089; x_wconf 88' lang='lat' dir='ltr'><strong>potero.</strong></span> 
     </span>
    </p>
   </div>
   <div class='ocr_carea' id='block_1_9' title="bbox 317 1102 719 1160">
    <p class='ocr_par' dir='ltr' id='par_1_10' title="bbox 317 1102 719 1160">
     <span class='ocr_line' id='line_1_14' title="bbox 317 1102 719 1160; baseline 0.002 -17"><span class='ocrx_word' id='word_1_59' title='bbox 317 1102 556 1159; x_wconf 89' lang='lat' dir='ltr'><strong>Corruptus</strong></span> <span class='ocrx_word' id='word_1_60' title='bbox 572 1102 719 1160; x_wconf 82' lang='lat' dir='ltr'><strong>judex.</strong></span> 
     </span>
    </p>
   </div>
   <div class='ocr_carea' id='block_1_10' title="bbox 454 1242 715 1275">
    <p class='ocr_par' dir='ltr' id='par_1_11' title="bbox 454 1242 715 1275">
     <span class='ocr_line' id='line_1_15' title="bbox 454 1242 715 1275; baseline 0 -1"><span class='ocrx_word' id='word_1_61' title='bbox 454 1242 637 1275; x_wconf 87' lang='lat' dir='ltr'><strong>SATIRA</strong></span> <span class='ocrx_word' id='word_1_62' title='bbox 663 1243 715 1275; x_wconf 85' lang='lat'><strong>11.</strong></span> 
     </span>
    </p>
   </div>
   <div class='ocr_carea' id='block_1_11' title="bbox 197 1328 974 3025">
    <p class='ocr_par' dir='ltr' id='par_1_12' title="bbox 198 1328 969 1545">
     <span class='ocr_line' id='line_1_16' title="bbox 243 1328 969 1370; baseline 0.003 -11"><span class='ocrx_word' id='word_1_63' title='bbox 243 1329 321 1365; x_wconf 78' lang='lat' dir='ltr'><strong>Eos,</strong></span> <span class='ocrx_word' id='word_1_64' title='bbox 353 1328 410 1370; x_wconf 88' lang='lat' dir='ltr'><strong>qui</strong></span> <span class='ocrx_word' id='word_1_65' title='bbox 450 1329 560 1370; x_wconf 85' lang='lat' dir='ltr'><strong>paucis</strong></span> <span class='ocrx_word' id='word_1_66' title='bbox 579 1330 720 1362; x_wconf 85' lang='lat' dir='ltr'><strong>contenti</strong></span> <span class='ocrx_word' id='word_1_67' title='bbox 751 1330 847 1362; x_wconf 83' lang='lat' dir='ltr'><strong>vitam</strong></span> <span class='ocrx_word' id='word_1_68' title='bbox 879 1331 969 1362; x_wconf 87' lang='lat' dir='ltr'><strong>insti-</strong></span> 
     </span>
     <span class='ocr_line' id='line_1_17' title="bbox 198 1371 970 1415; baseline 0.003 -12"><span class='ocrx_word' id='word_1_69' title='bbox 198 1378 288 1403; x_wconf 84' lang='lat' dir='ltr'><strong>tuere</strong></span> <span class='ocrx_word' id='word_1_70' title='bbox 317 1371 504 1411; x_wconf 83' lang='lat' dir='ltr'><strong>didicerunt,</strong></span> <span class='ocrx_word' id='word_1_71' title='bbox 526 1373 622 1415; x_wconf 82' lang='lat' dir='ltr'><strong>longe</strong></span> <span class='ocrx_word' id='word_1_72' title='bbox 650 1373 804 1405; x_wconf 66' lang='lat' dir='ltr'><strong>feliciores</strong></span> <span class='ocrx_word' id='word_1_73' title='bbox 826 1385 892 1406; x_wconf 84' lang='lat' dir='ltr'><strong>esse</strong></span> <span class='ocrx_word' id='word_1_74' title='bbox 913 1376 970 1405; x_wconf 86' lang='lat' dir='ltr'><strong>ho-</strong></span> 
     </span>
     <span class='ocr_line' id='line_1_18' title="bbox 198 1416 968 1455; baseline 0.001 -9"><span class='ocrx_word' id='word_1_75' title='bbox 198 1416 338 1447; x_wconf 87' lang='lat' dir='ltr'><strong>minibus</strong></span> <span class='ocrx_word' id='word_1_76' title='bbox 351 1423 407 1448; x_wconf 86' lang='lat' dir='ltr'><strong>aut</strong></span> <span class='ocrx_word' id='word_1_77' title='bbox 421 1416 581 1448; x_wconf 85' lang='lat' dir='ltr'><strong>luxuriose</strong></span> <span class='ocrx_word' id='word_1_78' title='bbox 595 1418 782 1455; x_wconf 86' lang='lat' dir='ltr'><strong>viventibus,</strong></span> <span class='ocrx_word' id='word_1_79' title='bbox 795 1425 852 1448; x_wconf 87' lang='lat' dir='ltr'><strong>aut</strong></span> <span class='ocrx_word' id='word_1_80' title='bbox 859 1418 968 1455; x_wconf 82' lang='lat' dir='ltr'><strong>avaris,</strong></span> 
     </span>
     <span class='ocr_line' id='line_1_19' title="bbox 198 1459 968 1503; baseline 0.004 -13"><span class='ocrx_word' id='word_1_81' title='bbox 198 1459 328 1491; x_wconf 87' lang='lat' dir='ltr'><strong>uberius</strong></span> <span class='ocrx_word' id='word_1_82' title='bbox 342 1466 435 1500; x_wconf 79' lang='lat' dir='ltr'><strong>poeta</strong></span> <span class='ocrx_word' id='word_1_83' title='bbox 449 1460 488 1491; x_wconf 79' lang='lat' dir='ltr'><strong>ad</strong></span> <span class='ocrx_word' id='word_1_84' title='bbox 503 1467 659 1500; x_wconf 85' lang='lat' dir='ltr'><strong>praecepta</strong></span> <span class='ocrx_word' id='word_1_85' title='bbox 672 1461 780 1492; x_wconf 79' lang='lat' dir='ltr'><strong>rustici</strong></span> <span class='ocrx_word' id='word_1_86' title='bbox 802 1462 968 1503; x_wconf 81' lang='lat' dir='ltr'><strong>cujusdam</strong></span> 
     </span>
     <span class='ocr_line' id='line_1_20' title="bbox 198 1502 896 1545; baseline 0.003 -11"><span class='ocrx_word' id='word_1_87' title='bbox 198 1502 420 1545; x_wconf 83' lang='lat' dir='ltr'><strong>prudentioris,</strong></span> <span class='ocrx_word' id='word_1_88' title='bbox 439 1504 549 1540; x_wconf 83' lang='lat' dir='ltr'><strong>Ofelli,</strong></span> <span class='ocrx_word' id='word_1_89' title='bbox 565 1504 599 1534; x_wconf 89' lang='lat' dir='ltr'><strong>in</strong></span> <span class='ocrx_word' id='word_1_90' title='bbox 613 1506 673 1536; x_wconf 83' lang='lat' dir='ltr'><strong>hac</strong></span> <span class='ocrx_word' id='word_1_91' title='bbox 687 1504 781 1536; x_wconf 83' lang='lat' dir='ltr'><strong>satira</strong></span> <span class='ocrx_word' id='word_1_92' title='bbox 795 1504 896 1536; x_wconf 86' lang='lat' dir='ltr'><strong>docet.</strong></span> 
     </span>
    </p>

    <p class='ocr_par' dir='ltr' id='par_1_13' title="bbox 197 1545 972 2023">
     <span class='ocr_line' id='line_1_21' title="bbox 242 1545 970 1585; baseline 0.004 -8"><span class='ocrx_word' id='word_1_93' title='bbox 242 1556 272 1577; x_wconf 85' lang='lat' dir='ltr'><strong>v.</strong></span> <span class='ocrx_word' id='word_1_94' title='bbox 293 1545 323 1578; x_wconf 93' lang='lat'><strong>1.</strong></span> <span class='ocrx_word' id='word_1_95' title='bbox 352 1549 430 1583; x_wconf 79' lang='lat' dir='ltr'><strong>Quae</strong></span> <span class='ocrx_word' id='word_1_96' title='bbox 443 1549 543 1580; x_wconf 68' lang='lat' dir='ltr'><strong>tn&#39;rtus</strong></span> <span class='ocrx_word' id='word_1_97' title='bbox 557 1554 630 1579; x_wconf 75' lang='lat' dir='ltr'><strong>cett.</strong></span> <span class='ocrx_word' id='word_1_98' title='bbox 673 1548 810 1579; x_wconf 87' lang='lat' dir='ltr'><strong>Sensus·</strong></span> <span class='ocrx_word' id='word_1_99' title='bbox 840 1549 970 1585; x_wconf 79' lang='lat' dir='ltr'><strong>Quanta</strong></span> 
     </span>
     <span class='ocr_line' id='line_1_22' title="bbox 198 1589 969 1632; baseline 0.001 -11"><span class='ocrx_word' id='word_1_100' title='bbox 198 1589 240 1621; x_wconf 83' lang='lat' dir='ltr'><strong>sit</strong></span> <span class='ocrx_word' id='word_1_101' title='bbox 267 1600 388 1627; x_wconf 89' lang='lat' dir='ltr'><strong>eorum,</strong></span> <span class='ocrx_word' id='word_1_102' title='bbox 425 1591 481 1632; x_wconf 91' lang='lat' dir='ltr'><strong>qui</strong></span> <span class='ocrx_word' id='word_1_103' title='bbox 521 1591 631 1631; x_wconf 77' lang='lat' dir='ltr'><strong>paucis</strong></span> <span class='ocrx_word' id='word_1_104' title='bbox 669 1591 810 1622; x_wconf 84' lang='lat' dir='ltr'><strong>contenti</strong></span> <span class='ocrx_word' id='word_1_105' title='bbox 849 1593 969 1628; x_wconf 83' lang='lat' dir='ltr'><strong>vivunt,</strong></span> 
     </span>
     <span class='ocr_line' id='line_1_23' title="bbox 198 1634 967 1675; baseline 0.003 -11"><span class='ocrx_word' id='word_1_106' title='bbox 198 1634 298 1664; x_wconf 86' lang='lat' dir='ltr'><strong>virtus</strong></span> <span class='ocrx_word' id='word_1_107' title='bbox 311 1639 407 1675; x_wconf 77' lang='lat' dir='ltr'><strong>atque</strong></span> <span class='ocrx_word' id='word_1_108' title='bbox 419 1634 563 1672; x_wconf 80' lang='lat' dir='ltr'><strong>felicitas,</strong></span> <span class='ocrx_word' id='word_1_109' title='bbox 590 1635 625 1666; x_wconf 93' lang='lat' dir='ltr'><strong>id</strong></span> <span class='ocrx_word' id='word_1_110' title='bbox 646 1646 666 1666; x_wconf 81' lang='lat' dir='ltr'><strong>a</strong></span> <span class='ocrx_word' id='word_1_111' title='bbox 686 1635 827 1675; x_wconf 82' lang='lat' dir='ltr'><strong>sapiente</strong></span> <span class='ocrx_word' id='word_1_112' title='bbox 840 1635 967 1671; x_wconf 88' lang='lat' dir='ltr'><strong>rustico,</strong></span> 
     </span>
     <span class='ocr_line' id='line_1_24' title="bbox 199 1676 969 1719; baseline 0.001 -11"><span class='ocrx_word' id='word_1_113' title='bbox 199 1676 319 1714; x_wconf 85' lang='lat' dir='ltr'><strong>Ofello,</strong></span> <span class='ocrx_word' id='word_1_114' title='bbox 346 1677 465 1714; x_wconf 79' lang='lat' dir='ltr'><strong>discite.</strong></span> <span class='ocrx_word' id='word_1_115' title='bbox 489 1685 522 1709; x_wconf 86' lang='lat' dir='ltr'><strong>et</strong></span> <span class='ocrx_word' id='word_1_116' title='bbox 549 1679 584 1708; x_wconf 88' lang='lat' dir='ltr'><strong>in</strong></span> <span class='ocrx_word' id='word_1_117' title='bbox 612 1679 709 1719; x_wconf 87' lang='lat' dir='ltr'><strong>hujus</strong></span> <span class='ocrx_word' id='word_1_118' title='bbox 732 1679 778 1709; x_wconf 89' lang='lat' dir='ltr'><strong>rei</strong></span> <span class='ocrx_word' id='word_1_119' title='bbox 806 1679 969 1710; x_wconf 81' lang='lat' dir='ltr'><strong>veritatem</strong></span> 
     </span>
     <span class='ocr_line' id='line_1_25' title="bbox 197 1720 970 1763; baseline 0.001 -11"><span class='ocrx_word' id='word_1_120' title='bbox 197 1731 263 1752; x_wconf 87' lang='lat' dir='ltr'><strong>non</strong></span> <span class='ocrx_word' id='word_1_121' title='bbox 278 1720 360 1752; x_wconf 74' lang='lat' dir='ltr'><strong>iuter</strong></span> <span class='ocrx_word' id='word_1_122' title='bbox 373 1720 462 1752; x_wconf 84' lang='lat' dir='ltr'><strong>laetas</strong></span> <span class='ocrx_word' id='word_1_123' title='bbox 476 1722 593 1761; x_wconf 84' lang='lat' dir='ltr'><strong>epulas,</strong></span> <span class='ocrx_word' id='word_1_124' title='bbox 609 1723 725 1763; x_wconf 87' lang='lat' dir='ltr'><strong>quibus</strong></span> <span class='ocrx_word' id='word_1_125' title='bbox 738 1722 864 1753; x_wconf 82' lang='lat' dir='ltr'><strong>animus</strong></span> <span class='ocrx_word' id='word_1_126' title='bbox 877 1722 970 1753; x_wconf 79' lang='lat' dir='ltr'><strong>facile</strong></span> 
     </span>
     <span class='ocr_line' id='line_1_26' title="bbox 197 1763 970 1805; baseline 0.003 -11"><span class='ocrx_word' id='word_1_127' title='bbox 197 1763 233 1794; x_wconf 89' lang='lat' dir='ltr'><strong>in</strong></span> <span class='ocrx_word' id='word_1_128' title='bbox 246 1764 393 1795; x_wconf 79' lang='lat' dir='ltr'><strong>fraudem</strong></span> <span class='ocrx_word' id='word_1_129' title='bbox 406 1764 580 1803; x_wconf 83' lang='lat' dir='ltr'><strong>inducitur,</strong></span> <span class='ocrx_word' id='word_1_130' title='bbox 595 1765 651 1796; x_wconf 89' lang='lat' dir='ltr'><strong>sed</strong></span> <span class='ocrx_word' id='word_1_131' title='bbox 671 1765 821 1805; x_wconf 84' lang='lat' dir='ltr'><strong>impransi</strong></span> <span class='ocrx_word' id='word_1_132' title='bbox 842 1776 970 1796; x_wconf 89' lang='lat' dir='ltr'><strong>mecum</strong></span> 
     </span>
     <span class='ocr_line' id='line_1_27' title="bbox 447 1808 971 1850; baseline 0 -10"><span class='ocrx_word' id='word_1_133' title='bbox 447 1811 555 1846; x_wconf 72' lang='lat' dir='ltr'><strong>virtus,</strong></span> <span class='ocrx_word' id='word_1_134' title='bbox 577 1808 618 1839; x_wconf 91' lang='lat' dir='ltr'><strong>de</strong></span> <span class='ocrx_word' id='word_1_135' title='bbox 638 1808 800 1848; x_wconf 77' lang='lat' dir='ltr'><strong>sapientia,</strong></span> <span class='ocrx_word' id='word_1_136' title='bbox 815 1819 879 1849; x_wconf 78' lang='lat' dir='ltr'><strong>qua</strong></span> <span class='ocrx_word' id='word_1_137' title='bbox 899 1809 971 1850; x_wconf 82' lang='lat' dir='ltr'><strong>quis</strong></span> 
     </span>
     <span class='ocr_line' id='line_1_28' title="bbox 199 1850 970 1904; baseline 0.003 -23"><span class='ocrx_word' id='word_1_138' title='bbox 199 1862 248 1889; x_wconf 82' lang='lat' dir='ltr'><strong>ea,</strong></span> <span class='ocrx_word' id='word_1_139' title='bbox 266 1861 339 1892; x_wconf 84' lang='lat' dir='ltr'><strong>quae</strong></span> <span class='ocrx_word' id='word_1_140' title='bbox 360 1850 402 1882; x_wconf 81' lang='lat' dir='ltr'><strong>ad</strong></span> <span class='ocrx_word' id='word_1_141' title='bbox 423 1851 495 1882; x_wconf 86' lang='lat' dir='ltr'><strong>vitae</strong></span> <span class='ocrx_word' id='word_1_142' title='bbox 520 1851 704 1883; x_wconf 83' lang='lat' dir='ltr'><strong>felicitatem</strong></span> <span class='ocrx_word' id='word_1_143' title='bbox 729 1853 897 1904; x_wconf 71' lang='lat' dir='ltr'><strong>pertinent,</strong></span> <span class='ocrx_word' id='word_1_144' title='bbox 922 1863 970 1883; x_wconf 89' lang='lat' dir='ltr'><strong>se-</strong></span> 
     </span>
     <span class='ocr_line' id='line_1_29' title="bbox 197 1894 970 1937; baseline 0 -11"><span class='ocrx_word' id='word_1_145' title='bbox 197 1894 329 1936; x_wconf 83' lang='lat' dir='ltr'><strong>quitur;</strong></span> <span class='ocrx_word' id='word_1_146' title='bbox 350 1896 424 1927; x_wconf 80' lang='lat' dir='ltr'><strong>boui</strong></span> <span class='ocrx_word' id='word_1_147' title='bbox 447 1905 505 1935; x_wconf 87' lang='lat' dir='ltr'><strong>pro</strong></span> <span class='ocrx_word' id='word_1_148' title='bbox 530 1895 674 1937; x_wconf 77' lang='lat' dir='ltr'><strong>vulgari:</strong></span> <span class='ocrx_word' id='word_1_149' title='bbox 708 1898 881 1934; x_wconf 46' lang='lat' dir='ltr'><strong>carissimu·</strong></span> <span class='ocrx_word' id='word_1_150' title='bbox 914 1906 970 1936; x_wconf 78' lang='lat' dir='ltr'><strong>ap-</strong></span> 
     </span>
     <span class='ocr_line' id='line_1_30' title="bbox 197 1937 972 1980; baseline 0.004 -13"><span class='ocrx_word' id='word_1_151' title='bbox 197 1937 295 1979; x_wconf 80' lang='lat' dir='ltr'><strong>pellat</strong></span> <span class='ocrx_word' id='word_1_152' title='bbox 324 1945 416 1978; x_wconf 88' lang='lat' dir='ltr'><strong>poeta</strong></span> <span class='ocrx_word' id='word_1_153' title='bbox 444 1938 577 1970; x_wconf 82' lang='lat' dir='ltr'><strong>lectores</strong></span> <span class='ocrx_word' id='word_1_154' title='bbox 605 1939 655 1970; x_wconf 85' lang='lat' dir='ltr'><strong>vel</strong></span> <span class='ocrx_word' id='word_1_155' title='bbox 680 1939 808 1977; x_wconf 81' lang='lat' dir='ltr'><strong>amicos,</strong></span> <span class='ocrx_word' id='word_1_156' title='bbox 834 1949 972 1980; x_wconf 88' lang='lat' dir='ltr'><strong>quorum</strong></span> 
     </span>
     <span class='ocr_line' id='line_1_31' title="bbox 199 1981 778 2023; baseline 0.002 -10"><span class='ocrx_word' id='word_1_157' title='bbox 199 1981 299 2013; x_wconf 88' lang='lat' dir='ltr'><strong>animi</strong></span> <span class='ocrx_word' id='word_1_158' title='bbox 314 1981 470 2023; x_wconf 90' lang='lat' dir='ltr'><strong>ejusmodi</strong></span> <span class='ocrx_word' id='word_1_159' title='bbox 483 1983 646 2023; x_wconf 81' lang='lat' dir='ltr'><strong>praeceptis</strong></span> <span class='ocrx_word' id='word_1_160' title='bbox 660 1989 778 2022; x_wconf 78' lang='lat' dir='ltr'><strong>patent.</strong></span> 
     </span>
    </p>

    <p class='ocr_par' dir='ltr' id='par_1_14' title="bbox 197 2024 974 2145">
     <span class='ocr_line' id='line_1_32' title="bbox 243 2024 972 2067; baseline 0 -11"><span class='ocrx_word' id='word_1_161' title='bbox 243 2035 272 2055; x_wconf 85' lang='lat' dir='ltr'><strong>v.</strong></span> <span class='ocrx_word' id='word_1_162' title='bbox 291 2024 323 2056; x_wconf 75' lang='lat'><strong>2.</strong></span> <span class='ocrx_word' id='word_1_163' title='bbox 347 2028 400 2057; x_wconf 81' lang='lat' dir='ltr'><strong>sed</strong></span> <span class='ocrx_word' id='word_1_164' title='bbox 414 2037 497 2067; x_wconf 81' lang='lat' dir='ltr'><strong>quae,</strong></span> <span class='ocrx_word' id='word_1_165' title='bbox 514 2026 570 2057; x_wconf 84' lang='lat' dir='ltr'><strong>sed</strong></span> <span class='ocrx_word' id='word_1_166' title='bbox 585 2028 678 2057; x_wconf 87' lang='lat' dir='ltr'><strong>verba</strong></span> <span class='ocrx_word' id='word_1_167' title='bbox 693 2033 777 2061; x_wconf 85' lang='lat' dir='ltr'><strong>sunt,</strong></span> <span class='ocrx_word' id='word_1_168' title='bbox 795 2036 877 2067; x_wconf 82' lang='lat' dir='ltr'><strong>quae.</strong></span> <span class='ocrx_word' id='word_1_169' title='bbox 906 2025 972 2058; x_wconf 86' lang='lat' dir='ltr'><strong>Pro</strong></span> 
     </span>
     <span class='ocr_line' id='line_1_33' title="bbox 197 2068 974 2111; baseline 0.003 -12"><span class='ocrx_word' id='word_1_170' title='bbox 197 2080 270 2110; x_wconf 84' lang='lat' dir='ltr'><strong>quae</strong></span> <span class='ocrx_word' id='word_1_171' title='bbox 299 2068 374 2099; x_wconf 88' lang='lat' dir='ltr'><strong>alii·</strong></span> <span class='ocrx_word' id='word_1_172' title='bbox 365 2081 374 2099; x_wconf 87' lang='lat'>:</span> <span class='ocrx_word' id='word_1_173' title='bbox 412 2081 517 2110; x_wconf 83' lang='lat' dir='ltr'><strong>quem,</strong></span> <span class='ocrx_word' id='word_1_174' title='bbox 543 2080 640 2111; x_wconf 80' lang='lat' dir='ltr'><strong>quam</strong></span> <span class='ocrx_word' id='word_1_175' title='bbox 668 2069 835 2101; x_wconf 88' lang='lat' dir='ltr'><strong>lectionem</strong></span> <span class='ocrx_word' id='word_1_176' title='bbox 866 2076 974 2101; x_wconf 84' lang='lat' dir='ltr'><strong>tuetur</strong></span> 
     </span>
     <span class='ocr_line' id='line_1_34' title="bbox 200 2114 323 2145; baseline -0.018 0"><span class='ocrx_word' id='word_1_177' title='bbox 200 2114 323 2145; x_wconf 80' lang='lat' dir='ltr'><strong>Heind-</strong></span> 
     </span>
    </p>

    <p class='ocr_par' dir='ltr' id='par_1_15' title="bbox 199 2155 974 2449">
     <span class='ocr_line' id='line_1_35' title="bbox 243 2155 972 2197; baseline 0.001 -12"><span class='ocrx_word' id='word_1_178' title='bbox 243 2167 272 2186; x_wconf 86' lang='lat' dir='ltr'><strong>v.</strong></span> <span class='ocrx_word' id='word_1_179' title='bbox 290 2155 322 2186; x_wconf 89' lang='lat'><strong>3.</strong></span> <span class='ocrx_word' id='word_1_180' title='bbox 341 2157 543 2187; x_wconf 80' lang='lat' dir='ltr'><strong>abnormissn</strong></span> <span class='ocrx_word' id='word_1_181' title='bbox 528 2159 643 2197; x_wconf 79' lang='lat' dir='ltr'><strong>npiens,</strong></span> <span class='ocrx_word' id='word_1_182' title='bbox 659 2157 691 2187; x_wconf 91' lang='lat' dir='ltr'><strong>h.</strong></span> <span class='ocrx_word' id='word_1_183' title='bbox 710 2167 738 2188; x_wconf 90' lang='lat' dir='ltr'><strong>e.</strong></span> <span class='ocrx_word' id='word_1_184' title='bbox 755 2156 972 2197; x_wconf 87' lang='lat' dir='ltr'><strong>philosophus,</strong></span> 
     </span>
     <span class='ocr_line' id='line_1_36' title="bbox 199 2199 972 2242; baseline 0 -12"><span class='ocrx_word' id='word_1_185' title='bbox 199 2199 257 2242; x_wconf 88' lang='lat' dir='ltr'><strong>qui</strong></span> <span class='ocrx_word' id='word_1_186' title='bbox 271 2199 353 2230; x_wconf 89' lang='lat' dir='ltr'><strong>nulli</strong></span> <span class='ocrx_word' id='word_1_187' title='bbox 367 2209 494 2234; x_wconf 88' lang='lat' dir='ltr'><strong>normae,</strong></span> <span class='ocrx_word' id='word_1_188' title='bbox 511 2201 542 2230; x_wconf 93' lang='lat' dir='ltr'><strong>h.</strong></span> <span class='ocrx_word' id='word_1_189' title='bbox 563 2211 590 2230; x_wconf 89' lang='lat' dir='ltr'><strong>e.</strong></span> <span class='ocrx_word' id='word_1_190' title='bbox 609 2201 691 2232; x_wconf 91' lang='lat' dir='ltr'><strong>nulli</strong></span> <span class='ocrx_word' id='word_1_191' title='bbox 712 2201 972 2241; x_wconf 83' lang='lat' dir='ltr'><strong>philosophorum</strong></span> 
     </span>
     <span class='ocr_line' id='line_1_37' title="bbox 201 2242 973 2285; baseline 0 -11"><span class='ocrx_word' id='word_1_192' title='bbox 201 2242 375 2283; x_wconf 84' lang='lat' dir='ltr'><strong>disciplinae</strong></span> <span class='ocrx_word' id='word_1_193' title='bbox 396 2243 491 2273; x_wconf 88' lang='lat' dir='ltr'><strong>unice</strong></span> <span class='ocrx_word' id='word_1_194' title='bbox 516 2243 670 2282; x_wconf 87' lang='lat' dir='ltr'><strong>addictus,</strong></span> <span class='ocrx_word' id='word_1_195' title='bbox 695 2244 772 2285; x_wconf 88' lang='lat' dir='ltr'><strong>ipse,</strong></span> <span class='ocrx_word' id='word_1_196' title='bbox 798 2255 870 2285; x_wconf 87' lang='lat' dir='ltr'><strong>quae</strong></span> <span class='ocrx_word' id='word_1_197' title='bbox 900 2254 973 2274; x_wconf 83' lang='lat' dir='ltr'><strong>vera</strong></span> 
     </span>
     <span class='ocr_line' id='line_1_38' title="bbox 200 2286 974 2329; baseline 0.003 -12"><span class='ocrx_word' id='word_1_198' title='bbox 200 2294 285 2323; x_wconf 86' lang='lat' dir='ltr'><strong>sunt,</strong></span> <span class='ocrx_word' id='word_1_199' title='bbox 300 2286 477 2327; x_wconf 85' lang='lat' dir='ltr'><strong>investigat,</strong></span> <span class='ocrx_word' id='word_1_200' title='bbox 500 2286 719 2322; x_wconf 67' lang='grc' dir='ltr'><strong>αὐτοδίδακτος.</strong></span> <span class='ocrx_word' id='word_1_201' title='bbox 810 2298 974 2329; x_wconf 78' lang='lat' dir='ltr'><strong>crassaque</strong></span> 
     </span>
     <span class='ocr_line' id='line_1_39' title="bbox 201 2330 972 2370; baseline 0 -9"><span class='ocrx_word' id='word_1_202' title='bbox 201 2332 358 2367; x_wconf 75' lang='lat' dir='ltr'><strong>Minerva,</strong></span> <span class='ocrx_word' id='word_1_203' title='bbox 389 2339 454 2360; x_wconf 89' lang='lat' dir='ltr'><strong>non</strong></span> <span class='ocrx_word' id='word_1_204' title='bbox 475 2330 690 2370; x_wconf 86' lang='lat' dir='ltr'><strong>philosophica</strong></span> <span class='ocrx_word' id='word_1_205' title='bbox 711 2331 893 2368; x_wconf 84' lang='lat' dir='ltr'><strong>subtilitate,</strong></span> <span class='ocrx_word' id='word_1_206' title='bbox 916 2330 972 2361; x_wconf 86' lang='lat' dir='ltr'><strong>sed</strong></span> 
     </span>
     <span class='ocr_line' id='line_1_40' title="bbox 200 2373 972 2415; baseline 0.003 -11"><span class='ocrx_word' id='word_1_207' title='bbox 200 2373 317 2405; x_wconf 80' lang='lat' dir='ltr'><strong>rustica</strong></span> <span class='ocrx_word' id='word_1_208' title='bbox 338 2373 546 2413; x_wconf 81' lang='lat' dir='ltr'><strong>simplicitate,</strong></span> <span class='ocrx_word' id='word_1_209' title='bbox 563 2384 629 2405; x_wconf 86' lang='lat' dir='ltr'><strong>non</strong></span> <span class='ocrx_word' id='word_1_210' title='bbox 647 2385 687 2405; x_wconf 83' lang='lat' dir='ltr'><strong>ex</strong></span> <span class='ocrx_word' id='word_1_211' title='bbox 708 2375 784 2406; x_wconf 82' lang='lat' dir='ltr'><strong>artis</strong></span> <span class='ocrx_word' id='word_1_212' title='bbox 798 2374 972 2415; x_wconf 66' lang='lat' dir='ltr'><strong>praeceptis».</strong></span> 
     </span>
     <span class='ocr_line' id='line_1_41' title="bbox 202 2417 430 2449; baseline -0.009 0"><span class='ocrx_word' id='word_1_213' title='bbox 202 2417 256 2449; x_wconf 86' lang='lat' dir='ltr'><strong>sed</strong></span> <span class='ocrx_word' id='word_1_214' title='bbox 271 2417 340 2447; x_wconf 88' lang='lat' dir='ltr'><strong>sine</strong></span> <span class='ocrx_word' id='word_1_215' title='bbox 353 2425 430 2447; x_wconf 81' lang='lat' dir='ltr'><strong>arte.</strong></span> 
     </span>
    </p>

    <p class='ocr_par' dir='ltr' id='par_1_16' title="bbox 201 2459 974 2536">
     <span class='ocr_line' id='line_1_42' title="bbox 245 2459 974 2503; baseline 0 -12"><span class='ocrx_word' id='word_1_216' title='bbox 245 2471 276 2492; x_wconf 86' lang='lat' dir='ltr'><strong>v.</strong></span> <span class='ocrx_word' id='word_1_217' title='bbox 306 2459 339 2492; x_wconf 75' lang='lat'><strong>4⁴.</strong></span> <span class='ocrx_word' id='word_1_218' title='bbox 378 2462 518 2496; x_wconf 70' lang='lat' dir='ltr'><strong>nitentes,</strong></span> <span class='ocrx_word' id='word_1_219' title='bbox 547 2461 679 2500; x_wconf 86' lang='lat' dir='ltr'><strong>poculis,</strong></span> <span class='ocrx_word' id='word_1_220' title='bbox 708 2461 789 2492; x_wconf 80' lang='lat' dir='ltr'><strong>vasis</strong></span> <span class='ocrx_word' id='word_1_221' title='bbox 817 2460 974 2503; x_wconf 81' lang='lat' dir='ltr'><strong>argenteis</strong></span> 
     </span>
     <span class='ocr_line' id='line_1_43' title="bbox 201 2510 274 2536; baseline -0.014 0"><span class='ocrx_word' id='word_1_222' title='bbox 201 2510 274 2536; x_wconf 84' lang='lat' dir='ltr'><strong>cett.</strong></span> 
     </span>
    </p>

    <p class='ocr_par' dir='ltr' id='par_1_17' title="bbox 201 2547 973 2676">
     <span class='ocr_line' id='line_1_44' title="bbox 245 2547 972 2580; baseline -0.001 -2"><span class='ocrx_word' id='word_1_223' title='bbox 245 2559 275 2578; x_wconf 87' lang='lat' dir='ltr'><strong>v.</strong></span> <span class='ocrx_word' id='word_1_224' title='bbox 294 2547 327 2579; x_wconf 89' lang='lat'><strong>5.</strong></span> <span class='ocrx_word' id='word_1_225' title='bbox 351 2548 472 2580; x_wconf 75' lang='lat' dir='ltr'><strong>insanis</strong></span> <span class='ocrx_word' id='word_1_226' title='bbox 491 2547 653 2578; x_wconf 83' lang='lat' dir='ltr'><strong>retulerim</strong></span> <span class='ocrx_word' id='word_1_227' title='bbox 675 2548 715 2579; x_wconf 86' lang='lat' dir='ltr'><strong>ad</strong></span> <span class='ocrx_word' id='word_1_228' title='bbox 738 2547 892 2579; x_wconf 77' lang='lat' dir='ltr'><strong>insaniam</strong></span> <span class='ocrx_word' id='word_1_229' title='bbox 914 2548 972 2578; x_wconf 91' lang='lat' dir='ltr'><strong>ho-</strong></span> 
     </span>
     <span class='ocr_line' id='line_1_45' title="bbox 201 2590 973 2633; baseline -0.001 -11"><span class='ocrx_word' id='word_1_230' title='bbox 201 2591 339 2630; x_wconf 85' lang='lat' dir='ltr'><strong>minum,</strong></span> <span class='ocrx_word' id='word_1_231' title='bbox 355 2591 411 2633; x_wconf 89' lang='lat' dir='ltr'><strong>qui</strong></span> <span class='ocrx_word' id='word_1_232' title='bbox 431 2590 586 2632; x_wconf 83' lang='lat' dir='ltr'><strong>ejusmodi</strong></span> <span class='ocrx_word' id='word_1_233' title='bbox 611 2591 800 2633; x_wconf 82' lang='lat' dir='ltr'><strong>fulgoribus,</strong></span> <span class='ocrx_word' id='word_1_234' title='bbox 825 2601 973 2622; x_wconf 84' lang='lat' dir='ltr'><strong>vasorum</strong></span> 
     </span>
     <span class='ocr_line' id='line_1_46' title="bbox 202 2633 973 2676; baseline -0.003 -10"><span class='ocrx_word' id='word_1_235' title='bbox 202 2635 321 2666; x_wconf 88' lang='lat' dir='ltr'><strong>scilicet</strong></span> <span class='ocrx_word' id='word_1_236' title='bbox 358 2633 602 2676; x_wconf 74' lang='lat' dir='ltr'><strong>magnificentia,</strong></span> <span class='ocrx_word' id='word_1_237' title='bbox 632 2634 888 2674; x_wconf 81' lang='lat' dir='ltr'><strong>exsplendescere</strong></span> <span class='ocrx_word' id='word_1_238' title='bbox 915 2644 973 2665; x_wconf 82' lang='lat' dir='ltr'><strong>cu-</strong></span> 
     </span>
    </p>

    <p class='ocr_par' dir='ltr' id='par_1_18' title="bbox 225 2679 306 2710">
     <span class='ocr_line' id='line_1_47' title="bbox 225 2679 306 2710; baseline 0.012 -1"><span class='ocrx_word' id='word_1_239' title='bbox 225 2679 306 2710; x_wconf 79' lang='lat' dir='ltr'><strong>iunt.</strong></span> 
     </span>
    </p>

    <p class='ocr_par' dir='ltr' id='par_1_19' title="bbox 202 2689 972 2849">
     <span class='ocr_line' id='line_1_48' title="bbox 202 2689 972 2764; baseline 0.001 -13"><span class='ocrx_word' id='word_1_240' title='bbox 202 2689 224 2720; x_wconf 77' lang='lat' dir='ltr'>P</span> <span class='ocrx_word' id='word_1_241' title='bbox 248 2733 278 2753; x_wconf 86' lang='lat' dir='ltr'><strong>v.</strong></span> <span class='ocrx_word' id='word_1_242' title='bbox 307 2720 340 2753; x_wconf 80' lang='grc'><strong>’7.</strong></span> <span class='ocrx_word' id='word_1_243' title='bbox 377 2714 539 2764; x_wconf 54' lang='lat' dir='ltr'><strong>injpransi,</strong></span> <span class='ocrx_word' id='word_1_244' title='bbox 575 2731 641 2752; x_wconf 89' lang='lat' dir='ltr'><strong>non</strong></span> <span class='ocrx_word' id='word_1_245' title='bbox 677 2721 759 2751; x_wconf 84' lang='lat' dir='ltr'><strong>inter</strong></span> <span class='ocrx_word' id='word_1_246' title='bbox 787 2720 972 2762; x_wconf 81' lang='lat' dir='ltr'><strong>magnificas</strong></span> 
     </span>
     <span class='ocr_line' id='line_1_49' title="bbox 204 2765 972 2806; baseline -0.004 -9"><span class='ocrx_word' id='word_1_247' title='bbox 204 2766 324 2806; x_wconf 87' lang='lat' dir='ltr'><strong>epulas.</strong></span> <span class='ocrx_word' id='word_1_248' title='bbox 416 2768 483 2798; x_wconf 73' lang='lat' dir='ltr'><strong>(Juv-</strong></span> <span class='ocrx_word' id='word_1_249' title='bbox 504 2765 587 2798; x_wconf 75' lang='lat' dir='ltr'><strong>hoc?</strong></span> <span class='ocrx_word' id='word_1_250' title='bbox 610 2774 668 2796; x_wconf 90' lang='lat' dir='ltr'><strong>cur</strong></span> <span class='ocrx_word' id='word_1_251' title='bbox 692 2774 757 2795; x_wconf 91' lang='lat' dir='ltr'><strong>non</strong></span> <span class='ocrx_word' id='word_1_252' title='bbox 780 2765 861 2796; x_wconf 89' lang='lat' dir='ltr'><strong>inter</strong></span> <span class='ocrx_word' id='word_1_253' title='bbox 883 2774 972 2805; x_wconf 84' lang='lat' dir='ltr'><strong>mag-</strong></span> 
     </span>
     <span class='ocr_line' id='line_1_50' title="bbox 204 2809 462 2849; baseline 0.004 -10"><span class='ocrx_word' id='word_1_254' title='bbox 204 2809 314 2840; x_wconf 80' lang='lat' dir='ltr'><strong>nificas</strong></span> <span class='ocrx_word' id='word_1_255' title='bbox 327 2809 438 2849; x_wconf 86' lang='lat' dir='ltr'><strong>epulas</strong></span> <span class='ocrx_word' id='word_1_256' title='bbox 446 2810 462 2840; x_wconf 70' lang='grc' dir='ltr'><strong>ἰ’</strong></span> 
     </span>
    </p>

    <p class='ocr_par' dir='ltr' id='par_1_20' title="bbox 205 2851 973 3025">
     <span class='ocr_line' id='line_1_51' title="bbox 247 2851 973 2892; baseline -0.003 -9"><span class='ocrx_word' id='word_1_257' title='bbox 247 2863 277 2884; x_wconf 85' lang='lat' dir='ltr'><strong>v.</strong></span> <span class='ocrx_word' id='word_1_258' title='bbox 305 2851 424 2884; x_wconf 84' lang='lat'>8—18.</span> <span class='ocrx_word' id='word_1_259' title='bbox 462 2851 542 2884; x_wconf 83' lang='lat' dir='ltr'><strong>Loci</strong></span> <span class='ocrx_word' id='word_1_260' title='bbox 569 2852 727 2892; x_wconf 80' lang='lat' dir='ltr'><strong>sequentis</strong></span> <span class='ocrx_word' id='word_1_261' title='bbox 755 2857 912 2882; x_wconf 82' lang='lat' dir='ltr'><strong>structura</strong></span> <span class='ocrx_word' id='word_1_262' title='bbox 939 2857 973 2881; x_wconf 89' lang='lat' dir='ltr'><strong>et</strong></span> 
     </span>
     <span class='ocr_line' id='line_1_52' title="bbox 205 2894 973 2938; baseline -0.001 -13"><span class='ocrx_word' id='word_1_263' title='bbox 205 2898 371 2928; x_wconf 82' lang='lat' dir='ltr'><strong>verborum</strong></span> <span class='ocrx_word' id='word_1_264' title='bbox 395 2897 547 2938; x_wconf 76' lang='lat' dir='ltr'><strong>junctura</strong></span> <span class='ocrx_word' id='word_1_265' title='bbox 584 2895 707 2926; x_wconf 83' lang='lat' dir='ltr'><strong>videtur</strong></span> <span class='ocrx_word' id='word_1_266' title='bbox 741 2895 843 2934; x_wconf 84' lang='lat' dir='ltr'><strong>prima</strong></span> <span class='ocrx_word' id='word_1_267' title='bbox 870 2894 973 2933; x_wconf 88' lang='lat' dir='ltr'><strong>specie</strong></span> 
     </span>
     <span class='ocr_line' id='line_1_53' title="bbox 205 2938 972 2978; baseline -0.001 -9"><span class='ocrx_word' id='word_1_268' title='bbox 205 2940 301 2978; x_wconf 89' lang='lat' dir='ltr'><strong>paulo</strong></span> <span class='ocrx_word' id='word_1_269' title='bbox 316 2940 486 2978; x_wconf 81' lang='lat' dir='ltr'><strong>molestior,</strong></span> <span class='ocrx_word' id='word_1_270' title='bbox 509 2939 564 2970; x_wconf 87' lang='lat' dir='ltr'><strong>sed</strong></span> <span class='ocrx_word' id='word_1_271' title='bbox 586 2939 612 2969; x_wconf 82' lang='lat' dir='ltr'><strong>si</strong></span> <span class='ocrx_word' id='word_1_272' title='bbox 634 2948 762 2970; x_wconf 83' lang='lat' dir='ltr'><strong>omnem</strong></span> <span class='ocrx_word' id='word_1_273' title='bbox 785 2938 972 2969; x_wconf 85' lang='lat' dir='ltr'><strong>sententiam</strong></span> 
     </span>
     <span class='ocr_line' id='line_1_54' title="bbox 206 2981 971 3025; baseline 0.001 -13"><span class='ocrx_word' id='word_1_274' title='bbox 206 2989 288 3013; x_wconf 83' lang='lat' dir='ltr'><strong>recte</strong></span> <span class='ocrx_word' id='word_1_275' title='bbox 312 2983 456 3025; x_wconf 87' lang='lat' dir='ltr'><strong>junxeris</strong></span> <span class='ocrx_word' id='word_1_276' title='bbox 486 2989 518 3014; x_wconf 88' lang='lat' dir='ltr'><strong>et</strong></span> <span class='ocrx_word' id='word_1_277' title='bbox 546 2982 748 3024; x_wconf 82' lang='lat' dir='ltr'><strong>copulaveris,</strong></span> <span class='ocrx_word' id='word_1_278' title='bbox 771 2982 850 3013; x_wconf 87' lang='lat' dir='ltr'><strong>bene</strong></span> <span class='ocrx_word' id='word_1_279' title='bbox 872 2981 900 3012; x_wconf 90' lang='lat' dir='ltr'><strong>ei</strong></span> <span class='ocrx_word' id='word_1_280' title='bbox 922 2992 971 3013; x_wconf 85' lang='lat' dir='ltr'><strong>re-</strong></span> 
     </span>
    </p>
   </div>
   <div class='ocr_carea' id='block_1_12' title="bbox 1299 959 1525 1004">
    <p class='ocr_par' dir='ltr' id='par_1_21' title="bbox 1299 959 1525 1004">
     <span class='ocr_line' id='line_1_55' title="bbox 1299 959 1525 1004; baseline -0.004 0"><span class='ocrx_word' id='word_1_281' title='bbox 1299 961 1390 1004; x_wconf 89' lang='lat' dir='ltr'><strong>Cur</strong></span> <span class='ocrx_word' id='word_1_282' title='bbox 1409 959 1525 1003; x_wconf 90' lang='lat' dir='ltr'><strong>hoc?</strong></span> 
     </span>
    </p>
   </div>
   <div class='ocr_carea' id='block_1_13' title="bbox 785 1033 1468 1161">
    <p class='ocr_par' dir='ltr' id='par_1_22' title="bbox 785 1033 1468 1161">
     <span class='ocr_line' id='line_1_56' title="bbox 791 1033 1468 1076; baseline -0.001 0"><span class='ocrx_word' id='word_1_283' title='bbox 791 1033 911 1076; x_wconf 85' lang='lat' dir='ltr'><strong>Male</strong></span> <span class='ocrx_word' id='word_1_284' title='bbox 931 1049 1079 1076; x_wconf 89' lang='lat' dir='ltr'><strong>verum</strong></span> <span class='ocrx_word' id='word_1_285' title='bbox 1100 1034 1313 1076; x_wconf 80' lang='lat' dir='ltr'><strong>examinat</strong></span> <span class='ocrx_word' id='word_1_286' title='bbox 1331 1034 1468 1075; x_wconf 87' lang='lat' dir='ltr'><strong>omnis</strong></span> 
     </span>
     <span class='ocr_line' id='line_1_57' title="bbox 785 1103 1380 1161; baseline 0.002 -16"><span class='ocrx_word' id='word_1_287' title='bbox 785 1103 998 1160; x_wconf 90' lang='lat' dir='ltr'><strong>Leporem</strong></span> <span class='ocrx_word' id='word_1_288' title='bbox 1019 1112 1199 1146; x_wconf 86' lang='lat' dir='ltr'><strong>sectatus</strong></span> <span class='ocrx_word' id='word_1_289' title='bbox 1220 1119 1380 1161; x_wconf 90' lang='lat' dir='ltr'><strong>equove</strong></span> 
     </span>
    </p>
   </div>
   <div class='ocr_carea' id='block_1_14' title="bbox 1004 1243 1785 3024">
    <p class='ocr_par' dir='ltr' id='par_1_23' title="bbox 1011 1243 1783 1807">
     <span class='ocr_line' id='line_1_58' title="bbox 1012 1243 1781 1286; baseline -0.001 -10"><span class='ocrx_word' id='word_1_290' title='bbox 1012 1245 1165 1285; x_wconf 86' lang='lat' dir='ltr'><strong>spondere</strong></span> <span class='ocrx_word' id='word_1_291' title='bbox 1180 1247 1273 1277; x_wconf 77' lang='lat' dir='ltr'><strong>verba</strong></span> <span class='ocrx_word' id='word_1_292' title='bbox 1286 1244 1395 1276; x_wconf 82' lang='lat' dir='ltr'><strong>omnia</strong></span> <span class='ocrx_word' id='word_1_293' title='bbox 1408 1243 1575 1286; x_wconf 83' lang='lat' dir='ltr'><strong>intelliges.</strong></span> <span class='ocrx_word' id='word_1_294' title='bbox 1620 1243 1781 1276; x_wconf 71' lang='lat' dir='ltr'><strong>sententia</strong></span> 
     </span>
     <span class='ocr_line' id='line_1_59' title="bbox 1012 1287 1779 1338; baseline -0.001 -19"><span class='ocrx_word' id='word_1_295' title='bbox 1012 1296 1060 1319; x_wconf 86' lang='lat' dir='ltr'><strong>est</strong></span> <span class='ocrx_word' id='word_1_296' title='bbox 1073 1289 1139 1319; x_wconf 86' lang='lat' dir='ltr'><strong>fere</strong></span> <span class='ocrx_word' id='word_1_297' title='bbox 1154 1290 1244 1320; x_wconf 87' lang='lat' dir='ltr'><strong>haec.</strong></span> <span class='ocrx_word' id='word_1_298' title='bbox 1236 1302 1244 1308; x_wconf 95' lang='lat'>·</span> <span class='ocrx_word' id='word_1_299' title='bbox 1273 1289 1422 1326; x_wconf 78' lang='lat' dir='ltr'><strong>Causam,</strong></span> <span class='ocrx_word' id='word_1_300' title='bbox 1437 1287 1465 1318; x_wconf 86' lang='lat' dir='ltr'><strong>si</strong></span> <span class='ocrx_word' id='word_1_301' title='bbox 1484 1294 1606 1338; x_wconf 76' lang='lat' dir='ltr'><strong>potero,</strong></span> <span class='ocrx_word' id='word_1_302' title='bbox 1627 1287 1779 1319; x_wconf 73' lang='lat' dir='ltr'><strong>afferam.</strong></span> <span class='ocrx_word' id='word_1_303' title='bbox 1771 1297 1778 1304; x_wconf 90' lang='lat'><strong>·</strong></span> 
     </span>
     <span class='ocr_line' id='line_1_60' title="bbox 1012 1329 1782 1372; baseline -0.001 -9"><span class='ocrx_word' id='word_1_304' title='bbox 1012 1332 1138 1363; x_wconf 83' lang='lat' dir='ltr'><strong>animus</strong></span> <span class='ocrx_word' id='word_1_305' title='bbox 1152 1333 1279 1369; x_wconf 88' lang='lat' dir='ltr'><strong>scilicet,</strong></span> <span class='ocrx_word' id='word_1_306' title='bbox 1301 1331 1445 1363; x_wconf 89' lang='lat' dir='ltr'><strong>ciborum</strong></span> <span class='ocrx_word' id='word_1_307' title='bbox 1469 1331 1560 1371; x_wconf 75' lang='lat' dir='ltr'><strong>copia</strong></span> <span class='ocrx_word' id='word_1_308' title='bbox 1580 1338 1612 1363; x_wconf 80' lang='lat' dir='ltr'><strong>et</strong></span> <span class='ocrx_word' id='word_1_309' title='bbox 1629 1329 1782 1372; x_wconf 79' lang='lat' dir='ltr'><strong>jucundi·</strong></span> 
     </span>
     <span class='ocr_line' id='line_1_61' title="bbox 1012 1375 1780 1416; baseline -0.003 -9"><span class='ocrx_word' id='word_1_310' title='bbox 1012 1382 1077 1407; x_wconf 81' lang='lat' dir='ltr'><strong>tate</strong></span> <span class='ocrx_word' id='word_1_311' title='bbox 1100 1382 1220 1415; x_wconf 86' lang='lat' dir='ltr'><strong>captus,</strong></span> <span class='ocrx_word' id='word_1_312' title='bbox 1252 1375 1350 1406; x_wconf 87' lang='lat' dir='ltr'><strong>veluti</strong></span> <span class='ocrx_word' id='word_1_313' title='bbox 1373 1375 1475 1416; x_wconf 83' lang='lat' dir='ltr'><strong>judex</strong></span> <span class='ocrx_word' id='word_1_314' title='bbox 1503 1385 1583 1406; x_wconf 81' lang='lat' dir='ltr'><strong>auro</strong></span> <span class='ocrx_word' id='word_1_315' title='bbox 1604 1379 1780 1414; x_wconf 68' lang='lat' dir='ltr'><strong>corruptile,</strong></span> 
     </span>
     <span class='ocr_line' id='line_1_62' title="bbox 1012 1418 1781 1468; baseline -0.003 -18"><span class='ocrx_word' id='word_1_316' title='bbox 1012 1419 1110 1450; x_wconf 85' lang='lat' dir='ltr'><strong>male</strong></span> <span class='ocrx_word' id='word_1_317' title='bbox 1108 1419 1279 1451; x_wconf 83' lang='lat' dir='ltr'><strong>veritatem</strong></span> <span class='ocrx_word' id='word_1_318' title='bbox 1293 1420 1522 1468; x_wconf 70' lang='lat' dir='ltr'><strong>perscrutatur.</strong></span> <span class='ocrx_word' id='word_1_319' title='bbox 1570 1418 1623 1460; x_wconf 85' lang='lat' dir='ltr'><strong>(Is</strong></span> <span class='ocrx_word' id='word_1_320' title='bbox 1645 1423 1781 1455; x_wconf 72' lang='lat' dir='ltr'><strong>tantum,</strong></span> 
     </span>
     <span class='ocr_line' id='line_1_63' title="bbox 1012 1461 1781 1503; baseline -0.001 -11"><span class='ocrx_word' id='word_1_321' title='bbox 1012 1463 1066 1503; x_wconf 89' lang='lat' dir='ltr'><strong>qui</strong></span> <span class='ocrx_word' id='word_1_322' title='bbox 1081 1462 1146 1493; x_wconf 87' lang='lat' dir='ltr'><strong>sitit</strong></span> <span class='ocrx_word' id='word_1_323' title='bbox 1166 1469 1199 1493; x_wconf 89' lang='lat' dir='ltr'><strong>et</strong></span> <span class='ocrx_word' id='word_1_324' title='bbox 1219 1462 1327 1499; x_wconf 70' lang='lat' dir='ltr'><strong>esurit,</strong></span> <span class='ocrx_word' id='word_1_325' title='bbox 1352 1472 1418 1492; x_wconf 89' lang='lat' dir='ltr'><strong>non</strong></span> <span class='ocrx_word' id='word_1_326' title='bbox 1442 1462 1616 1493; x_wconf 79' lang='lat' dir='ltr'><strong>contemnit</strong></span> <span class='ocrx_word' id='word_1_327' title='bbox 1636 1461 1781 1502; x_wconf 71' lang='lat' dir='ltr'><strong>vulgares</strong></span> 
     </span>
     <span class='ocr_line' id='line_1_64' title="bbox 1012 1504 1782 1547; baseline -0.003 -10"><span class='ocrx_word' id='word_1_328' title='bbox 1012 1506 1127 1546; x_wconf 86' lang='lat' dir='ltr'><strong>cibos.)</strong></span> <span class='ocrx_word' id='word_1_329' title='bbox 1195 1505 1319 1542; x_wconf 83' lang='lat' dir='ltr'><strong>Quodsi</strong></span> <span class='ocrx_word' id='word_1_330' title='bbox 1346 1505 1445 1547; x_wconf 87' lang='lat' dir='ltr'><strong>igitur</strong></span> <span class='ocrx_word' id='word_1_331' title='bbox 1468 1511 1526 1536; x_wconf 68' lang='lat' dir='ltr'><strong>aut</strong></span> <span class='ocrx_word' id='word_1_332' title='bbox 1553 1504 1697 1536; x_wconf 78' lang='lat' dir='ltr'><strong>venando</strong></span> <span class='ocrx_word' id='word_1_333' title='bbox 1725 1510 1782 1535; x_wconf 75' lang='lat' dir='ltr'><strong>aut</strong></span> 
     </span>
     <span class='ocr_line' id='line_1_65' title="bbox 1013 1547 1783 1590; baseline -0.004 -10"><span class='ocrx_word' id='word_1_334' title='bbox 1013 1548 1194 1590; x_wconf 79' lang='lat' dir='ltr'><strong>equitando,</strong></span> <span class='ocrx_word' id='word_1_335' title='bbox 1206 1549 1266 1586; x_wconf 85' lang='lat' dir='ltr'><strong>vel,</strong></span> <span class='ocrx_word' id='word_1_336' title='bbox 1281 1549 1308 1579; x_wconf 90' lang='lat' dir='ltr'><strong>si</strong></span> <span class='ocrx_word' id='word_1_337' title='bbox 1321 1548 1424 1590; x_wconf 80' lang='lat' dir='ltr'><strong>magis</strong></span> <span class='ocrx_word' id='word_1_338' title='bbox 1437 1548 1494 1580; x_wconf 81' lang='lat' dir='ltr'><strong>tibi</strong></span> <span class='ocrx_word' id='word_1_339' title='bbox 1507 1548 1633 1589; x_wconf 76' lang='lat' dir='ltr'><strong>placent</strong></span> <span class='ocrx_word' id='word_1_340' title='bbox 1645 1547 1783 1588; x_wconf 79' lang='lat' dir='ltr'><strong>pueriles</strong></span> 
     </span>
     <span class='ocr_line' id='line_1_66' title="bbox 1016 1590 1782 1632; baseline -0.003 -8"><span class='ocrx_word' id='word_1_341' title='bbox 1016 1593 1204 1624; x_wconf 71' lang='lat' dir='ltr'><strong>Graecorum</strong></span> <span class='ocrx_word' id='word_1_342' title='bbox 1232 1592 1479 1631; x_wconf 76' lang='lat' dir='ltr'><strong>exercitationes,</strong></span> <span class='ocrx_word' id='word_1_343' title='bbox 1507 1595 1565 1623; x_wconf 64' lang='lat' dir='ltr'><strong>aut</strong></span> <span class='ocrx_word' id='word_1_344' title='bbox 1598 1590 1696 1632; x_wconf 70' lang='lat' dir='ltr'><strong>pilam</strong></span> <span class='ocrx_word' id='word_1_345' title='bbox 1724 1597 1782 1622; x_wconf 77' lang='lat' dir='ltr'><strong>aut</strong></span> 
     </span>
     <span class='ocr_line' id='line_1_67' title="bbox 1013 1635 1781 1677; baseline -0.003 -11"><span class='ocrx_word' id='word_1_346' title='bbox 1013 1637 1138 1667; x_wconf 74' lang='lat' dir='ltr'><strong>discum</strong></span> <span class='ocrx_word' id='word_1_347' title='bbox 1161 1636 1320 1677; x_wconf 76' lang='lat' dir='ltr'><strong>jaciendo,</strong></span> <span class='ocrx_word' id='word_1_348' title='bbox 1358 1635 1484 1667; x_wconf 70' lang='lat' dir='ltr'><strong>fastidia</strong></span> <span class='ocrx_word' id='word_1_349' title='bbox 1511 1635 1680 1675; x_wconf 78' lang='lat' dir='ltr'><strong>expuleris,</strong></span> <span class='ocrx_word' id='word_1_350' title='bbox 1709 1641 1781 1665; x_wconf 85' lang='lat' dir='ltr'><strong>tum</strong></span> 
     </span>
     <span class='ocr_line' id='line_1_68' title="bbox 1011 1678 1783 1721; baseline -0.003 -11"><span class='ocrx_word' id='word_1_351' title='bbox 1011 1680 1119 1710; x_wconf 79' lang='lat' dir='ltr'><strong>sitiens</strong></span> <span class='ocrx_word' id='word_1_352' title='bbox 1144 1680 1347 1721; x_wconf 84' lang='lat' dir='ltr'><strong>esuriensque</strong></span> <span class='ocrx_word' id='word_1_353' title='bbox 1375 1689 1442 1710; x_wconf 90' lang='lat' dir='ltr'><strong>non</strong></span> <span class='ocrx_word' id='word_1_354' title='bbox 1469 1689 1597 1720; x_wconf 79' lang='lat' dir='ltr'><strong>spernes</strong></span> <span class='ocrx_word' id='word_1_355' title='bbox 1617 1678 1712 1710; x_wconf 79' lang='lat' dir='ltr'><strong>vilem</strong></span> <span class='ocrx_word' id='word_1_356' title='bbox 1737 1678 1783 1708; x_wconf 86' lang='lat' dir='ltr'><strong>ci-</strong></span> 
     </span>
     <span class='ocr_line' id='line_1_69' title="bbox 1011 1722 1779 1763; baseline -0.003 -8"><span class='ocrx_word' id='word_1_357' title='bbox 1011 1725 1102 1760; x_wconf 91' lang='lat' dir='ltr'><strong>bum,</strong></span> <span class='ocrx_word' id='word_1_358' title='bbox 1118 1733 1183 1754; x_wconf 86' lang='lat' dir='ltr'><strong>nou</strong></span> <span class='ocrx_word' id='word_1_359' title='bbox 1196 1723 1350 1761; x_wconf 88' lang='lat' dir='ltr'><strong>mulsum,</strong></span> <span class='ocrx_word' id='word_1_360' title='bbox 1372 1733 1438 1753; x_wconf 85' lang='lat' dir='ltr'><strong>nou</strong></span> <span class='ocrx_word' id='word_1_361' title='bbox 1459 1722 1559 1762; x_wconf 77' lang='lat' dir='ltr'><strong>pisces</strong></span> <span class='ocrx_word' id='word_1_362' title='bbox 1571 1728 1709 1763; x_wconf 67' lang='lat' dir='ltr'><strong>oppetes,</strong></span> <span class='ocrx_word' id='word_1_363' title='bbox 1722 1722 1779 1753; x_wconf 80' lang='lat' dir='ltr'><strong>sed</strong></span> 
     </span>
     <span class='ocr_line' id='line_1_70' title="bbox 1012 1765 1564 1807; baseline 0 -10"><span class='ocrx_word' id='word_1_364' title='bbox 1012 1767 1103 1807; x_wconf 82' lang='lat' dir='ltr'><strong>panis</strong></span> <span class='ocrx_word' id='word_1_365' title='bbox 1116 1776 1191 1797; x_wconf 90' lang='lat' dir='ltr'><strong>cum</strong></span> <span class='ocrx_word' id='word_1_366' title='bbox 1204 1766 1270 1797; x_wconf 76' lang='lat' dir='ltr'><strong>sale</strong></span> <span class='ocrx_word' id='word_1_367' title='bbox 1283 1768 1365 1797; x_wconf 86' lang='lat' dir='ltr'><strong>bene</strong></span> <span class='ocrx_word' id='word_1_368' title='bbox 1377 1765 1436 1797; x_wconf 82' lang='lat' dir='ltr'><strong>tibi</strong></span> <span class='ocrx_word' id='word_1_369' title='bbox 1453 1765 1564 1806; x_wconf 67' lang='lat' dir='ltr'><strong>sapiet.</strong></span> 
     </span>
    </p>

    <p class='ocr_par' dir='ltr' id='par_1_24' title="bbox 1004 1808 1785 2376">
     <span class='ocr_line' id='line_1_71' title="bbox 1056 1808 1782 1851; baseline -0.003 -11"><span class='ocrx_word' id='word_1_370' title='bbox 1056 1820 1085 1841; x_wconf 88' lang='lat' dir='ltr'><strong>v.</strong></span> <span class='ocrx_word' id='word_1_371' title='bbox 1105 1809 1136 1841; x_wconf 91' lang='lat'><strong>9.</strong></span> <span class='ocrx_word' id='word_1_372' title='bbox 1161 1812 1315 1850; x_wconf 80' lang='lat' dir='ltr'><strong>Leporem</strong></span> <span class='ocrx_word' id='word_1_373' title='bbox 1338 1815 1472 1841; x_wconf 73' lang='lat' dir='ltr'><strong>sectatus</strong></span> <span class='ocrx_word' id='word_1_374' title='bbox 1495 1821 1618 1851; x_wconf 76' lang='lat' dir='ltr'><strong>equove.</strong></span> <span class='ocrx_word' id='word_1_375' title='bbox 1645 1808 1782 1840; x_wconf 78' lang='lat' dir='ltr'><strong>venandi</strong></span> 
     </span>
     <span class='ocr_line' id='line_1_72' title="bbox 1013 1852 1783 1894; baseline -0.001 -10"><span class='ocrx_word' id='word_1_376' title='bbox 1013 1859 1046 1884; x_wconf 88' lang='lat' dir='ltr'><strong>et</strong></span> <span class='ocrx_word' id='word_1_377' title='bbox 1059 1863 1215 1894; x_wconf 87' lang='lat' dir='ltr'><strong>equorum</strong></span> <span class='ocrx_word' id='word_1_378' title='bbox 1237 1852 1471 1884; x_wconf 65' lang='lat' dir='ltr'><strong>domandorum</strong></span> <span class='ocrx_word' id='word_1_379' title='bbox 1496 1852 1639 1884; x_wconf 79' lang='lat' dir='ltr'><strong>studium</strong></span> <span class='ocrx_word' id='word_1_380' title='bbox 1663 1852 1783 1893; x_wconf 75' lang='lat' dir='ltr'><strong>pertiu-</strong></span> 
     </span>
     <span class='ocr_line' id='line_1_73' title="bbox 1014 1895 1782 1932; baseline -0.001 -5"><span class='ocrx_word' id='word_1_381' title='bbox 1014 1903 1070 1927; x_wconf 88' lang='lat' dir='ltr'><strong>ent</strong></span> <span class='ocrx_word' id='word_1_382' title='bbox 1109 1896 1149 1928; x_wconf 78' lang='lat' dir='ltr'><strong>ad</strong></span> <span class='ocrx_word' id='word_1_383' title='bbox 1189 1896 1336 1928; x_wconf 82' lang='lat' dir='ltr'><strong>militiam</strong></span> <span class='ocrx_word' id='word_1_384' title='bbox 1369 1896 1558 1932; x_wconf 68' lang='lat' dir='ltr'><strong>Romanam.</strong></span> <span class='ocrx_word' id='word_1_385' title='bbox 1587 1896 1652 1927; x_wconf 85' lang='lat' dir='ltr'><strong>sive</strong></span> <span class='ocrx_word' id='word_1_386' title='bbox 1674 1895 1716 1927; x_wconf 73' lang='lat' dir='ltr'><strong>ad</strong></span> <span class='ocrx_word' id='word_1_387' title='bbox 1744 1905 1782 1926; x_wconf 83' lang='lat' dir='ltr'><strong>ea</strong></span> 
     </span>
     <span class='ocr_line' id='line_1_74' title="bbox 1015 1939 1781 1981; baseline -0.001 -10"><span class='ocrx_word' id='word_1_388' title='bbox 1015 1939 1122 1972; x_wconf 76' lang='lat' dir='ltr'><strong>studia</strong></span> <span class='ocrx_word' id='word_1_389' title='bbox 1135 1946 1168 1971; x_wconf 89' lang='lat' dir='ltr'><strong>et</strong></span> <span class='ocrx_word' id='word_1_390' title='bbox 1185 1939 1433 1978; x_wconf 80' lang='lat' dir='ltr'><strong>exercitationes,</strong></span> <span class='ocrx_word' id='word_1_391' title='bbox 1454 1940 1570 1981; x_wconf 81' lang='lat' dir='ltr'><strong>quibus</strong></span> <span class='ocrx_word' id='word_1_392' title='bbox 1590 1949 1721 1980; x_wconf 77' lang='lat' dir='ltr'><strong>corpora</strong></span> <span class='ocrx_word' id='word_1_393' title='bbox 1740 1939 1781 1970; x_wconf 78' lang='lat' dir='ltr'><strong>ad</strong></span> 
     </span>
     <span class='ocr_line' id='line_1_75' title="bbox 1015 1983 1782 2020; baseline -0.001 -6"><span class='ocrx_word' id='word_1_394' title='bbox 1015 1983 1137 2015; x_wconf 82' lang='lat' dir='ltr'><strong>labores</strong></span> <span class='ocrx_word' id='word_1_395' title='bbox 1158 1984 1192 2014; x_wconf 87' lang='lat' dir='ltr'><strong>in</strong></span> <span class='ocrx_word' id='word_1_396' title='bbox 1214 1983 1298 2015; x_wconf 88' lang='lat' dir='ltr'><strong>bello</strong></span> <span class='ocrx_word' id='word_1_397' title='bbox 1319 1983 1465 2015; x_wconf 78' lang='lat' dir='ltr'><strong>ferendos</strong></span> <span class='ocrx_word' id='word_1_398' title='bbox 1489 1985 1782 2020; x_wconf 59' lang='lat' dir='ltr'><strong>canobon-mentun</strong></span> 
     </span>
     <span class='ocr_line' id='line_1_76' title="bbox 1015 2025 1785 2067; baseline -0.001 -10"><span class='ocrx_word' id='word_1_399' title='bbox 1015 2028 1090 2058; x_wconf 84' lang='lat' dir='ltr'><strong>hinc</strong></span> <span class='ocrx_word' id='word_1_400' title='bbox 1121 2027 1237 2058; x_wconf 78' lang='lat' dir='ltr'><strong>Horat.</strong></span> <span class='ocrx_word' id='word_1_401' title='bbox 1269 2037 1365 2067; x_wconf 72' lang='lat' dir='ltr'><strong>supra</strong></span> <span class='ocrx_word' id='word_1_402' title='bbox 1395 2026 1460 2058; x_wconf 90' lang='lat' dir='ltr'><strong>Od.</strong></span> <span class='ocrx_word' id='word_1_403' title='bbox 1482 2027 1560 2059; x_wconf 39' lang='grc' dir='ltr'><strong>(ΙΙΙ.</strong></span> <span class='ocrx_word' id='word_1_404' title='bbox 1585 2025 1639 2058; x_wconf 74' lang='lat'><strong>24.</strong></span> <span class='ocrx_word' id='word_1_405' title='bbox 1664 2025 1718 2058; x_wconf 74' lang='lat'><strong>54.</strong></span> <span class='ocrx_word' id='word_1_406' title='bbox 1743 2026 1785 2057; x_wconf 86' lang='lat' dir='ltr'><strong>de</strong></span> 
     </span>
     <span class='ocr_line' id='line_1_77' title="bbox 1019 2069 1784 2111; baseline -0.001 -9"><span class='ocrx_word' id='word_1_407' title='bbox 1019 2071 1176 2108; x_wconf 79' lang='lat' dir='ltr'><strong>Romanis</strong></span> <span class='ocrx_word' id='word_1_408' title='bbox 1189 2082 1209 2102; x_wconf 79' lang='lat' dir='ltr'><strong>a</strong></span> <span class='ocrx_word' id='word_1_409' title='bbox 1227 2071 1329 2111; x_wconf 80' lang='lat' dir='ltr'><strong>prisca</strong></span> <span class='ocrx_word' id='word_1_410' title='bbox 1346 2079 1463 2110; x_wconf 83' lang='lat' dir='ltr'><strong>pueros</strong></span> <span class='ocrx_word' id='word_1_411' title='bbox 1486 2069 1642 2102; x_wconf 72' lang='lat' dir='ltr'><strong>educandi</strong></span> <span class='ocrx_word' id='word_1_412' title='bbox 1661 2071 1784 2102; x_wconf 64' lang='lat' dir='ltr'><strong>maone</strong></span> 
     </span>
     <span class='ocr_line' id='line_1_78' title="bbox 1014 2114 1782 2156; baseline -0.003 -10"><span class='ocrx_word' id='word_1_413' title='bbox 1014 2114 1232 2156; x_wconf 69' lang='lat' dir='ltr'><strong>degeneretis:</strong></span> <span class='ocrx_word' id='word_1_414' title='bbox 1260 2116 1370 2146; x_wconf 75' lang='lat' dir='ltr'><strong>Nescit</strong></span> <span class='ocrx_word' id='word_1_415' title='bbox 1383 2125 1461 2155; x_wconf 74' lang='lat' dir='ltr'><strong>equo</strong></span> <span class='ocrx_word' id='word_1_416' title='bbox 1473 2116 1564 2147; x_wconf 75' lang='lat' dir='ltr'><strong>rudis</strong></span> <span class='ocrx_word' id='word_1_417' title='bbox 1583 2116 1719 2147; x_wconf 80' lang='lat' dir='ltr'><strong>Hoerere</strong></span> <span class='ocrx_word' id='word_1_418' title='bbox 1731 2116 1782 2144; x_wconf 80' lang='lat' dir='ltr'><strong>in-</strong></span> 
     </span>
     <span class='ocr_line' id='line_1_79' title="bbox 1011 2157 1783 2208; baseline -0.005 -18"><span class='ocrx_word' id='word_1_419' title='bbox 1011 2170 1136 2199; x_wconf 78' lang='lat' dir='ltr'><strong>genuus</strong></span> <span class='ocrx_word' id='word_1_420' title='bbox 1171 2169 1262 2200; x_wconf 82' lang='lat' dir='ltr'><strong>puer.</strong></span> <span class='ocrx_word' id='word_1_421' title='bbox 1312 2159 1487 2208; x_wconf 48' lang='lat' dir='ltr'><strong>Vera-avique</strong></span> <span class='ocrx_word' id='word_1_422' title='bbox 1524 2160 1620 2190; x_wconf 71' lang='lat' dir='ltr'><strong>timet.</strong></span> <span class='ocrx_word' id='word_1_423' title='bbox 1674 2157 1783 2188; x_wconf 82' lang='lat' dir='ltr'><strong>Loeus</strong></span> 
     </span>
     <span class='ocr_line' id='line_1_80' title="bbox 1014 2201 1782 2242; baseline -0.003 -10"><span class='ocrx_word' id='word_1_424' title='bbox 1014 2201 1162 2232; x_wconf 80' lang='lat' dir='ltr'><strong>classicus</strong></span> <span class='ocrx_word' id='word_1_425' title='bbox 1203 2201 1243 2232; x_wconf 87' lang='lat' dir='ltr'><strong>de</strong></span> <span class='ocrx_word' id='word_1_426' title='bbox 1280 2201 1455 2232; x_wconf 77' lang='lat' dir='ltr'><strong>venationis</strong></span> <span class='ocrx_word' id='word_1_427' title='bbox 1492 2211 1533 2242; x_wconf 71' lang='lat' dir='ltr'><strong>ap</strong></span> <span class='ocrx_word' id='word_1_428' title='bbox 1533 2201 1578 2232; x_wconf 87' lang='lat' dir='ltr'><strong>ud</strong></span> <span class='ocrx_word' id='word_1_429' title='bbox 1618 2201 1782 2232; x_wconf 65' lang='lat' dir='ltr'><strong>Romanos</strong></span> 
     </span>
     <span class='ocr_line' id='line_1_81' title="bbox 1015 2241 1778 2286; baseline -0.004 -10"><span class='ocrx_word' id='word_1_430' title='bbox 1015 2245 1111 2277; x_wconf 85' lang='lat' dir='ltr'><strong>laude</strong></span> <span class='ocrx_word' id='word_1_431' title='bbox 1131 2251 1226 2286; x_wconf 84' lang='lat' dir='ltr'><strong>atque</strong></span> <span class='ocrx_word' id='word_1_432' title='bbox 1250 2245 1368 2275; x_wconf 86' lang='lat' dir='ltr'><strong>honore</strong></span> <span class='ocrx_word' id='word_1_433' title='bbox 1389 2251 1437 2275; x_wconf 85' lang='lat' dir='ltr'><strong>est</strong></span> <span class='ocrx_word' id='word_1_434' title='bbox 1456 2244 1541 2275; x_wconf 81' lang='lat' dir='ltr'><strong>infra</strong></span> <span class='ocrx_word' id='word_1_435' title='bbox 1554 2244 1658 2284; x_wconf 77' lang='lat' dir='ltr'><strong>Epist.</strong></span> <span class='ocrx_word' id='word_1_436' title='bbox 1677 2243 1708 2274; x_wconf 88' lang='lat' dir='ltr'>L</span> <span class='ocrx_word' id='word_1_437' title='bbox 1727 2241 1778 2273; x_wconf 85' lang='lat'><strong>18.</strong></span> 
     </span>
     <span class='ocr_line' id='line_1_82' title="bbox 1016 2287 1782 2329; baseline -0.001 -10"><span class='ocrx_word' id='word_1_438' title='bbox 1016 2287 1070 2319; x_wconf 79' lang='lat'><strong>49.</strong></span> <span class='ocrx_word' id='word_1_439' title='bbox 1131 2290 1285 2320; x_wconf 79' lang='lat' dir='ltr'><strong>Romanis</strong></span> <span class='ocrx_word' id='word_1_440' title='bbox 1316 2290 1440 2320; x_wconf 68' lang='lat' dir='ltr'><strong>solenne</strong></span> <span class='ocrx_word' id='word_1_441' title='bbox 1467 2289 1542 2320; x_wconf 73' lang='lat' dir='ltr'><strong>viris</strong></span> <span class='ocrx_word' id='word_1_442' title='bbox 1578 2298 1665 2329; x_wconf 76' lang='lat' dir='ltr'><strong>opus,</strong></span> <span class='ocrx_word' id='word_1_443' title='bbox 1705 2289 1782 2318; x_wconf 73' lang='lat' dir='ltr'><strong>utile</strong></span> 
     </span>
     <span class='ocr_line' id='line_1_83' title="bbox 1004 2333 1569 2376; baseline -0.004 -12"><span class='ocrx_word' id='word_1_444' title='bbox 1004 2335 1120 2376; x_wconf 71' lang='lat' dir='ltr'><strong>samec,</strong></span> <span class='ocrx_word' id='word_1_445' title='bbox 1146 2334 1283 2374; x_wconf 72' lang='lat' dir='ltr'><strong>Vitaeque</strong></span> <span class='ocrx_word' id='word_1_446' title='bbox 1296 2339 1326 2365; x_wconf 72' lang='lat' dir='ltr'><strong>ee</strong></span> <span class='ocrx_word' id='word_1_447' title='bbox 1339 2333 1484 2363; x_wconf 77' lang='lat' dir='ltr'><strong>membris</strong></span> <span class='ocrx_word' id='word_1_448' title='bbox 1496 2337 1569 2362; x_wconf 79' lang='lat' dir='ltr'><strong>oett.</strong></span> 
     </span>
    </p>

    <p class='ocr_par' dir='ltr' id='par_1_25' title="bbox 1014 2373 1783 3024">
     <span class='ocr_line' id='line_1_84' title="bbox 1058 2373 1779 2416; baseline -0.003 -10"><span class='ocrx_word' id='word_1_449' title='bbox 1058 2386 1087 2406; x_wconf 84' lang='lat' dir='ltr'><strong>v.</strong></span> <span class='ocrx_word' id='word_1_450' title='bbox 1111 2374 1162 2406; x_wconf 91' lang='lat'><strong>10.</strong></span> <span class='ocrx_word' id='word_1_451' title='bbox 1185 2377 1212 2406; x_wconf 78' lang='lat' dir='ltr'><strong>si</strong></span> <span class='ocrx_word' id='word_1_452' title='bbox 1228 2375 1481 2416; x_wconf 78' lang='lat' dir='ltr'><strong>Romanafatig.</strong></span> <span class='ocrx_word' id='word_1_453' title='bbox 1505 2380 1578 2405; x_wconf 78' lang='lat' dir='ltr'><strong>cett.</strong></span> <span class='ocrx_word' id='word_1_454' title='bbox 1595 2373 1779 2404; x_wconf 74' lang='lat' dir='ltr'><strong>Slhaecml</strong></span> 
     </span>
     <span class='ocr_line' id='line_1_85' title="bbox 1018 2417 1781 2450; baseline -0.003 0"><span class='ocrx_word' id='word_1_455' title='bbox 1018 2419 1117 2450; x_wconf 82' lang='lat' dir='ltr'><strong>litatis</strong></span> <span class='ocrx_word' id='word_1_456' title='bbox 1149 2419 1390 2450; x_wconf 77' lang='lat' dir='ltr'><strong>Romanorum</strong></span> <span class='ocrx_word' id='word_1_457' title='bbox 1400 2418 1482 2448; x_wconf 66' lang='lat' dir='ltr'><strong>vireu</strong></span> <span class='ocrx_word' id='word_1_458' title='bbox 1507 2417 1673 2448; x_wconf 75' lang='lat' dir='ltr'><strong>exercendi</strong></span> <span class='ocrx_word' id='word_1_459' title='bbox 1702 2418 1781 2448; x_wconf 82' lang='lat' dir='ltr'><strong>ratio</strong></span> 
     </span>
     <span class='ocr_line' id='line_1_86' title="bbox 1015 2460 1782 2498; baseline -0.001 -5"><span class='ocrx_word' id='word_1_460' title='bbox 1015 2462 1148 2493; x_wconf 65' lang='lat' dir='ltr'><strong>molesta</strong></span> <span class='ocrx_word' id='word_1_461' title='bbox 1160 2468 1208 2492; x_wconf 75' lang='lat' dir='ltr'><strong>est</strong></span> <span class='ocrx_word' id='word_1_462' title='bbox 1221 2461 1289 2498; x_wconf 88' lang='lat' dir='ltr'><strong>tibi,</strong></span> <span class='ocrx_word' id='word_1_463' title='bbox 1310 2460 1440 2492; x_wconf 70' lang='lat' dir='ltr'><strong>ludicfis</strong></span> <span class='ocrx_word' id='word_1_464' title='bbox 1463 2461 1648 2492; x_wconf 74' lang='lat' dir='ltr'><strong>Graecorum</strong></span> <span class='ocrx_word' id='word_1_465' title='bbox 1663 2461 1782 2492; x_wconf 87' lang='lat' dir='ltr'><strong>exerci-</strong></span> 
     </span>
     <span class='ocr_line' id='line_1_87' title="bbox 1016 2502 1780 2554; baseline -0.003 -17"><span class='ocrx_word' id='word_1_466' title='bbox 1016 2505 1188 2537; x_wconf 74' lang='lat' dir='ltr'><strong>tationibus</strong></span> <span class='ocrx_word' id='word_1_467' title='bbox 1200 2510 1346 2542; x_wconf 78' lang='lat' dir='ltr'><strong>assueto3</strong></span> <span class='ocrx_word' id='word_1_468' title='bbox 1421 2506 1555 2544; x_wconf 80' lang='lat' dir='ltr'><strong>groecari</strong></span> <span class='ocrx_word' id='word_1_469' title='bbox 1578 2505 1684 2554; x_wconf 58' lang='lat' dir='ltr'><strong>(inm</strong></span> <span class='ocrx_word' id='word_1_470' title='bbox 1684 2502 1752 2544; x_wconf 73' lang='grc' dir='ltr'>ι’ζει</span> <span class='ocrx_word' id='word_1_471' title='bbox 1755 2504 1780 2545; x_wconf 85' lang='grc'><strong>),</strong></span> 
     </span>
     <span class='ocr_line' id='line_1_88' title="bbox 1019 2547 1780 2588; baseline -0.003 -8"><span class='ocrx_word' id='word_1_472' title='bbox 1019 2549 1205 2581; x_wconf 85' lang='lat' dir='ltr'><strong>Graecorum</strong></span> <span class='ocrx_word' id='word_1_473' title='bbox 1229 2557 1317 2578; x_wconf 88' lang='lat' dir='ltr'><strong>more</strong></span> <span class='ocrx_word' id='word_1_474' title='bbox 1338 2547 1412 2588; x_wconf 86' lang='lat' dir='ltr'><strong>pilae</strong></span> <span class='ocrx_word' id='word_1_475' title='bbox 1435 2554 1467 2578; x_wconf 88' lang='lat' dir='ltr'><strong>et</strong></span> <span class='ocrx_word' id='word_1_476' title='bbox 1488 2547 1566 2578; x_wconf 75' lang='lat' dir='ltr'><strong>disci</strong></span> <span class='ocrx_word' id='word_1_477' title='bbox 1581 2547 1670 2588; x_wconf 74' lang='lat' dir='ltr'><strong>jactu</strong></span> <span class='ocrx_word' id='word_1_478' title='bbox 1691 2557 1780 2579; x_wconf 86' lang='lat' dir='ltr'><strong>exer-</strong></span> 
     </span>
     <span class='ocr_line' id='line_1_89' title="bbox 1015 2589 1776 2630; baseline -0.001 -7"><span class='ocrx_word' id='word_1_479' title='bbox 1015 2592 1098 2630; x_wconf 77' lang='lat' dir='ltr'><strong>ceri3</strong></span> <span class='ocrx_word' id='word_1_480' title='bbox 1121 2591 1161 2623; x_wconf 88' lang='lat' dir='ltr'><strong>de</strong></span> <span class='ocrx_word' id='word_1_481' title='bbox 1185 2593 1267 2623; x_wconf 75' lang='lat' dir='ltr'><strong>disco</strong></span> <span class='ocrx_word' id='word_1_482' title='bbox 1287 2589 1350 2621; x_wconf 84' lang='lat' dir='ltr'><strong>vid.</strong></span> <span class='ocrx_word' id='word_1_483' title='bbox 1375 2590 1523 2630; x_wconf 74' lang='lat' dir='ltr'><strong>supraad</strong></span> <span class='ocrx_word' id='word_1_484' title='bbox 1541 2590 1605 2622; x_wconf 87' lang='lat' dir='ltr'><strong>Od.</strong></span> <span class='ocrx_word' id='word_1_485' title='bbox 1627 2590 1776 2622; x_wconf 85' lang='lat'>1.8.11.</span> 
     </span>
     <span class='ocr_line' id='line_1_90' title="bbox 1014 2634 1783 2719; baseline 0.001 -10"><span class='ocrx_word' id='word_1_486' title='bbox 1014 2636 1252 2718; x_wconf 55' lang='lat' dir='ltr'><strong>e‘xss’fissa(”2}i&#39;</strong></span> <span class='ocrx_word' id='word_1_487' title='bbox 1252 2634 1649 2719; x_wconf 52' lang='grc' dir='ltr'><strong>ῗὲωἷέωἶιῗζὲῗέῖῗῗ</strong></span> <span class='ocrx_word' id='word_1_488' title='bbox 1618 2645 1694 2709; x_wconf 63' lang='lat'><strong>„³:¹3²</strong></span> <span class='ocrx_word' id='word_1_489' title='bbox 1695 2642 1783 2719; x_wconf 59' lang='lat'><strong>{312</strong></span> 
     </span>
     <span class='ocr_line' id='line_1_91' title="bbox 1014 2721 1779 2762; baseline 0.001 -10"><span class='ocrx_word' id='word_1_490' title='bbox 1014 2722 1103 2753; x_wconf 83' lang='lat' dir='ltr'><strong>lusus</strong></span> <span class='ocrx_word' id='word_1_491' title='bbox 1123 2721 1182 2752; x_wconf 87' lang='lat' dir='ltr'><strong>tibi</strong></span> <span class='ocrx_word' id='word_1_492' title='bbox 1203 2721 1305 2762; x_wconf 71' lang='lat' dir='ltr'><strong>magis</strong></span> <span class='ocrx_word' id='word_1_493' title='bbox 1324 2721 1436 2760; x_wconf 79' lang='lat' dir='ltr'><strong>placet,</strong></span> <span class='ocrx_word' id='word_1_494' title='bbox 1452 2721 1516 2760; x_wconf 78' lang='lat' dir='ltr'><strong>pila</strong></span> <span class='ocrx_word' id='word_1_495' title='bbox 1530 2721 1616 2759; x_wconf 78' lang='lat' dir='ltr'><strong>lude,</strong></span> <span class='ocrx_word' id='word_1_496' title='bbox 1631 2721 1697 2753; x_wconf 81' lang='lat' dir='ltr'><strong>sive</strong></span> <span class='ocrx_word' id='word_1_497' title='bbox 1709 2732 1779 2753; x_wconf 71' lang='lat' dir='ltr'><strong>mn-</strong></span> 
     </span>
     <span class='ocr_line' id='line_1_92' title="bbox 1014 2764 1779 2807; baseline 0 -11"><span class='ocrx_word' id='word_1_498' title='bbox 1014 2765 1116 2807; x_wconf 80' lang='lat' dir='ltr'><strong>giste</strong></span> <span class='ocrx_word' id='word_1_499' title='bbox 1140 2764 1275 2796; x_wconf 78' lang='lat' dir='ltr'><strong>delectat</strong></span> <span class='ocrx_word' id='word_1_500' title='bbox 1301 2764 1416 2802; x_wconf 79' lang='lat' dir='ltr'><strong>discus,</strong></span> <span class='ocrx_word' id='word_1_501' title='bbox 1446 2765 1569 2796; x_wconf 82' lang='lat' dir='ltr'><strong>discum</strong></span> <span class='ocrx_word' id='word_1_502' title='bbox 1589 2766 1671 2806; x_wconf 81' lang='lat' dir='ltr'><strong>jace,</strong></span> <span class='ocrx_word' id='word_1_503' title='bbox 1693 2771 1779 2804; x_wconf 66' lang='lat' dir='ltr'><strong>tum,</strong></span> 
     </span>
     <span class='ocr_line' id='line_1_93' title="bbox 1014 2807 1781 2849; baseline 0 -9"><span class='ocrx_word' id='word_1_504' title='bbox 1014 2818 1087 2840; x_wconf 88' lang='lat' dir='ltr'><strong>cum</strong></span> <span class='ocrx_word' id='word_1_505' title='bbox 1111 2808 1163 2839; x_wconf 83' lang='lat' dir='ltr'><strong>hic</strong></span> <span class='ocrx_word' id='word_1_506' title='bbox 1182 2808 1271 2839; x_wconf 78' lang='lat' dir='ltr'><strong>labor</strong></span> <span class='ocrx_word' id='word_1_507' title='bbox 1289 2807 1452 2838; x_wconf 78' lang='lat' dir='ltr'><strong>fastidium</strong></span> <span class='ocrx_word' id='word_1_508' title='bbox 1466 2819 1486 2839; x_wconf 88' lang='lat' dir='ltr'><strong>e</strong></span> <span class='ocrx_word' id='word_1_509' title='bbox 1497 2809 1660 2840; x_wconf 67' lang='lat' dir='ltr'><strong>macho</strong></span> <span class='ocrx_word' id='word_1_510' title='bbox 1680 2819 1781 2849; x_wconf 79' lang='lat' dir='ltr'><strong>expu-</strong></span> 
     </span>
     <span class='ocr_line' id='line_1_94' title="bbox 1014 2851 1780 2893; baseline 0.003 -11"><span class='ocrx_word' id='word_1_511' title='bbox 1014 2851 1097 2889; x_wconf 82' lang='lat' dir='ltr'><strong>lerit,</strong></span> <span class='ocrx_word' id='word_1_512' title='bbox 1126 2851 1235 2883; x_wconf 84' lang='lat' dir='ltr'><strong>sitiens</strong></span> <span class='ocrx_word' id='word_1_513' title='bbox 1260 2851 1462 2892; x_wconf 70' lang='lat' dir='ltr'><strong>esuriensque</strong></span> <span class='ocrx_word' id='word_1_514' title='bbox 1486 2861 1608 2892; x_wconf 81' lang='lat' dir='ltr'><strong>sperne,</strong></span> <span class='ocrx_word' id='word_1_515' title='bbox 1632 2852 1660 2883; x_wconf 83' lang='lat' dir='ltr'><strong>si</strong></span> <span class='ocrx_word' id='word_1_516' title='bbox 1680 2859 1780 2893; x_wconf 72' lang='lat' dir='ltr'><strong>potes,</strong></span> 
     </span>
     <span class='ocr_line' id='line_1_95' title="bbox 1014 2894 1781 2980; baseline 0.001 -11"><span class='ocrx_word' id='word_1_517' title='bbox 1014 2894 1291 2978; x_wconf 58' lang='lat' dir='ltr'><strong>{tlssfflffsszssz</strong></span> <span class='ocrx_word' id='word_1_518' title='bbox 1306 2905 1395 2976; x_wconf 60' lang='lat'><strong>5113?</strong></span> <span class='ocrx_word' id='word_1_519' title='bbox 1396 2905 1655 2980; x_wconf 49' lang='lat' dir='ltr'><strong>Zffssnss&#39;sffi</strong></span> <span class='ocrx_word' id='word_1_520' title='bbox 1672 2897 1781 2971; x_wconf 62' lang='grc' dir='ltr'>ἕιξᾝ</span> 
     </span>
     <span class='ocr_line' id='line_1_96' title="bbox 1014 2981 1778 3024; baseline -0.001 -10"><span class='ocrx_word' id='word_1_521' title='bbox 1014 2981 1071 3015; x_wconf 83' lang='lat' dir='ltr'><strong>tibi</strong></span> <span class='ocrx_word' id='word_1_522' title='bbox 1095 2981 1283 3023; x_wconf 80' lang='lat' dir='ltr'><strong>suppeditet,</strong></span> <span class='ocrx_word' id='word_1_523' title='bbox 1306 2992 1370 3014; x_wconf 89' lang='lat' dir='ltr'><strong>non</strong></span> <span class='ocrx_word' id='word_1_524' title='bbox 1400 2981 1486 3014; x_wconf 86' lang='lat' dir='ltr'><strong>domi</strong></span> <span class='ocrx_word' id='word_1_525' title='bbox 1512 2989 1569 3022; x_wconf 82' lang='lat' dir='ltr'><strong>est,</strong></span> <span class='ocrx_word' id='word_1_526' title='bbox 1594 2983 1622 3014; x_wconf 85' lang='lat' dir='ltr'><strong>si</strong></span> <span class='ocrx_word' id='word_1_527' title='bbox 1644 2982 1778 3024; x_wconf 73' lang='lat' dir='ltr'><strong>pisa&#39;um</strong></span> 
     </span>
    </p>
   </div>
  </div>
 </body>
</html>
