1904 3250
584 459 647 516 Q.
710 459 1063 510 HORATII
1122 415 1409 513 FLAcc'i

353 693 895 754 EPISTOLA
952 696 1094 755 AD
1154 658 1633 761 PISONES.

318 1152 554 1210 HUMANO
576 1167 704 1223 capiti
726 1168 932 1210 cervicem
952 1168 1090 1224 pictor
1111 1168 1309 1225 equinam

294 1294 302 1306 ι
316 1236 345 1279 J
347 1252 505 1295 ungere
526 1237 562 1278 si
581 1237 694 1289 velit,
717 1246 760 1280 et
779 1238 915 1279 varias
936 1238 1137 1280 inducere
1157 1239 1322 1300 plpmas

381 1367 545 1398 Emsmom
563 1367 617 1398 An
635 1366 783 1399 P1sonns.

247 1453 280 1484 Si
295 1453 366 1495 quis
381 1453 430 1485 vel
445 1454 553 1485 leviter
566 1460 598 1485 et
619 1453 750 1485 strictim
773 1459 897 1485 tantum
920 1461 967 1486 at-

193 1496 319 1539 tingere
340 1504 372 1528 et
392 1505 531 1537 repetere
553 1498 637 1534 velit,
660 1508 733 1539 quae
754 1508 849 1537 super
869 1498 966 1538 hujus

197 1539 352 1581 Epistolae
365 1541 506 1580 consilio,
521 1539 725 1580 dispositione
739 1547 771 1572 et
782 1542 966 1572 tractatione

189 1583 343 1624 judicata,
359 1585 476 1626 agitata
490 1590 522 1615 et
546 1584 704 1624 disputata
727 1591 812 1622 sunt,
836 1585 866 1616 ei
891 1595 964 1624 pro-

193 1628 279 1658 fecto
307 1627 476 1669 singularis
504 1635 536 1659 et
564 1628 694 1668 quidem
722 1627 809 1659 baud
838 1628 964 1669 exiguae

192 1669 288 1702 molis
315 1671 395 1702 liber
422 1671 605 1702 scribendus
633 1672 691 1709 εἰη
718 1671 803 1712 quod
833 1671 963 1712 quidem

186 1714 256 1756 jam
271 1725 311 1745 ex
325 1714 374 1753 iis,
390 1725 463 1756 quae
484 1714 518 1745 in
543 1714 632 1746 Edit.
658 1716 866 1758 Haberseldtii
888 1716 963 1746 huic

191 1758 325 1788 carmini
359 1758 520 1798 praemissa
554 1764 639 1796 sunt,
675 1758 811 1800 intelligi
851 1765 963 1798 potest.

188 1799 330 1838 Scilicet,
357 1812 432 1832 cum
456 1802 515 1832 hoc
546 1811 672 1832 carmen
697 1803 739 1833 ob
765 1812 812 1851 ea,
835 1812 907 1843 quae
929 1802 962 1832 in

189 1844 248 1875 illo
262 1845 416 1876 docentur
430 1851 461 1876 et
487 1851 683 1883 enarrantur,
709 1845 866 1882 omnium,
889 1855 963 1887 quae

191 1888 268 1919 tulit
281 1888 459 1930 antiquitas,
471 1887 544 1929 jure
557 1888 734 1932 meritoque
748 1895 780 1920 et
802 1888 880 1919 olim
905 1889 961 1919 ha·

189 1931 295 1962 bitum
309 1931 348 1962 sit
363 1938 395 1962 et
409 1942 495 1962 nunc
506 1928 658 1962 habeatur
668 1931 963 1971 praestantissimum

189 1975 485 2016 gravissimumque,
503 1974 598 2005 Viros
615 1975 738 2006 Docms
751 1975 792 2006 ad
809 1975 891 2006 illud
913 1975 961 2006 di-

185 2018 407 2060 judicandum,
422 2024 506 2049 recte
521 2018 743 2049 aestimandum
757 2024 791 2049 et
804 2017 844 2049 ad
865 2025 964 2049 certas

189 2062 338 2093 adhibitae
365 2061 440 2093 artis
465 2061 552 2103 leges
580 2061 775 2103 exigendum
799 2061 964 2093 ambitiose

189 2106 394 2143 concurrisse,
411 2115 477 2135 non
491 2111 547 2142 est,
563 2106 649 2146 quod
663 2105 825 2135 miremur.
869 2105 961 2136 Hinc

187 2149 359 2189 repetenda
373 2155 420 2180 est
434 2148 568 2179 latarum
585 2148 626 2179 de
647 2147 707 2179 hoc
729 2148 869 2179 carmine
890 2159 961 2180 sen-

190 2192 363 2223 tentiarum
385 2191 555 2235 diversitas.
568 2191 699 2224 —Jam
720 2191 798 2233 'quid
821 2191 901 2222 mihi
923 2191 963 2223 de

190 2236 331 2271 consilio,
348 2246 412 2277 quo
429 2236 586 2267 Horatius
599 2235 660 2266 hoc
682 2245 810 2266 carmen
833 2236 965 2275 scripse-

188 2280 242 2317 rit,
287 2279 440 2318 videatur,
477 2278 600 2320 paucis,
626 2278 828 2319 complectar.
877 2278 964 2310 Cum

187 2330 307 2364 magna
334 2329 406 2354 tum
435 2321 586 2362 temporis
614 2322 770 2353 malorum
794 2328 961 2362 poetarum

188 2369 282 2398 turba
296 2377 463 2407 vesparum
477 2375 566 2397 more
580 2365 830 2397 circumvolitare
854 2373 887 2397 et
906 2367 961 2397 ob-

187 2410 269 2441 latos
284 2409 343 2441 sibi
365 2419 508 2451 quosque
530 2416 685 2440 venenato
711 2410 823 2440 aculeo
846 2409 962 2440 laedere

188 2453 239 2484 vel
269 2453 382 2495 quovis
410 2453 474 2484 alio
497 2452 594 2483 modo
618 2453 787 2483 Musarum
810 2454 963 2484 honorem

188 2497 403 2528 contaminare
428 2496 579 2536 coepisset,
609 2495 779 2534 Horatius,
806 2506 871 2526 non
897 2503 963 2527 tam

188 2551 301 2571 eorum
329 2540 421 2577 101115,
449 2540 566 2581 quibus
596 2539 664 2580 jam
694 2539 809 2579 saepius
845 2540 963 2580 petitus

186 2583 303 2621 fuerat,
318 2594 442 2620 curans,
458 2593 554 2624 quam
569 2583 686 2613 timens
701 2584 815 2622 potius,
832 2593 873 2613 ne
891 2594 963 2622 pra-

187 2637 229 2658 vo
243 2628 374 2658 istorum
390 2627 536 2666 exemplo
550 2626 603 2657 alii
618 2636 745 2668 quoque
754 2626 961 2666 depravaren-

188 2677 254 2708 tur,
269 2678 335 2702 tam
351 2670 482 2702 virtutes
495 2669 536 2701 ad
559 2679 688 2710 poeseos
715 2669 856 2700 studium
882 2670 959 2700 affe·

187 2716 302 2745 tendas
327 2714 509 2750 describere,
539 2723 655 2754 easque
680 2712 752 2748 illis,
778 2713 835 2753 qui
859 2720 961 2753 poetae

187 2758 319 2789 nomine
341 2769 374 2789 se
396 2757 511 2799 dignos
532 2762 678 2797 praestare
701 2762 862 2796 cuperent,
886 2767 958 2796 pro-

186 2801 306 2840 pinare,
323 2812 419 2842 quam
434 2801 509 2832 vitia
523 2806 555 2832 et
569 2810 688 2831 errores
706 2799 807 2840 poetis
832 2799 958 2841 fugien-

187 2844 245 2875 dos
275 2851 348 2876 ante
377 2845 487 2876 oculos
519 2853 636 2884 ponere
672 2843 783 2875 voluit.
843 2843 960 2875 Noluit

187 2895 295 2918 autem
311 2894 476 2928 praecepta,
492 2898 564 2929 quae
578 2887 620 2919 de
633 2896 762 2927 poeseos
776 2892 808 2917 et
829 2886 868 2917 de
891 2897 960 2917 om-

187 2930 237 2960 nis
252 2931 404 2963 doctrinae
419 2932 525 2963 studio
539 2931 672 2962 daturus
685 2936 762 2968 erat,
776 2929 817 2961 ad
838 2936 960 2962 certum

187 2973 332 3007 ordinem
361 2975 487 3009 redacta
528 2975 705 3008 accuratius
747 2973 894 3007 subtilius
930 2980 962 3006 et

1012 1367 1134 1398 doctius
1147 1378 1313 1408 exponere,
1330 1367 1378 1399 vel
1393 1366 1536 1400 libellum
1557 1370 1634 1400 arcis
1651 1369 1780 1410 poeticae

1010 1410 1105 1441 titulo
1119 1411 1306 1453 insignitum
1321 1412 1462 1448 scribere,
1478 1411 1546 1451 sed,
1564 1413 1716 1453 quaesibi
1737 1413 1779 1444 de

1011 1454 1181 1485 virtutibus
1209 1462 1241 1485 et
1270 1454 1352 1485 vitiis
1388 1465 1516 1495 poeseos
1551 1463 1777 1492 succurrerent,

1008 1499 1074 1529 sine
1095 1504 1172 1533 arte,
1196 1498 1229 1528 h.
1253 1508 1281 1528 e.
1309 1498 1397 1529 haud
1417 1498 1457 1529 ad
1486 1505 1604 1530 certam
1633 1508 1778 1530 normam

1007 1547 1125 1578 exacta,
1140 1541 1174 1571 in
1189 1541 1320 1581 epistola
1335 1552 1409 1572 cum
1424 1542 1526 1573 amico
1539 1541 1676 1583 quodam
1689 1552 1777 1573 com-

1007 1584 1180 1615 municare.
1229 1585 1284 1615 Ad
1299 1584 1467 1616 familiares
1484 1583 1611 1616 Horatii
1633 1587 1676 1617 L.
1707 1587 1778 1618 Cal-

1001 1629 1161 1669 pur-‘nium
1191 1630 1348 1664 Pisonem,
1387 1638 1426 1659 ex
1458 1628 1652 1660 nobilissima
1680 1636 1776 1670 gente

1005 1677 1122 1708 ortum,
1150 1670 1359 1711 pertinuisse,⁴
1378 1672 1507 1703 ex'hac
1533 1671 1603 1712 ipsa
1630 1671 1671 1703 ad
1700 1683 1776 1703 eum

1005 1715 1119 1754 scripta
1134 1715 1279 1754 Epistola
1293 1721 1388 1754 patet.
1434 1714 1510 1747 Jam
1534 1725 1608 1746 vero
1632 1726 1707 1746 cum
1729 1717 1772 1748 L.

1009 1759 1095 1799 Calp.
1115 1759 1188 1790 Piso
1204 1768 1270 1789 non
1283 1758 1350 1798 ipse
1363 1758 1470 1789 solum
1483 1768 1614 1798 poeseos
1628 1765 1660 1790 et
1679 1760 1777 1790 boua-

1005 1812 1079 1832 rum
1107 1801 1284 1832 litterarum
1312 1811 1422 1832 amans
1443 1807 1476 1832 et
1500 1800 1660 1832 studiosus
1684 1809 1776 1840 esset,

1006 1844 1061 1875 sed
1087 1846 1181 1875 etiam
1209 1844 1267 1875 filii
1290 1851 1369 1876 natu
1393 1845 1521 1886 majoris
1544 1845 1640 1887 (duos
1668 1845 1778 1876 babuit

1004 1887 1096 1925 filios,
1113 1888 1229 1929 quibus
1243 1888 1338 1919 simul
1353 1888 1456 1919 dicata
1469 1895 1517 1919 est
1530 1889 1598 1919 haec
1616 1888 1775 1930 epistola)

1005 1931 1110 1982 studia
1138 1932 1260 1971 poetica
1288 1931 1524 1970 modeim-etun
1550 1934 1595 1974 (v.
1623 1931 1699 1963 366.
1749 1934 1777 1965 0

1005 1987 1474 2060 Ἠξωέἕέῖιᾞᾝζιὲἴῖῗὲἴ,
1487 1981 1523 2050 εἴ
1535 1987 1625 2060 2223,
1642 1982 1778 2051 ἵῖἒᾝέ

1007 2064 1127 2093 dictum
1148 2063 1232 2093 Tolle
1245 2061 1379 2101 memor)
1390 2078 1402 2099 ;
1426 2072 1531 2100 causa,
1546 2062 1777 2094 curHoratius

1007 2105 1178 2136 Pisonibus
1191 2105 1389 2145 potissimum
1409 2111 1564 2146 praecepta
1585 2105 1626 2137 ad
1646 2116 1777 2146 poeseos

1005 2148 1148 2179 studium
1163 2148 1336 2189 spectantia
1348 2148 1509 2189 impertire
1530 2149 1673 2186 voluerit,
1700 2150 1775 2180 satis

1006 2198 1145 2232 apparet.
1193 2193 1336 2223 Fortasse
1349 2198 1457 2223 autem
1473 2193 1557 2224 Hor.
1574 2192 1624 2223 his
1637 2202 1776 2232 praecep-

1007 2235 1047 2266 tis
1063 2235 1220 2275 praecipue
1234 2235 1301 2267 filio
1319 2235 1444 2267 Pisonis
1455 2239 1535 2267 natu
1549 2234 1674 2276 majora
1686 2246 1726 2266 ne
1747 2235 1776 2266 is

1006 2289 1088 2310 vano
1099 2278 1256 2310 malorum
1267 2286 1431 2320 poetarum
1442 2278 1574 2320 strepitu
1585 2279 1617 2309 in
1627 2278 1775 2310 fraudem

1004 2333 1038 2354 se
1060 2321 1170 2353 induci
1190 2329 1357 2362 pateretur,
1381 2328 1511 2354 cautum
1533 2322 1600 2353 ivit.
1613 2340 1657 2347 —
1671 2323 1775 2354 Caete-

1004 2376 1078 2397 rum
1092 2365 1196 2397 eidem
1213 2366 1253 2397 L.
1275 2367 1356 2406 Calp
1358 2366 1450 2397 umio
1466 2361 1587 2402 Pisoni,
1603 2372 1642 2396 ut
1665 2372 1775 2407 poeta-

1005 2419 1078 2440 rum
1106 2409 1233 2447 fautori,
1264 2409 1385 2452 aliquot
1414 2408 1478 2449 Epi
1570 2414 1654 2440 mata
1689 2409 1775 2441 misit

1009 2453 1188 2493 Antipater,
1203 2460 1296 2492 poeta
1315 2452 1610 2490 Thessalonicensis,
1637 2453 1772 2484 Anthol.

1010 2496 1113 2528 Graec.
1133 2496 1226 2527 Tom.
1249 2496 1298 2527 11.
1317 2507 1349 2536 p.
1367 2494 1421 2527 97.
1439 2506 1529 2526 num.
1551 2495 1585 2526 X
1597 2506 1680 2537 seqq.
1695 2496 1770 2528 edit.

1006 2541 1126 2573 Jacobs.
1148 2558 1193 2565 —
1219 2540 1457 2581 Argumentum
1486 2539 1583 2581 hujus
1620 2539 1776 2580 Epistola

1005 2584 1072 2624 ipse
1089 2583 1246 2614 Horatius
1259 2583 1422 2614 constituit
1436 2582 1485 2613 his
1508 2583 1608 2614 tribus
1633 2582 1775 2615 versibus

1006 2628 1050 2669 (v.
1083 2626 1285 2666 306—308.)
1330 2628 1456 2658 Munus
1491 2632 1533 2658 ει4
1549 2627 1697 2669 qffi'cium,
1725 2629 1775 2659 m‘l

1004 2672 1138 2703 scribens
1152 2672 1227 2711 ipse,
1244 2671 1350 2702 docebo
1362 2683 1390 2701 .·-
1407 2671 1499 2702 Unde
1515 2676 1672 2711 paremur
1691 2682 1771 2711 opes,

1004 2716 1082 2755 quid
1111 2716 1178 2745 alat
1191 2715 1363 2758 firmetque
1382 2719 1516 2754 poetam,
1547 2715 1630 2749 Quid
1654 2715 1770 2754 deceat,

1004 2759 1081 2799 quid
1108 2769 1184 2794 non,
1208 2769 1269 2798 quo
1295 2759 1404 2794 virtus,
1430 2769 1490 2798 quo
1505 2757 1596 2798 serat
1619 2769 1772 2789 error.—

1008 2802 1109 2832 Recte
1123 2801 1228 2842 igitur,
1245 2805 1334 2839 puto,
1350 2799 1414 2831 dici
1428 2807 1530 2841 potest
1542 2801 1610 2831 haec
1627 2800 1772 2841 Epistola

1002 2845 1300 2876 didacum-satirica.
1361 2844 1404 2875 In
1447 2844 1618 2876 scribendis
1663 2850 1772 2875 autem

1003 2887 1141 2927 epistolis
1155 2897 1220 2917 non
1233 2893 1355 2918 'certum
1371 2886 1531 2928 quendam
1556 2887 1706 2919 ordinem'
1722 2898 1772 2919 se-

1003 2931 1070 2972 qui,
1085 2930 1150 2968 sed,
1165 2940 1237 2972 quae
1251 2937 1448 2968 succurrunt,
1472 2931 1601 2963 liberius
1625 2937 1658 2962 et
1679 2930 1768 2962 incu-

1004 2975 1115 3007 riosius
1129 2973 1244 3007 addere
1259 2981 1290 3006 et
1304 2974 1386 3008 inter
1407 2985 1440 3007 se
1459 2974 1596 3018 jungere
1620 2975 1767 3007 solemus.
