1904 3250
262 141 346 179 562

890 139 1194 182 HORATII

379 265 573 307 Intererit
596 265 753 322 Satyris
774 263 946 320 paulum
966 264 1214 320 pudibunda
1232 267 1449 322 protervis.

378 334 475 376 Non
497 350 576 392 ego
595 335 788 375 inornata
807 342 849 375 et
868 333 1127 376 dominantia
1146 335 1317 377 nomina
1337 337 1485 387 solum,

263 408 347 447 235
379 406 615 462 Verbaque,
641 405 829 457 Pisones,
855 406 1103 463 Satyrorum
1123 406 1302 463 scriptor
1321 409 1485 459 amabo,

380 478 470 519 Nec
492 478 550 519 sic
571 478 705 519 enitar
725 479 886 536 tragico
906 478 1076 521 differre
1096 478 1241 529 colori,

379 547 442 589 Ut
461 547 565 588 nihil
585 545 761 599 intersit,
785 547 988 591 Davusne
1007 549 1205 606 loquatur
1225 556 1268 590 et
1286 548 1425 591 audax

379 615 566 672 Pythias,
589 625 787 659 emuncto
807 617 968 660 lucrata
991 619 1160 660 Simone
1180 617 1398 669 talentum,

378 688 449 729 An
470 697 608 730 custos
628 688 891 746 famulusque
911 690 980 732 dei
1004 690 1168 733 Silenus
1190 690 1361 732 alumni.

261 764 344 802 240
377 760 447 802 Ex
467 770 568 803 noto
588 761 734 804 fictum
754 778 923 805 carmen
945 779 1110 821 sequar,
1132 770 1180 805 ut
1201 763 1279 805 sibi
1301 763 1434 819 quivis

380 834 529 890 Speret
549 834 673 886 idem,
697 836 820 878 sudet
838 835 1018 878 multum
1038 837 1276 893 frustraque
1295 835 1462 877 laboret
1480 842 1482 845 ’

379 905 521 947 Ausus
541 906 651 948 idem
669 923 679 948 :
711 916 874 950 tantum
896 910 1021 951 series
1037 910 1318 966 juncturaque
1338 907 1470 964 pollet
1488 906 1498 950 !

379 977 565 1020 Tantum
586 979 639 1020 de
659 979 799 1021 medio
820 982 966 1023 sumtis
987 981 1150 1023 accedit
1168 980 1340 1022 honoris
1357 979 1367 1023 !

304 1132 333 1152 v.
350 1120 529 1154 126—130.
554 1130 670 1155 vertere
684 1126 761 1155 seria
783 1127 865 1163 ludo,
888 1125 967 1156 seria
991 1126 1025 1156 in
1067 1136 1138 1166 quae
1166 1126 1207 1156 ob
1236 1134 1437 1156 communem
1467 1133 1577 1156 eorum
1607 1123 1693 1165 apud
1721 1133 1831 1157 omnes

263 1164 376 1196 ludum
392 1173 520 1204 vertere,
536 1167 736 1198 commiscere
750 1169 830 1200 seria
847 1179 921 1200 cum
936 1169 1022 1200 ludo.
1068 1179 1160 1199 usum
1177 1174 1222 1199 est
1236 1167 1324 1209 quasi
1339 1167 1522 1206 dominatio,
1539 1167 1690 1210 vulgaria.

261 1226 306 1233 —
326 1211 424 1241 nubes
451 1217 481 1242 et
510 1213 617 1242 inania
647 1218 756 1252 captet,
771 1229 815 1238 —-·
829 1219 856 1244 et
883 1213 950 1254 jam
980 1219 1026 1244 εισι

262 1253 416 1292 particula
437 1253 621 1293 explicativa
646 1265 720 1293 pro:
748 1255 875 1294 scilicet,
899 1256 931 1286 id
957 1263 1023 1294 est3

264 1346 310 1370 tat
326 1342 434 1375 nubes.
450 1347 553 1379 captat
568 1341 681 1372 inania.

305 1394 334 1414 v.
367 1383 551 1416 231-233.
576 1386 716 1429 Effulire
744 1388 818 1417 leves
847 1393 935 1425 ceth,
963 1397 1028 1417 non

264 1426 355 1458 decet
369 1428 553 1469 tragoediam
568 1439 649 1468 saepe
671 1435 703 1460 et
723 1429 812 1470 larga
832 1430 922 1468 copia
948 1430 1028 1460 effu-

263 1471 322 1502 tire
337 1472 460 1502 levioris
474 1472 652 1512 argumenti
674 1483 789 1509 versus,
812 1472 867 1503 sed
888 1483 925 1503 ea
949 1484 1026 1512 pau-

264 1515 332 1545 lum
355 1516 540 1554 pudibunda
560 1525 630 1546 raro
654 1522 778 1547 tantum
805 1516 886 1546 inter
911 1523 1029 1556 satyros

264 1559 445 1594 versabitur,
468 1560 499 1589 h.
519 1569 546 1590 e.
573 1569 642 1589 raro
658 1558 803 1590 admittet
817 1567 927 1602 satyrae
941 1560 1030 1591 lasci-

263 1601 359 1639 viam,
374 1602 465 1632 sicuti
481 1609 623 1633 matrona
647 1602 734 1633 festis
758 1602 869 1633 diebus
894 1608 1028 1639 tantum,

264 1645 296 1676 h.
315 1655 343 1676 e.
357 1655 426 1676 raro
447 1646 546 1676 saltat.
592 1645 782 1676 Suavissima
803 1652 849 1677 est
874 1647 941 1677 haec
970 1653 1031 1677 tra-

264 1688 378 1729 goediae
399 1699 522 1727 severae,
546 1690 660 1729 passim
681 1696 803 1720 tantum
826 1696 937 1730 satyrae
958 1700 1029 1730 pro-

264 1731 398 1762 tervitati
421 1732 526 1763 locum
556 1732 768 1773 relinquentis,
792 1743 865 1763 cum
888 1740 1033 1764 matrona

265 1775 377 1806 diebus
390 1775 476 1806 festis
491 1775 614 1807 tantum
631 1776 762 1806 saltante
776 1775 967 1815 comparatio
980 1777 986 1808 !

309 1830 337 1850 v.
357 1817 432 1850 231.
458 1821 607 1862 Effudre,
624 1819 664 1850 de
687 1819 824 1850 versibus
842 1819 1031 1850 inconsider-

268 1862 374 1894 antius
395 1870 427 1893 et
447 1862 581 1904 largiore
604 1862 694 1902 copia
722 1862 878 1902 profusis;
987 1865 1036 1894 in-

266 1908 362 1947 digna
392 1905 515 1947 effutire
545 1907 612 1948 (οὑκ
642 1907 709 1944 ἄξια
741 1905 905 1946 ἑκλαλεῖν),
925 1906 1037 1937 Graece

269 1959 342 1989 pro:
370 1960 435 1980 non
459 1949 564 1990 digna,
592 1959 663 1989 quae
689 1948 821 1986 effutiat,
844 1950 876 1979 h.
895 1959 922 1979 e.
940 1960 1036 1991 quam

269 2003 333 2023 non
348 1993 438 2023 decet
451 1992 594 2030 effutire;
618 1993 692 2033 quia
714 1993 772 2023 hoc
787 1991 870 2023 infra
884 1993 952 2034 ejus
966 1993 1036 2034 dig-

269 2036 400 2067 nitatem
429 2042 478 2066 est
505 2036 652 2076 positum.
717 2036 824 2072 Quem
854 2046 918 2066 non
948 2036 1037 2067 decet

270 2079 389 2120 aliquid
417 2081 530 2116 facere,
554 2079 603 2110 vel
629 2079 684 2120 qui
713 2089 776 2109 non
807 2079 899 2110 debet
920 2079 1039 2120 aliquid

269 2124 381 2161 facere,
398 2124 423 2153 is
443 2125 602 2163 indignus,
625 2125 680 2163 qui
709 2124 742 2153 id
754 2124 871 2165 saciat,
902 2122 1037 2161 dicitur3

270 2178 365 2207 supra
381 2167 484 2206 Epist.
505 2166 532 2197 Ι.
547 2166 577 2197 3.
596 2165 649 2197 35.
670 2167 792 2207 indigni
809 2167 878 2208 (vos
892 2166 1037 2207 dedecet)

259 2212 450 2254 fraternum
470 2211 736 2252 rumperesoedus.
786 2209 953 2240 Terentius
968 2210 1038 2240 Eu-

273 2255 369 2285 nucli.
397 2254 437 2284 V.
457 2253 487 2284 2.
506 2252 559 2284 26.
608 2255 696 2284 Nam
719 2254 746 2284 si
773 2265 825 2294 ego
847 2255 949 2294 ,digna
980 2255 1038 2285 hac

273 2299 460 2330 contumelia
483 2308 554 2329 sum
582 2298 724 2334 menime,
755 2303 789 2327 at
814 2303 850 2328 tu
879 2298 1037 2337 indiguus,

273 2343 328 2382 qui
330 2336 468 2384 faceres,
483 2347 601 2372 tamen.
690 2342 776 2377 leves,
792 2340 949 2380 satyricos.

317 2396 344 2415 v.
361 2383 435 2416 232.
461 2386 583 2421 moveri,
606 2383 738 2422 saltare;
763 2383 824 2414 vid.
850 2383 946 2424 paulo
966 2389 1039 2414 ante

274 2428 315 2460 ad
331 2439 358 2459 v.
373 2427 447 2459 214.

319 2483 347 2502 v.
366 2471 440 2503 233.
467 2471 612 2502 Intererz't
627 2471 745 2511 Satyris
756 2486 767 2507 ;
792 2480 867 2507 non,
884 2476 920 2501 ut
937 2472 1037 2502 Lam-

276 2517 369 2547 binus
383 2523 424 2553 et,
440 2515 494 2556 qui
510 2524 583 2544 eum
605 2514 702 2544 secuti
726 2520 809 2549 sunt,
833 2514 914 2543 male
940 2513 1038 2553 expli-

277 2566 368 2590 cant:
397 2563 419 2579 ‘⁴
431 2560 550 2601 dfferet
567 2558 735 2598 paululum
752 2568 771 2587 a
788 2556 940 2598 Satyris,'’
955 2557 1009 2587 sed
1025 2570 1034 2589 z

276 2602 502 2634 immiscebitur
518 2601 643 2641 Satyris.

321 2657 349 2677 V.
368 2643 550 2677 234—'239.
578 2646 652 2676 Non
674 2655 727 2683 ego
753 2649 824 2674 cett.
866 2643 939 2674 Jam
966 2643 1039 2674 Ho-

279 2691 386 2728 ratius,
409 2697 572 2731 postquam
595 2693 728 2728 satyram
743 2686 775 2716 in
791 2686 942 2727 tragoedia
963 2697 1041 2727 quo-

279 2745 343 2776 que
370 2734 476 2764 locum
506 2731 597 2763 certis
625 2729 739 2760 finibus
773 2729 1042 2769 circumscriptum

280 2779 393 2808 babere
407 2775 522 2811 docuit,
536 2775 602 2815 ipse
623 2774 691 2811 sibi,
715 2779 752 2804 ut
776 2779 876 2812 poetae
899 2773 1041 2814 satyrico,

281 2820 493 2862 exsequendas
507 2825 609 2860 partes
629 2817 772 2858 proponit
796 2823 889 2856 atque
914 2816 1042 2846 deman.

282 2865 344 2895 dat.
434 2866 589 2900 inm-nata,
610 2860 744 2901 propria,
767 2869 831 2890 non
853 2859 1043 2900 elegantiore

282 2907 509 2950 significatione
525 2911 669 2946 usurpata
683 2916 693 2943 ;
733 2905 935 2939 dominantia,
948 2913 1042 2943 penes

1112 1223 1140 1243 v.
1166 1211 1240 1243 235.
1268 1214 1450 1253 Satyrorum
1471 1213 1609 1253 scriptor,
1635 1222 1712 1254 ergo
1738 1214 1834 1253 satyri

1068 1255 1100 1285 in
1115 1255 1372 1286 antecedentibus
1385 1261 1491 1295 aperte
1505 1265 1562 1295 pro
1583 1255 1721 1286 versibus
1745 1255 1834 1296 Saty—

264 1296 320 1336 (cf.
338 1307 433 1337 supra
455 1297 495 1328 ad
520 1298 583 1330 Od.
605 1298 630 1328 1.
650 1297 681 1329 2.
703 1297 772 1339 16.)
789 1310 862 1330 nam
877 1299 932 1341 qui
953 1311 1026 1340 cap·
1068 1299 1141 1330 ricis
1155 1299 1247 1340 positi
1262 1305 1345 1329 sunt.

1408 1300 1527 1337 amabo,
1543 1298 1735 1338 amplectar-3
1757 1309 1831 1339 sup-

1071 1341 1141 1382 ple:
1168 1342 1222 1373 sed
1248 1342 1342 1373 etiam
1371 1341 1526 1373 ornatiora
1555 1341 1776 1385 (elegantiora)
1804 1347 1835 1373 et

1071 1386 1177 1416 minus
1191 1385 1342 1427 vulgaria.

1114 1440 1142 1460 v.
1157 1428 1338 1460 236-239.
1366 1431 1436 1460 Νεσ
1462 1431 1505 1461 sic
1525 1430 1627 1460 enitar
1646 1435 1718 1460 cett.
1766 1428 1835 1459 Nec

1071 1482 1132 1513 ego
1146 1484 1164 1503 a
1178 1472 1359 1504 sublimiore
1372 1471 1522 1514 loquendi
1536 1482 1650 1514 genere
1664 1471 1782 1513 tragico
1796 1471 1836 1502 ad

1072 1526 1141 1546 eam
1156 1517 1189 1546 in
1204 1515 1409 1553 sermonibus,
1425 1526 1504 1556 quos
1519 1525 1682 1555 compono,
1699 1514 1838 1556 satyricis

1074 1559 1224 1599 loquendi
1251 1558 1461 1590 humilitatem
1497 1558 1694 1596 descendam,
1731 1566 1768 1589 ut
1802 1558 1838 1588 in

1075 1603 1165 1633 nullo
1179 1603 1272 1642 plane
1286 1612 1401 1641 ponam
1417 1602 1604 1639 discrimine,
1625 1609 1735 1632 utrum
1757 1601 1838 1632 iufe-

1075 1645 1164 1677 rioris
1199 1645 1388 1677 conditionis
1427 1655 1534 1677 servus
1559 1644 1609 1676 vel
1637 1644 1760 1683 ancilla,
1797 1654 1838 1676 an

1079 1689 1197 1720 Bacchi
1211 1696 1316 1720 custos
1335 1688 1546 1731 famulusque,
1571 1687 1705 1725 silenus,
1728 1687 1838 1730 loqua-

1075 1738 1136 1763 tur.
1226 1733 1341 1772 tragico
1363 1733 1489 1776 dgfferre
1510 1733 1610 1768 colovi,
1624 1748 1670 1758 —-
1683 1733 1762 1763 color
1776 1738 1840 1763 tra-

1074 1777 1173 1815 gicus,
1196 1775 1319 1806 indoles
1343 1775 1494 1817 loquendi
1515 1775 1649 1816 generis,
1662 1785 1727 1816 quo
1743 1781 1839 1806 utun·

1077 1826 1129 1849 tur
1143 1826 1243 1858 poetae
1258 1818 1381 1859 tragici,
1396 1819 1495 1850 oratio
1517 1817 1635 1849 scilicet
1655 1817 1838 1858 sublimior3

1079 1864 1206 1906 ἀχθὲν-νε
1234 1864 1328 1894 alicui
1347 1863 1403 1898 rei,
1425 1872 1483 1902 pro
1503 1860 1646 1902 vulgari:
1671 1863 1711 1893 ab
1738 1861 1842 1903 aliqua

1078 1915 1123 1943 re,
1139 1913 1176 1936 ut
1191 1916 1285 1946 supra
1301 1906 1364 1936 Sat.
1385 1906 1414 1937 1.
1432 1904 1464 1936 4.
1483 1903 1536 1937 48.
1564 1904 1668 1944 Epist.
1687 1905 1716 1936 1.
1737 1903 1787 1936 18.
1805 1904 1836 1936 4.

1079 1951 1290 2024 fiz‘zssg‘ff
1306 1950 1785 2032 ggffgrferggvffseſjffgrgggmmogg
1799 1967 1843 2025 ὀἵ

1080 2046 1174 2076 supra
1187 2036 1227 2067 ad
1243 2046 1271 2066 v.
1311 2035 1360 2067 14«.

1125 2090 1153 2110 v.
1167 2078 1242 2111 238.
1269 2081 1410 2122 Pythias,
1426 2079 1548 2116 ancilla,
1564 2085 1602 2111 ut
1614 2080 1755 2111 observat
1775 2081 1840 2110 Vel.

1083 2125 1179 2154 Schol.
1199 2126 1296 2165 Cruq.
1316 2123 1400 2162 apud
1416 2123 1590 2155 Lucilium.
1644 2125 1734 2159 Sim,
1750 2124 1842 2159 Simo,

1082 2166 1149 2197 heri
1163 2166 1212 2197 vel
1228 2166 1348 2197 domini
1369 2177 1434 2197 nou
1455 2167 1540 2207 apud
1566 2165 1750 2198 Terentium
1775 2171 1843 2196 tan-

1081 2216 1161 2247 tum,
1178 2209 1234 2240 sed
1248 2211 1353 2247 etiam,
1369 2216 1407 2241 ut
1427 2209 1559 2247 videtur,
1573 2205 1659 2250 apud
1681 2208 1842 2239 Lucilium

1082 2264 1208 2284 nomen.
1235 2270 1237 2272 ·
1297 2260 1450 2291 emuncto,
1472 2252 1584 2284 callide
1606 2252 1840 2290 circumvent03

1082 2297 1200 2328 locutio
1214 2294 1333 2329 comica
1346 2297 1430 2337 apud
1447 2297 1598 2328 Plautum
1612 2301 1644 2326 et
1659 2295 1844 2326 Terentium

1082 2351 1245 2380 emungere
1284 2343 1427 2382 aliquem,
1457 2350 1528 2380 pro:
1567 2337 1680 2370 callido
1714 2338 1842 2370 invento

1082 2383 1227 2415 fraudare
1241 2383 1377 2425 aliquem
1392 2383 1534 2424 pecunia.
1550 2381 1696 2423 explicari
1715 2382 1844 2413 fortasse

1083 2433 1184 2467 potest
1209 2427 1269 2457 sic:
1295 2437 1389 2467 supra
1414 2427 1477 2458 Sat.
1507 2426 1536 2458 1.
1565 2424 1595 2456 4.
1621 2424 1652 2457 8.
1700 2425 1845 2456 Lucilius

1083 2470 1198 2501 dicitur
1226 2471 1321 2501 homo
1348 2476 1501 2502 emuncta
1529 2470 1626 2506 naris,
1649 2469 1679 2499 h.
1697 2479 1725 2500 e.
1748 2469 1844 2500 homo

1083 2520 1203 2551 acutus,
1215 2513 1285 2544 vide
1299 2514 1342 2544 ibi
1356 2520 1434 2551 not-,-
1450 2525 1614 2554 emungere
1627 2514 1760 2554 aliquem
1775 2519 1839 2544 est:

1082 2567 1171 2588 nares
1193 2557 1326 2597 alicujus
1353 2568 1527 2598 emungere,
1553 2556 1700 2588 translate
1723 2555 1838 2597 igitur:

1081 2599 1192 2631 fraude
1206 2606 1238 2630 et
1250 2599 1367 2630 damno
1380 2600 1508 2631 reddere
1521 2599 1657 2642 aliquem
1671 2600 1841 2630 acutiorem

1082 2650 1114 2674 et
1127 2643 1438 2684 circumspectiorem.

1129 2697 1157 2717 v.
1176 2685 1250 2717 239.
1276 2688 1407 2725 Silenus,
1433 2686 1551 2718 Bacchi
1571 2686 1771 2729 paedagogus»,
1786 2685 1841 2717 ad·

1085 2730 1236 2767 minister,
1251 2729 1330 2761 etin
1351 2730 1419 2772 ejus
1439 2730 1603 2762 itineribus
1626 2732 1714 2762 asino
1737 2738 1843 2761 vectus

1085 2783 1206 2811 comes3
1230 2773 1323 2814 longe
1351 2773 1448 2814 igitur
1475 2773 1599 2806 Silenus
1623 2776 1663 2806 ab
1691 2772 1844 2804 inferioris

1085 2816 1270 2847 conditionis
1284 2826 1371 2847 servo
1385 2817 1498 2848 differt.
1830 2824 1832 2826 ’

1127 2870 1155 2890 ν.
1172 2857 1354 2891 240-243.
1379 2862 1431 2892 Ex
1444 2867 1513 2893 noto
1523 2863 1642 2904 fictum
1656 2872 1784 2893 carmen
1796 2871 1843 2892 se-

1084 2915 1165 2945 quar
1185 2910 1271 2941 cett,
1287 2905 1429 2977 verlstlnbor
1449 2904 1586 2946 quidem,
1612 2914 1686 2936 cum
1708 2911 1841 2945 satyram
