1904 3250
222 163 308 201 390

857 162 1161 206 HORATII

1590 167 1719 215 '[1.113.·
1731 176 1783 205 11.

344 287 488 339 Filius,
511 297 584 330 aut
604 289 729 330 etiam
749 288 843 330 haec
862 288 1037 330 libertus
1058 296 1105 330 ut
1124 289 1264 332 ebibat
1283 289 1432 340 haeres,

339 359 421 402 Dis
442 361 607 402 inimice
628 375 770 410 seneX,
793 358 1012 402 custodis?
1039 375 1093 402 ne
1112 361 1188 403 tibi
1207 361 1347 404 desit?

240 455 255 472 0
339 432 602 482 Quantulum
623 432 736 472 enim
756 447 931 474 summae
951 432 1133 474 curtabit
1152 434 1326 491 quisque
1345 435 1521 484 dierum,

226 507 305 545 125
340 504 543 561 Unguere
563 504 598 544 si
619 504 758 546 caules
779 504 874 546 oleo
892 505 1078 556 meliore,
1100 513 1308 562 caputque

339 576 531 631 Coeperis
551 576 720 632 impexa
738 576 899 619 foedum
919 578 1132 636 porrigine
1147 576 1168 619 ’Β
1226 576 1384 628 Quare,

340 647 385 688 Si
405 646 570 702 quidvis
591 647 689 688 satis
711 655 786 699 est,
808 649 1012 704 perjuras,
1034 647 1222 704 surripis,
1244 646 1380 688 aufers

340 714 573 772 Undique?
601 718 690 758 tun'
711 716 869 759 sanus?
901 717 1113 774 Populum
1134 717 1168 759 si
1188 716 1350 759 caedere
1371 717 1483 759 saxis

338 784 520 841 Incipias
542 800 749 838 servosve,
771 794 846 828 tuo
867 802 972 844 quos
993 802 1077 828 aere
1096 786 1272 843 pararis,

225 857 304 895 130
338 854 541 896 Insanum
561 863 602 897 te
623 871 769 898 01111165
788 858 911 913 pueri
930 857 1193 913 clamentque
1212 856 1388 912 puellae:

335 923 446 965 Cum
466 924 618 981 laqueo
638 940 818 968 uxorem
838 926 1055 977 interimis,
1077 934 1336 982 matremque
1356 940 1531 976 venene,

335 996 544 1038 Incolumi
565 999 701 1055 capite
721 998 798 1040 es?
829 999 947 1049 Quid
967 998 1111 1045 enim?
1142 999 1291 1057 Neque
1311 1008 1357 1040 tu
1377 998 1459 1040 hoc
1478 998 1579 1041 facis
1601 998 1741 1057 Argis,

331 1068 423 1111 Nec
443 1068 569 1120 ferro,
592 1078 639 1112 ut
659 1070 831 1113 demens
851 1072 1098 1129 genitricem
1117 1072 1271 1114 occidit
1292 1071 1478 1114 Orestes.

330 1139 400 1181 An
421 1147 467 1181 tu
488 1141 592 1182 reris
613 1156 710 1183 eum
731 1142 869 1183 occisa
889 1143 1089 1184 insanisse
1108 1150 1295 1198 parente,

217 1211 296 1251 135
330 1209 396 1251 Ae
415 1225 502 1251 non
523 1218 619 1253 ante
639 1211 759 1253 malis
780 1212 1016 1254 dementem
1037 1220 1176 1253 actum
1200 1211 1349 1262 Furiis,
1372 1226 1495 1267 quam

328 1278 380 1320 In
400 1280 544 1321 matris
559 1281 710 1339 jugulo
731 1281 888 1323 ferrum
908 1281 1103 1338 tepefecit
1122 1290 1291 1323 acutum
1304 1279 1325 1322 Ρ

327 1349 443 1400 Quin
465 1366 519 1392 ex
539 1353 624 1408 quo
644 1342 811 1395 habitus
832 1354 941 1396 male
961 1362 1063 1396 tutae
1084 1354 1233 1395 mentis
1257 1352 1444 1404 Orestes,

326 1421 400 1464 Nil
421 1438 521 1466 sane
540 1423 639 1467 fecit
658 1426 772 1482 quod
793 1435 838 1468 tu
859 1426 1114 1482 reprendere
1134 1426 1293 1482 possis;

249 1535 278 1556 v.
300 1523 372 1556 121.
387 1511 542 1567 jactatur,
558 1527 598 1559 de
612 1527 643 1558 vi
657 1528 769 1566 morbi,
793 1528 848 1570 qui
871 1539 970 1570 aegro-

140 1571 144 1575 '
207 1575 275 1599 tum
298 1568 494 1611 circumagit,
519 1581 578 1602 1166
599 1582 674 1602 611111
696 1572 855 1612 quiescere
876 1572 951 1603 sinit
958 1585 969 1611 ;

206 1618 404 1652 comparatur
432 1616 557 1646 morbus
585 1625 660 1646 cum
689 1621 893 1656 tempestate3
928 1615 972 1646 sic

206 1656 291 1696 apud
309 1656 439 1687 Graecos
454 1658 536 1693 νὸσως
552 1659 753 1700 χειμάζεσθαι.

248 1709 276 1729 v.
299 1698 370 1729 122.
397 1702 494 1733 libert.
513 1708 550 1734 ut
570 1704 644 1734 ebib.
663 1704 768 1739 hoeres,
787 1713 881 1743 supra
905 1702 968 1734 Od.

207 1742 257 1773 11.
278 1741 328 1773 14.
347 1742 401 1774 25.
434 1746 583 1777 Absumet
597 1748 692 1778 haeres
710 1748 840 1779 Caecuba
855 1749 974 1787 dignior

150 1828 152 1831 ἱ
206 1788 329 1818 Servata
345 1793 472 1819 centum
486 1790 631 1821 clavibus.

245 1839 275 1860 v.
292 1829 473 1862 123-126.
497 1831 562 1864 Dis
583 1834 715 1870 inimice,
737 1833 826 1874 quasi
847 1832 907 1873 ipsi
925 1832 970 1864 dii

203 1873 377 1904 irascamur
402 1885 506 1914 avaro,
530 1875 737 1907 exsecrabilis.
827 1879 969 1914 custodis,

202 1916 415 1957 significanter
435 1929 510 1958 pro:
537 1929 663 1958 servas3
687 1930 762 1950 nam
783 1921 869 1951 avari
890 1927 970 1951 tam-

201 1970 296 2000 quam
311 1961 456 1992 custodes
470 1972 596 1993 summa
617 1962 779 2004 vigilantia
800 1963 891 1994 bonis
905 1964 970 1994 suis

201 2003 338 2035 assident
363 2005 412 2035 vel
438 2005 611 2045 incubant3
645 2007 686 2037 cf.
711 2017 741 2037 v.
770 2006 823 2038 51.
848 2019 889 2039 ne
913 2009 969 2039 tibi

199 2049 274 2078 desit
290 2047 307 2077 ?
331 2058 410 2079 eone
431 2050 573 2086 consilio,
596 2060 638 2080 ne
658 2049 735 2091 quid
756 2050 790 2080 in
807 2057 978 2091 postemm'

201 2090 241 2120 ad
257 2091 352 2121 vitam
368 2093 606 2124 sustentandam
627 2094 685 2125 tibi
699 2093 804 2125 desit?
826 2095 910 2125 bono
923 2095 967 2126 sis

200 2134 326 2166 animo!
353 2135 433 2165 nihil
453 2137 510 2167 tibi
531 2136 650 2176 deerit;
673 2147 771 2178 quam
789 2138 969 2178 pauxillum

199 2178 283 2209 enim
309 2177 488 2209 divitiarum
509 2191 643 2211 summae
663 2181 805 2222 quotidie
826 2181 969 2212 decurta-

199 2220 295 2258 bitur,
307 2221 333 2251 si
345 2222 474 2261 coeperis
489 2233 608 2264 ungere
618 2225 724 2255 caules
734 2224 863 2256 meliore
877 2225 965 2263 oleo;

201 2274 277 2305 ergo
291 2274 357 2295 non
374 2265 503 2297 rancido
522 2275 554 2297 et
575 2268 657 2298 111316
677 2268 792 2304 olente,
816 2269 911 2309 quale
930 2268 966 2299 in

203 2307 304 2339 Satira
325 2309 520 2348 praecedente
541 2320 569 2340 v.
588 2310 641 2342 59.
691 2312 869 2342 Avidieuus
890 2322 966 2343 cau·

200 2350 284 2382 libus
298 2351 465 2384 instillasse
477 2351 591 2384 dicitur
605 2366 615 2392 3
668 2357 798 2396 impexa,
813 2365 856 2386 sc.
871 2355 963 2386 crini-

200 2395 269 2432 bus,
285 2394 341 2435 qui
356 2402 483 2435 propter
495 2397 686 2438 porriginem
698 2398 779 2438 pecti
795 2406 967 2439 nequeunt.

242 2449 272 2468 v.
293 2437 365 2470 127.
384 2441 411 2471 si
424 2441 543 2480 quidvis
555 2443 629 2472 satis
642 2449 696 2479 est,
711 2441 738 2472 si
752 2452 801 2472 165
815 2442 919 2473 tenuis
933 2447 966 2472 et

200 2482 325 2513 modica
338 2481 380 2514 ad
393 2483 488 2514 vitam
510 2485 746 2515 sustentandam
768 2485 906 2523 sufficit;
922 2503 967 2509 —

195 2526 349 2566 perjuras,
363 2527 503 2567 ,ἱππ-ἰρίε,
525 2528 638 2569 aufers,
662 2539 703 2559 en
725 2528 809 2559 avari
830 2528 965 2568 descrip-

199 2570 317 2600 tionem
333 2569 513 2610 graviasime
527 2572 626 2601 tribus
640 2571 740 2602 verbis
754 2581 928 2611 expressam
940 2572 946 2603 !

243 2623 270 2643 v.
292 2612 365 2644 130.
385 2625 492 2646 omnes
501 2616 595 2654 pueri
609 2622 637 2646 el
650 2617 774 2655 puellae,
790 2624 867 2654 pro:
893 2625 962 2645 om-

200 2666 256 2686 nes
278 2663 310 2687 et
333 2657 463 2697 singuli,
483 2657 526 2689 ad
546 2668 648 2688 unum
672 2668 792 2696 omnes,
818 2663 855 2688 ut
869 2668 963 2698 supra

201 2699 265 2731 Sat.
285 2701 314 2730 Ι.
336 2699 365 2731 1.
383 2699 436 2731 85.

241 2753 270 2774 v.
301 2742 374 2775 131.
398 2750 601 2786 manentque,
626 2743 757 2775 malim:
783 2751 958 2782 πιαινεηιυε,

199 2792 236 2817 ut
263 2788 360 2819 modo
384 2798 422 2818 v.·
449 2786 521 2819 129.
538 2789 695 2828 populum
722 2799 865 2825 servosve,
895 2798 960 2818 non

197 2830 284 2860 enim
298 2830 414 2862 dixisse
433 2831 557 2863 videtin·
581 2831 663 2862 Hor.
681 2842 806 2863 uxorem
820 2838 853 2861 et
865 2830 960 2862 simul

197 2874 246 2903 vel
262 2874 374 2906 eodem
389 2883 529 2915 tempore
541 2880 685 2912 matrem,
700 2874 755 2905 sed
769 2885 892 2906 uxorem
909 2874 959 2905 vel

196 2923 326 2950 matrem
335 2935 347 2956 ,·
378 2918 419 2950 cf.
448 2918 490 2950 ad
513 2918 577 2950 Sat.
601 2917 733 2958 praeced.
764 2929 791 2949 v.
817 2916 870 2950 84.
901 2918 955 2950 ubi

194 2969 251 2998 pro
266 2963 377 3004 ubique
393 2962 564 3004 legendum
577 2969 624 2994 αἱ
637 2963 732 2996 ubic-e.

1056 1539 1083 1559 v.
1114 1527 1184 1559 132.
1218 1530 1300 1564 Quid
1322 1527 1438 1559 enim?
1460 1535 1517 1557 cur
1541 1524 1626 1556 enim
1648 1534 1712 1555 non
1734 1525 1776 1556 sis

1013 1572 1166 1603 incolumi
1180 1572 1282 1611 capite
1296 1570 1346 1601 vel
1367 1580 1443 1600 sana
1456 1569 1583 1600 mente?
1608 1568 1778 1600 Stertinius

1014 1615 1131 1646 scilieet
1145 1615 1282 1650 simulat,
1305 1625 1338 1645 se
1358 1623 1486 1644 causam
1500 1611 1670 1643 matricidae
1683 1622 1777 1652 agere

1014 1659 1105 1696 velle,
1120 1666 1152 1690 et
1165 1659 1210 1689 516
1231 1668 1307 1689 611111
1327 1656 1469 1687 irrisione
1488 1666 1545 1696 per
1563 1657 1639 1696 quid
1659 1657 1772 1687 enim?

1015 1702 1169 1739 concedit,
1191 1701 1276 1742 quod
1297 1711 1355 1741 pro
1376 1699 1515 1730 maximo
1536 1699 1652 1730 5661616
1670 1699 1773 1730 habet.

1019 1746 1102 1777 Pto:
1134 1747 1216 1781 Quid
1240 1746 1325 1776 enim
1345 1743 1432 1774 dedit
1452 1743 1613 1774 Bentleius
1634 1751 1674 1772 ex
1694 1751 1775 1773 non-

1017 1790 1180 1820 nullorum
1204 1784 1306 1820 codd.
1329 1785 1514 1818 auctoritate
1542 1783 1690 1821 Quidni?
1720 1785 1776 1816 sed

1012 1834 1093 1863 hanc
1107 1832 1275 1863 lectionem
1288 1839 1346 1871 pro
1358 1830 1394 1860 in
1528 1828 1613 1860 tione
1626 1829 1678 1859 φῆ
1694 1830 1783 1864 Quid

1013 1878 1099 1908 enim
1123 1875 1295 1907 habuerim.
1372 1875 1477 1914 Argis.
1502 1873 1557 1903 ubi
1585 1872 1712 1903 Orestes
1735 1872 1787 1903 ad*

1011 1919 1107 1959 patris
1138 1916 1389 1961 Agamemnonis
1415 1915 1534 1948 cedem
1562 1914 1774 1946 ulciscendam

1012 1969 1143 1994 matrem
1159 1972 1250 1993 suam
1267 1961 1528 2002 clytemnestram
1542 1958 1668 1990 occidit.

1052 2017 1083 2038 v.
1103 2005 1175 2037 133.
1199 2015 1258 2046 pro
1278 2005 1387 2036 occidit
1407 2003 1461 2035 aiii
1481 2005 1611 2039 occidi„
1641 2009 1775 2044 utraque

1010 2049 1103 2081 lectio
1118 2050 1229 2081 eodem
1244 2048 1334 2080 redit.

1052 2105 1081 2125 v.
1103 2092 1176 2124 134.
1202 2095 1301 2125 occisa
1328 2093 1389 2123 ins.
1413 2101 1499 2131 par„
1529 2089 1619 2121 cade
1643 2087 1783 2121 danum,

1011 2144 1146 2177 peracta,
1162 2143 1200 2168 ut
1213 2135 1309 2167 estin
1323 2133 1448 2172 fabulis,
1469 2133 1576 2165 furore
1596 2138 1774 2172 cmv-epum

1011 2181 1104 2212 esse⁹

1052 2235 1080 2254 v.
1109 2223 1181 2256 136.
1206 2225 1350 2266 teJffec-ie,
1370 2221 1459 2262 epica
1478 2218 1668 2251 sublimine
1693 2227 1771 2258 proz

1008 2268 1127 2306 defixit,
1153 2268 1198 2299 sic
1219 2269 1307 2298 hasta
1334 2265 1481 2307 tqvq'aeta
1504 2263 1631 2304 trajecto
1651 2263 1773 2293 cerebro

1008 2314 1122 2343 lzoerere
1137 2311 1251 2342 dicitur
1264 2309 1349 2350 apud
1365 2309 1455 2348 Virg.
1474 2306 1552 2356 ᾦα.
1573 2305 1642 2337 ΙΧ.
1658 2302 1734 2335 419.

1051 2366 1080 2386 v.
1101 2353 1173 2386 137.
1202 2356 1286 2390 Quin
1306 2355 1342 2385 α·
1361 2363 1429 2394 quo,
1444 2359 1522 2391 qum
1538 2349 1666 2380 Orestes
1679 2349 1720 2379 ab
1733 2358 1773 2380 eo

1008 2398 1083 2429 inde
1096 2405 1248 2438 tempore,
1269 2407 1342 2438 quo,
1365 2393 1450 2426 eaede
1470 2399 1654 2433 perpetrata,
1667 2402 1688 2422 a
1704 2391 1770 2422 Fu.

1007 2442 1062 2473 riis
1074 2441 1212 2483 agitatus
1226 2451 1292 2471 esse
1306 2438 1443 2476 dicitur3
1512 2446 1549 2467 α·
1561 2438 1622 2476 qiu—J
1635 2436 1767 2473 habitus,

1009 2485 1152 2526 neglecta
1165 2483 1303 2520 elisione,
1318 2487 1356 2513 ut
1369 2489 1464 2521 supra
1479 2478 1509 2510 1.
1527 2478 1559 2510 9.
1575 2477 1630 2510 38.
1689 2480 1771 2511 mle

1009 2534 1096 2565 tutoe,
1112 2526 1194 2558 male
1207 2537 1291 2557 sanae
1298 2541 1310 2562 ;
1333 2525 1397 2556 vid.
1415 2524 1520 2556 Bentl-

1051 2582 1081 2602 v.
1101 2570 1172 2602 139.
1199 2571 1348 2611 Pyladen,
1370 2566 1610 2607 amicitia,<quae
1639 2565 1669 2597 ei
1692 2575 1767 2597 cum

1008 2614 1120 2646 Orate
1134 2613 1351 2648 intercedebat,
1367 2608 1604 2642 nobilissimum.

1049 2668 1078 2688 v.
1100 2655 1171 2687 141.
1198 2658 1297 2688 Hanc
1319 2656 1466 2690 Furiam,
1487 2652 1529 2684 cf.
1552 2652 1698 2693 Euripid.
1718 2653 1766 2685 0-

1004 2707 1076 2732 raet.
1093 2711 1123 2731 v.
1141 2699 1215 2731 259.
1236 2703 1322 2731 hunc
1342 2697 1541 2738 alium-iussit
1561 2698 1645 2738 quod
1665 2698 1768 2738 splen-

1003 2746 1077 2775 dida
1092 2746 1167 2781 bilis,
1182 2744 1268 2774 hunc
1282 2741 1422 2774 vocando
1436 2739 1523 2771 aliud
1543 2739 1715 2781 quidpiam,
1730 2741 1763 2772 h.

1004 2798 1032 2818 e.
1058 2788 1092 2817 in
1113 2789 1198 2818 hunc
1218 2786 1365 2827 jaciendo
1393 2783 1481 2816 aliud
1501 2782 1631 2814 convicii
1651 2793 1765 2825 genus,

1003 2830 1089 2872 quod
1102 2830 1309 2870 suppeditavit
1323 2827 1480 2860 honestior
1493 2826 1543 2857 vel
1556 2826 1764 2868 genet-odoris

1002 2873 1099 2905 animi
1109 2873 1205 2904 furor.
1219 2873 1271 2904 Sic
1279 2873 1343 2903 fere
1351 2872 1506 2912 splendide
1511 2872 1644 2902 mendax
1651 2869 1769 2902 dicimr

1002 2918 1253 2958 Hypermnaetra
1267 2926 1360 2956 supra
1377 2915 1440 2947 Od.
1458 2912 1531 2945 111.
1548 2911 1597 2944 ll.
1611 2913 1664 2944 35.
1701 2913 1765 2946 Sed

1002 2962 1216 3004 Heindorfius,
1243 2959 1338 2991 nimis
1362 2966 1474 3002 argute
1498 2959 1656 2999 splendida
1670 2957 1765 2990 trahit
