1904 3250
181 169 251 206 56-

808 163 1115 208 HORATII

1582 168 1692 216 [Lm.
1715 177 1758 208 1„-

706 386 974 430 CARMEN
1005 385 1230 428 XXVIII.

827 530 1103 563 ARCHYTAS-

299 663 368 704 ΤΕ
389 662 514 703 maris
536 667 578 702 et
596 667 722 701 terrae
742 674 1003 717 numeroque
1025 660 1203 702 carentis
1223 673 1363 701 arenae

412 730 659 772 Mensorem
679 729 890 780 cohibent,
914 730 1119 788 Archyta,

298 800 487 842 Pulveris
508 800 652 857 exigui
672 814 806 855 prope
826 799 924 841 litus
944 815 1075 856 parva
1097 799 1310 841 Matinum

411 869 619 911 Munera:
650 885 728 911 nee
748 869 979 927 quidquam
998 870 1076 912 tibi
1095 870 1269 926 prodest

238 945 264 982 5
295 941 444 983 Aerias
464 948 645 982 tentasse
666 940 828 991 domos,
851 941 1075 998 animoque
1095 940 1325 989 rotundum

411 1010 675 1052 Percurrisse
694 1010 854 1067 polum,
876 1011 1095 1053 morituro.

176 1151 323 1190 tentibus,
341 1152 535 1196 (φαρμάκοις)
555 1163 689 1193 quarum
710 1153 744 1183 in
770 1153 845 1183 artis
869 1163 938 1183 ma-

176 1195 256 1237 gicae
270 1206 364 1227 usum
379 1196 569 1227 feracissima
583 1197 679 1227 fuisse
698 1196 814 1227 dicitur
838 1196 938 1227 Thes·-

175 1239 261 1270 salia.
350 1242 420 1281 quis
441 1243 550 1280 poterit
575 1242 695 1272 Deus?
719 1240 759 1271 de
784 1241 843 1271 hac
868 1250 939 1280 pro-

176 1283 304 1314 verbiali
324 1283 485 1314 locutione
507 1284 541 1314 in
566 1286 659 1315 rebus
679 1284 808 1323 perditis
830 1290 862 1314 et
883 1283 938 1314 de·

174 1327 303 1366 speratis
317 1326 399 1365 vide,
416 1337 487 1367 quae
502 1327 543 1358 ad
558 1328 589 1358 h.
609 1328 629 1358 l.
647 1328 696 1359 Cl.
712 1328 839 1359 Mitsclz.
853 1333 938 1358 attu-

176 1370 224 1401 lit.
321 1372 375 1401 Vix
388 1372 462 1411 illig.
481 1377 511 1402 te
525 1373 590 1414 tris:
611 1374 685 1412 Peg.
703 1373 817 1411 eaped.¹
835 1373 935 1403 Chim.

174 1423 232 1453 pro
246 1413 368 1456 vulgari
382 1427 389 1445 :
416 1414 525 1444 nullus
539 1415 669 1446 omnino
684 1417 723 1446 ab
738 1425 855 1452 amore,
873 1424 938 1455 quo

175 1457 234 1488 ista
247 1463 279 1498 te
294 1458 435 1489 vinctum
449 1464 546 1497 tenet,
570 1459 736 1489 dissolvere
757 1459 880 1498 poterit.
894 1475 939 1482 —

176 1500 330 1532 Meretrix
344 1501 408 1539 illa,
423 1501 590 1541 rapacitate
603 1513 661 1533 sua
671 1502 827 1543 juvenum
846 1501 937 1532 bonis

174 1544 382 1581 infestissima,
405 1553 604 1585 comparatur
625 1556 700 1576 cum
725 1545 860 1576 triformi
881 1545 937 1575 illo

174 1595 324 1626 monstro,
344 1588 500 1620 Chimaera
517 1589 572 1630 (de
589 1600 653 1631 quo
678 1589 778 1620 Hom.
802 1589 844 1620 11.
871 1589 935 1619 VI.

176 1630 249 1662 181.
269 1633 371 1675 ngbces
392 1633 471 1669 λέων,
495 1633 583 1664 ὄπιθεν
608 1633 634 1664 Bi
655 1632 775 1676 δράκων,
795 1633 888 1673 μέσα-η
912 1631 940 1664 δῖ

173 1675 328 1719 χίμαιρα.)
357 1686 464 1716 quam,
488 1676 597 1717 Lyciae
624 1676 747 1718 regioni
774 1676 937 1707 infestissi-

134 1729 137 1731 ’
174 1729 272 1756 matu,
289 1719 512 1759 Bellerophon,
533 1720 657 1762 Pegasi,
685 1731 704 1751 a
734 1721 881 1751 Minerva
901 1720 937 1750 in

173 1763 255 1794 hanc
267 1772 336 1793 rem
351 1763 379 1793 ei
393 1763 508 1799 traditi,
525 1774 595 1804 ope,
621 1764 770 1795 occidisse
799 1763 934 1802 dicitur-3

176 1805 312 1837 Hesiod.
333 1806 455 1848 Theog.
475 1807 548 1838 325.
569 1809 620 1842 τὴν
640 1809 692 1849 μὶν
715 1809 852 1848 Πήγασος
879 1806 936 1839 ιῖλι

174 1850 227 1881 καὶ
241 1850 338 1884 ich-35
355 1853 593 1894 Βελλεροφόντης.
682 1853 837 1892 illigatum
865 1853 936 1883 Chi-

174 1904 291 1931 mmae,
321 1904 481 1924 annexum
510 1895 600 1936 quasi
633 1895 808 1931 Chimaerae,
838 1895 871 1925 h.
905 1905 934 1925 e.

174 1937 289 1968 amoris
302 1936 421 1978 laqueis
435 1941 474 1969 ab
495 1939 554 1969 hac
578 1939 743 1970 meretrice
767 1938 932 1969 irretitum.

175 1981 266 2012 Bene
278 1981 312 2010 in
327 1982 408 2011 hanc
423 1982 609 2013 sententiam
623 1982 730 2013 attulit
742 1982 792 2013 cl.
812 1984 937 2014 Mitsclz.

175 2023 287 2066 Epigr.
308 2024 472 2056 XXXII.
491 2026 610 2058 Ἀδέαν.
636 2026 670 2056 in
694 2026 797 2056 Anth.
830 2026 934 2057 Graec.

176 2067 269 2099 Tom-
304 2068 368 2099 IV.
392 2079 423 2108 p.
455 2068 527 2100 124«.
583 2069 713 2110 Παιδείᾳ,
741 2071 936 2110 Θρισύβουλι,

173 2113 350 2153 σαγηνιηθιὶς
379 2113 427 2143 §ae’
449 2114 531 2156 ἔρωτι
554 2114 741 2152 Ἀσθμαῖνεις,
769 2112 867 2154 δελφὶς
898 2114 937 2147 ὅς

173 2169 217 2190 τις
232 2156 277 2186 ἔτ’
292 2157 434 2195 αἰγιαλοῦ
449 2158 588 2197 Κόμωνος
611 2158 732 2199 fatigav-
755 2156 888 2200 δρία-ανον
910 2156 939 2188 δῖ

173 2212 216 2230 eu
230 2198 288 2231 οὔῖἶ
305 2199 339 2230 νδ
354 2200 480 2242 Περσέως
496 2202 502 2211 ’
549 2203 597 2231 κεῖ
618 2201 790 2241 α’τοτμῗιξαι
812 2199 937 2238 δίκτυον,

173 2241 198 2284 ᾇ
210 2241 325 2274 δίδωτι.
347 2243 386 2273 cf.
404 2243 519 2280 Lucill.
542 2244 653 2286 Epigr.
676 2244 934 2275 LXXXVIII.

174 2287 210 2316 in
228 2287 328 2319 Δῃὼ.
350 2286 454 2318 Graec.
475 2287 514 2317 Τ.
536 2286 607 2318 ΙΙΙ.
626 2299 658 2328 p.
674 2286 728 2319 46.

340 2373 554 2405 CARMEN
581 2374 763 2406 XXVIII.

221 2461 378 2502 Archytas
394 2461 595 2498 Tarentinus,
614 2461 842 2503 Pythagoreus,
865 2473 938 2503 pro-

174 2505 276 2535 funda
310 2504 490 2547 geometriae
525 2511 558 2535 et
586 2506 784 2536 astronomiae
809 2506 939 2537 scientia

176 2549 290 2588 pariter
325 2557 362 2579 ac
397 2554 508 2584 morte,
544 2558 616 2588 qua,
647 2549 814 2590 naufragio
841 2560 940 2589 prope

179 2592 309 2631 Apuliae
321 2591 398 2623 litus
411 2591 504 2629 facto,
521 2591 647 2631 periisse
661 2592 804 2629 traditur,
832 2600 938 2632 notus,

171 2636 236 2676 jam
251 2636 286 2666 in
302 2636 361 2666 boc
374 2636 522 2672 carmine,
540 2635 625 2675 quod
635 2641 737 2666 totum
751 2636 913 2666 sententiae
926 2650 934 2668 ε

175 2682 212 2710 de
227 2681 389 2711 communi·
399 2679 550 2710 mriemii
563 2681 750 2714 necessitate,
768 2680 938 2710 tractandae

175 2723 367 2753 destinatum
381 2723 439 2759 est,
452 2731 525 2753 cum
541 2730 639 2753 nauta
653 2721 789 2763 quodam
806 2723 938 2763 loquens

174 2765 344 2797 inducitur.
396 2766 542 2808 Fingitm·
556 2775 670 2806 nempe
684 2773 780 2795 nauta
796 2767 935 2806 quidam,

176 2818 250 2838 cum
281 2810 363 2841 forte
391 2809 424 2840 in
457 2810 606 2850 Archytae
635 2819 759 2848 corpus,
790 2808 938 2840 fluctibus

175 2861 270 2891 prope
298 2853 374 2883 litus
404 2853 566 2884 Matinum
595 2853 740 2894 ejectum,
768 2852 937 2890 incidisset,

175 2895 382 2927 mirabundus
407 2906 481 2928 eum
505 2896 549 2928 ita
574 2895 639 2927 fene
666 2896 823 2927 allocutus
846 2906 933 2927 esse:

179 2938 267 2979 Ergo
281 2949 321 2970 ne
335 2947 370 2969 tu
386 2940 526 2980 quidem,
555 2941 704 2981 Archyta,
730 2946 863 2970 mortem
889 2939 936 2969 ef-

174 2980 283 3022 fugere
299 2984 436 3022 potuisti‚
452 2990 484 3015 et
499 2994 595 3021 nunc,
607 2983 665 3026 qui
675 2990 767 3015 antea
782 2983 935 3014 immensa

981 1154 1084 1189 maris,
1101 1159 1192 1184 terrae
1206 1159 1239 1183 et
1251 1152 1322 1183 caeli
1336 1152 1436 1193 spatia
1449 1162 1596 1184 emensus
1616 1162 1658 1189 es,
1681 1159 1747 1184 tam

982 1197 1136 1239 exiguum
1157 1202 1249 1227 terrae
1270 1196 1404 1236 spatium
1431 1206 1560 1236 corpore
1585 1197 1745 1236 ooeupoe?

983 1241 1036 1271 cui
1054 1241 1204 1280 Archytae
1218 1250 1327 1270 manes
1341 1239 1416 1270 inde
1429 1251 1449 1270 a
1471 1250 1500 1270 v.
1525 1238 1556 1270 7.
1581 1250 1683 1280 usque
1697 1239 1746 1271 'ed

981 1283 1127 1315 carminis
1154 1283 1271 1314 finem:
1298 1293 1363 1314 non
1389 1290 1446 1320 est,
1475 1283 1563 1325 quod
1586 1294 1638 1313 me
1663 1285 1743 1314 occi-

981 1327 1063 1358 disse
1077 1326 1219 1364 mireris;
1246 1326 1399 1357 Tantalus
1412 1337 1548 1368 quoque,
1575 1327 1745 1363 Tithonus,

982 1371 1093 1402 Minos
1105 1378 1138 1402 et
1154 1370 1349 1411 Pythagoras
1362 1370 1554 1405 occiderunt,
1579 1380 1638 1401 nec
1661 1370 1747 1401 ullus

981 1416 1147 1457 quisquam
1183 1414 1338 1444 moriendi
1376 1413 1556 1445 necessitate
1603 1421 1747 1444 exemtus

982 1465 1050 1496 est;
1088 1458 1143 1489 sed
1173 1457 1294 1488 diverso
1324 1457 1420 1488 modo
1448 1464 1480 1488 et
1510 1457 1630 1488 diversa
1654 1464 1746 1488 aetate

979 1501 1159 1543 moriuntur
1179 1502 1343 1539 homines;
1374 1501 1457 1531 alius
1485 1502 1518 1531 in
1548 1500 1642 1538 bello,
1665 1501 1747 1532 alius

979 1546 1014 1576 in
1030 1545 1118 1583 mari,
1135 1544 1216 1575 alius
1230 1545 1264 1575 in
1275 1545 1455 1586 juventute,
1469 1544 1552 1575 alius
1578 1544 1612 1574 in
1636 1553 1746 1575 seneca

981 1595 1050 1620 tute
1071 1588 1165 1619 morti
1190 1589 1388 1624 succumbit;
1411 1588 1557 1628 equidem
1579 1587 1747 1630 naufragio

982 1633 1080 1673 perii3
1103 1633 1270 1663 inhumato
1282 1631 1383 1673 igitur
1406 1631 1484 1662 mihi
1508 1631 1661 1673 particula
1682 1638 1756 1662 ten·

979 1686 1024 1707 rae
1044 1676 1159 1718 injecta
1176 1676 1262 1717 justa
1281 1676 1442 1716 persolve3
1465 1674 1552 1716 quod
1573 1674 1599 1704 si
1624 1675 1743 1710 feceris.

980 1721 1149 1751 secundam
1166 1726 1198 1750 et
1211 1727 1421 1760 quaestuoaam
1436 1718 1666 1760 navigationem
1686 1717 1745 1749 tibi

979 1773 1150 1804 apprecor3
1173 1771 1206 1794 at
1223 1763 1250 1794 si
1263 1773 1316 1794 me
1336 1762 1521 1803 neglexeris.
1538 1762 1627 1803 justa
1647 1762 1755 1804 hujus·

980 1807 1103 1838 sceleris
1116 1814 1149 1838 te
1169 1813 1303 1848 tuosque
1323 1813 1453 1846 nepotes
1477 1805 1618 1836 manebit
1641 1815 1745 1845 poena,

978 1851 1166 1892 -quamvis
1178 1850 1318 1888 festinas,
1333 1850 1394 1881 hoc
1406 1857 1512 1880 tamen
1526 1849 1651 1888 pienti:
1673 1848 1744 1880 offi-

980 1895 1038 1927 cio,
1073 1894 1158 1935 quod
1185 1893 1403 1924 brevissimum
1431 1891 1581 1933 temporis
1607 1892 1746 1933 spatium

981 1937 1089 1979 exigit,
1105 1944 1274 1978 antequam
1298 1937 1431 1968 ulterius
1451 1937 1588 1978 navigas.
1611 1934 1746 1978 defun&

982 1982 1106 2022 poteris.
1124 1998 1169 2007 —
1181 1981 1214 2012 V
1214 1980 1323 2022 estigia
1342 1980 1446 2012 Graeei
1457 1979 1622 2022 eujusdam
1633 1986 1744 2020 poeta,

982 2026 1097 2067 quibus
1114 2025 1230 2056 Noster
1242 2024 1399 2061 institerit,
1414 2023 1532 2066 ubique
1542 2025 1582 2054 'in
1595 2024 1656 2055 hoc
1675 2033 1745 2055 ear·

980 2069 1067 2099 mine
1081 2079 1224 2110 expressa
1239 2068 1475 2099 animadvertes.
1588 2075 1591 2077 “

1024 2123 1053 2143 v.
1081 2111 1176 2143 1—6.
1212 2113 1320 2144 Nauta
1341 2121 1442 2152 usque
1464 2110 1506 2142 ad
1530 2120 1608 2141 vers.
1637 2109 1670 2142 ¹7.
1695 2110 1746 2141 lo-

982 2156 1098 2198 quitur.
1182 2158 1280 2188 maris
1293 2161 1323 2187 et
1349 2162 1441 2186 tenae
1463 2162 1642 2196 mensorem,
1666 2163 1746 2195 geo-

982 2208 1137 2239 metram3
1159 2211 1284 2231 numer.
1314 2210 1380 2231 car.
1405 2209 1492 2229 aren.
1521 2207 1619 2229 mens.
1646 2198 1745 2228 arith-

981 2243 1116 2282 metieoe,
1153 2254 1215 2284 qua
1243 2242 1405 2273 infinitum
1433 2250 1537 2272 areuae
1572 2249 1743 2272 numerum

981 2287 1157 2318 subducere
1166 2286 1325 2323 didicerat,
1337 2285 1472 2325 peritum
1485 2296 1495 2322 ;
1517 2284 1659 2316 exstabat
1667 2283 1745 2316 olim

982 2331 1023 2361 de
1036 2342 1142 2362 arenae
1156 2341 1287 2362 numero
1304 2327 1504 2360 Archimedis
1516 2327 1595 2359 liben-
1618 2329 1744 2368 {rappi-

983 2388 1035 2409 arnf
1074 2374 1250 2413 inscriptus.
1342 2383 1445 2414 parva
1479 2382 1614 2404 munem
1645 2374 1751 2413 aigun*

975 2419 1125 2459 pulveris,
1150 2423 1260 2448 ornate
1283 2426 1360 2456 pro:
1386 2415 1491 2456 pulvis
1509 2416 1655 2458 exiguus,
1677 2415 1745 2447 exi-

980 2471 1047 2503 gua
1059 2460 1197 2502 pulveris
1211 2470 1302 2500 pars3
1325 2471 1456 2497 munus,
1470 2465 1510 2491 ut
1530 2459 1744 2499 saepesinser-

981 2507 1026 2536 vit
1049 2504 1228 2544 periphrasi.
1309 2505 1453 2541 cohibent,
1468 2502 1609 2543 apposite
1621 2509 1655 2534 et
1667 2511 1743 2533 eum

981 2548 1106 2580 delectu
1115 2549 1184 2590 jam
1199 2547 1303 2588 pulvis
1316 2546 1452 2588 exiguus
1465 2547 1515 2577 vel
1529 2546 1664 2587 spatium
1675 2553 1744 2577 are-

981 2592 1140 2623 tissimum
1168 2593 1301 2624 edhibere
1326 2591 1359 2621 h.
1391 2600 1419 2621 e.
1452 2599 1572 2630 capere,
1597 2589 1743 2627 retinas,

983 2645 1134 2673 coercere,
1157 2635 1272 2666 didtur
1296 2631 1481 2675 Archytam,
1503 2634 1595 2675 cujus
1619 2633 1744 2664 animus

980 2679 1172 2719 amplissima
1187 2679 1291 2716 maris,
1305 2684 1405 2714 terrae,
1423 2683 1456 2707 et
1476 2677 1545 2708 eoeli
1567 2677 1666 2716 spuit
1686 2685 1744 2707 an-

980 2729 1032 2753 tea
1045 2723 1229 2764 complexus
1242 2729 1274 2754 et
1288 2730 1433 2753 emensus
1445 2719 1549 2751 fuerat
1557 2731 1568 2758 ;
1590 2719 1663 2750 infr.
1687 2719 1739 2750 11.

981 2765 1033 2797 20.
1052 2766 1083 2798 8.
1101 2778 1159 2799 nec
1175 2768 1280 2808 Stygia
1306 2765 1459 2797 cohibebor
1481 2765 1580 2796 unda·
1609 2762 1681 2794 111.
1706 2761 1740 2794 4.

981 2809 1034 2840 80.
1075 2816 1221 2842 trecentae
1262 2810 1436 2841 Pirithoum
1478 2809 1616 2839 cohibent
1660 2813 1743 2839 cate·

981 2865 1042 2885 nae.
1131 2856 1206 2886 litus
1235 2855 1408 2889 Matinum,
1438 2851 1492 2882 de·
1505 2861 1561 2882 ora
1588 2850 1744 2882 calabria

981 2897 1190 2935 occidentalis,
1218 2908 1238 2928 a
1262 2896 1413 2929 Calabriae
1432 2892 1653 2935 promontorio‘
1667 2895 1743 2926 Ma-

979 2943 1053 2971 tino.
1082 2959 1126 2967 —
1155 2943 1255 2973 aerias
1284 2945 1414 2972 tentasse
1439 2940 1553 2976 domos,
1575 2939 1743 2980 animoque

979 2990 1034 3015 rot.
1049 2996 1192 3025 percurr.
1206 2987 1270 3026 pol.
1299 2993 1355 3024 pm
1375 2981 1516 3024 vulgari:
1543 2981 1741 3014 astronomia
