1904 3250
188 223 272 262 438

664 221 975 264 HORATII
1006 221 1298 265 SATIRAE.

1580 229 1691 277 [Lm.
1717 239 1768 266 11.

228 349 283 388 85
317 346 631 389 Emendaturus
651 346 888 395 fortunam3
921 346 1075 388 deinde
1096 348 1228 389 secuti
1265 369 1269 372 ·

249 442 257 453 ·
311 416 569 458 Mazonomo
588 417 711 472 pueri
731 430 887 473 magno
908 415 1121 472 discerpta
1139 415 1322 459 ferentes

311 486 511 529 Membra
530 487 661 544 gruis,
685 487 819 542 sparsi
840 486 925 527 sale
945 485 1080 527 multo
1101 501 1187 527 non
1209 486 1298 528 sine
1318 486 1451 539 farre3

311 559 544 616 Pinguibus
566 567 608 600 et
627 558 719 600 ficis
739 567 908 615 pastum
923 560 1045 615 jecur
1066 558 1225 600 anseris
1247 559 1381 610 albae3

312 629 368 670 Et
388 629 582 685 leporum
602 628 784 680 avulsos,
807 637 855 670 ut
874 628 1009 670 multo
1030 628 1212 679 suavius,
1236 643 1390 680 armos,

223 706 277 743 90
310 702 454 751 Quam
474 702 510 743 si
530 717 627 744 cum
647 702 802 744 lumbis
824 702 917 759 quis
939 701 1052 751 edit3
1084 710 1176 743 tum
1194 710 1366 757 pectore
1387 701 1538 745 adusto

310 773 506 815 Vidimus
527 782 570 815 et
589 774 772 816 merulas
793 774 896 830 poni
917 782 959 816 et
981 774 1071 815 sine
1092 774 1215 816 clune
1236 774 1482 830 palumbes;

308 847 465 888 suaves
486 862 567 898 res,
591 848 625 888 si
646 862 732 889 non
754 840 1114 889 causas'narraret
1134 862 1281 888 earum
1302 856 1344 889 et

307 916 493 959 Naturas
514 917 711 959 dominus
723 934 735 968 3
768 933 893 975 quem
914 933 991 958 nos
1014 918 1073 958 sic
1094 916 1279 974 fugimus
1299 916 1393 966 ulti,

310 989 372 1032 Ut
391 990 497 1031 nihil
519 991 692 1032 omnino
711 998 992 1048 gustaremus,
1016 989 1133 1031 velut
1152 989 1235 1030 illis

221 1062 276 1100 95
311 1060 491 1102 Canidia
510 1060 692 1102 afflasset
710 1061 830 1117 pejor
852 1059 1117 1116 serpentibus
1141 1058 1271 1100 Afris.

191 1186 314 1218 LXII.
337 1186 385 1217 15.
428 1190 498 1221 Nos
512 1189 571 1220 alio
585 1195 713 1225 mentes,
729 1189 788 1220 alio
802 1189 961 1220 divisimus

191 1242 294 1262 aures.

234 1285 263 1304 v.
282 1265 335 1305 83.
364 1276 499 1307 Ridetur
508 1277 597 1318 fictis
619 1287 739 1310 rerum
764 1285 840 1315 pro:
867 1275 962 1305 rebus

191 1317 291 1356 fictis;
306 1317 384 1348 dum
403 1318 541 1349 convivae
555 1318 595 1350 de
608 1329 702 1350 avaro
717 1327 749 1349 et
762 1319 871 1358 inepto
885 1328 960 1348 con-

192 1362 330 1392 vivatore
350 1362 432 1392 risus
453 1362 581 1399 tollunt,
603 1362 680 1394 alias
702 1372 822 1400 causas,
838 1372 877 1392 ex
891 1361 962 1402 qui·

190 1406 252 1436 bus
273 1404 406 1442 rideant,
432 1405 570 1447 fingunt.
617 1408 791 1438 Balatrone
813 1407 960 1442 secundo,

191 1448 380 1488 adspirante,
395 1448 574 1491 adjuvante.

234 1503 263 1523 v.
277 1492 330 1523 85.
356 1499 425 1524 arte
449 1495 689 1525 Emendaturus
702 1494 888 1535 fortunam,
918 1491 962 1522 sic

189 1535 276 1575 apud
318 1537 516 1574 Terentium,
546 1547 566 1567 a
609 1538 742 1568 Gesnero
782 1535 958 1570 laudatum,

192 1579 330 1619 Adelph.
362 1580 424 1611 IV.
455 1579 484 1611 7.
516 1579 569 1611 23.
594 1587 662 1612 arte
690 1581 852 1620 corrigere,
878 1581 960 1621 quod

188 1625 295 1655 cecidit
308 1624 400 1663 forte,
417 1634 460 1654 sc.
478 1624 571 1655 male.

232 1677 260 1697 v.
294 1658 348 1698 86.
385 1669 580 1704 Mazonomo,
610 1667 700 1698 lance
728 1666 896 1708 grandiore
924 1666 959 1695 in

189 1720 253 1751 qua
267 1720 332 1741 non
346 1716 470 1741 tantum
492 1712 591 1751 μάζα,
614 1711 668 1741 sed
683 1710 777 1742 etiam
793 1709 865 1740 aliae
879 1719 958 1740 escae

187 1760 277 1784 tosta²
291 1753 430 1791 eHxaeve,
446 1761 484 1785 ut
498 1755 531 1784 in
547 1755 607 1785 hoc
621 1754 703 1792 loco,
718 1754 939 1784 afferebantur.

231 1807 260 1827 v-
286 1796 341 1828 87.
361 1810 427 1829 non
442 1800 508 1830 sine
515 1799 624 1840 farre,
649 1808 706 1838 per
722 1799 785 1840 sar
810 1795 958 1837 equidem

190 1850 255 1871 non
279 1841 423 1875 farinam,
449 1843 503 1872 sed
528 1841 668 1872 minutas
690 1841 781 1882 panis
809 1850 848 1870 ex
877 1839 959 1870 farre

187 1884 267 1915 cocti
281 1885 451 1924 particulas
473 1887 566 1927 (nosz
589 1886 763 1926 geriebenes
785 1885 859 1916 brod
885 1885 959 1915 oder

185 1928 326 1969 semmel)
341 1928 561 1960 intellexerim.

1048 1197 1077 1217 v.
1095 1185 1147 1217 88.
1173 1187 1251 1229 ficis
1270 1192 1410 1227 pastum,
1437 1186 1519 1228 ἧπαρ
1541 1186 1677 1222 eux-232,
1700 1196 1774 1216 cum

999 1231 1066 1272 jam
1082 1230 1158 1260 olim
1173 1230 1291 1260 anseris
1299 1230 1391 1270 jecur
1405 1229 1445 1260 ad
1465 1229 1653 1260 lautissimas
1667 1229 1776 1269 epulas

1004 1273 1180 1309 referretur,
1209 1272 1284 1303 olim
1309 1283 1437 1314 quoque
1462 1283 1597 1311 anseres,
1622 1279 1658 1304 ut
1678 1283 1774 1308 nunc.

1005 1318 1082 1348 varii
1111 1316 1236 1358 generis
1264 1317 1352 1352 cibis,
1382 1316 1498 1357 quibus
1527 1327 1637 1347 eorum
1669 1317 1775 1357 jecora

1006 1367 1071 1391 tam
1094 1360 1271 1401 grandiora,
1297 1370 1393 1401 quam
1419 1359 1587 1400 pinguiora
1610 1359 1776 1391 redderen-

1005 1410 1066 1441 tur,
1083 1403 1168 1444 pasci
1183 1404 1332 1433 solebant.
1352 1403 1413 1434 vid.
1434 1405 1556 1435 Melas.
1572 1403 1614 1435 ad
1631 1404 1775 1443 Geopon.

1008 1447 1109 1478 XIV.
1128 1446 1180 1477 22.
1200 1457 1231 1486 p.
1253 1445 1348 1477 1023.

1049 1502 1079 1521 v.
1107 1490 1162 1521 89.
1187 1493 1327 1530 leporum
1341 1507 1386 1514 —
1406 1502 1518 1528 armos,
1544 1490 1587 1521 cf.
1614 1500 1711 1530 supra
1734 1489 1775 1521 ad

1007 1535 1070 1565 Sat.
1091 1534 1141 1565 Il.
1159 1533 1192 1565 4.
1210 1532 1264 1564 44.

1047 1589 1076 1608 v.
1095 1577 1148 1608 92.
1174 1580 1200 1609 si
1229 1589 1293 1608 non
1323 1588 1433 1608 causas
1461 1583 1548 1614 cett„
1578 1575 1658 1607 nihil
1686 1576 1773 1607 enim

1003 1621 1159 1663 ejusmodi
1185 1631 1266 1652 vano
1291 1626 1324 1651 et
1348 1631 1442 1651 avaro
1463 1621 1671 1657 convivawre,
1687 1620 1773 1651 cibo-

1002 1675 1073 1695 rum
1094 1665 1259 1706 originem,
1275 1664 1411 1704 pretium
1435 1670 1467 1695 et
1487 1671 1632 1694 naturam
1658 1663 1773 1694 identi-

1002 1708 1075 1739 dem
1105 1708 1292 1748 explicante,
1318 1707 1482 1738 moloetius
1509 1713 1603 1748 atque
1624 1706 1774 1739 intolera-

1003 1752 1108 1783 bilius.

1045 1806 1074 1826 v.
1094 1794 1147 1832 94,
1164 1795 1217 1826 95.
1242 1796 1312 1832 illis,
1327 1794 1476 1834 appositis
1489 1794 1579 1826 cibis.
1626 1795 1773 1831 Canidia,

1002 1839 1077 1870 satis
1097 1846 1173 1870 nota
1194 1849 1233 1869 ex
1258 1839 1322 1869 Sat.
1347 1838 1377 1868 1.
1400 1837 1433 1868 8.
1450 1844 1483 1869 et
1498 1836 1654 1878 Εροᾱ,5.
1669 1844 1701 1868 et
1718 1836 1769 1868 17.

1002 1885 1208 1926 —afflasset,
1225 1892 1267 1913 sc.
1287 1891 1467 1920 venenum3
1559 1881 1661 1923 pejor,
1678 1891 1768 1912 vene,

1004 1928 1115 1958 natior.
