1904 3250
173 203 259 242 362

807 201 1118 246 HORATII

1585 214 1694 263 [Lm.
1715 225 1748 254 1.

290 327 510 378 Quaerere,
532 343 634 369 num
654 326 779 377 illius,
801 342 905 368 num
926 342 1068 370 rerum
1088 328 1196 372 dura
1215 335 1382 391 negarit

289 398 530 441 Versiculos
551 405 703 438 natura
722 397 856 454 magis
876 397 1009 439 factos
1030 406 1073 440 et
1095 408 1241 443 euntes

290 470 481 521 Mollius,
504 485 552 511 ac
573 469 607 510 si
629 470 735 525 quis,
763 469 960 525 (pedibus
981 471 1085 527 quid
1106 472 1301 517 claudere
1321 478 1447 529 senis,

202 549 257 585 60

291 543 388 585 Hoc
409 550 572 584 tantum
593 541 833 594 contentus)
859 551 970 585 amet
990 545 1207 600 scripsisse
1227 546 1432 591 ducentos

290 617 402 657 Ante
424 614 565 656 cibum
585 629 744 665 versuS,
766 615 944 658 totidem
965 616 1184 659 coenatus?

1245 618 1416 662 Etrusci

290 684 428 734 Quale
448 683 527 725 fuit
550 682 671 725 Cassi
695 684 843 740 rapido
862 684 1091 728 ferventius
1112 688 1225 729 amni

289 757 526 815 Ingenium,
550 758 685 813 capsis
707 773 830 814 quem
853 758 965 800 fama
984 768 1047 802 est
1067 776 1158 803 esse
1177 761 1381 819 librisque

288 827 545 868 Ambustum
565 828 762 884 propriis.

826 828 972 871 Fuerit
993 830 1195 882 Lucilius,
1217 827 1403 890 inquam,

290 898 435 940 Comis
456 905 498 939 et
518 898 705 940 urbanus
721 914 732 948 3
763 898 890 941 fuerit
909 899 1093 942 limatior
1112 901 1239 953 idem,

290 971 433 1021 Quam
454 970 571 1012 rudis
593 981 635 1013 et
657 971 822 1014 Graecis
844 973 987 1015 intacti
1008 975 1204 1016 carminis
1225 983 1385 1026 auctor,

290 1040 516 1097 Quamque
536 1048 758 1096 poetarum
780 1042 992 1084 seniorum
1013 1043 1163 1094 turba3
1201 1044 1275 1086 sed
1295 1044 1379 1095 ille,

291 1112 337 1154 Si
356 1110 465 1152 soret
484 1110 567 1152 hoc
586 1119 780 1153 nostrum
800 1111 886 1153 fato
906 1111 1069 1154 delatus
1091 1113 1136 1154 in
1156 1129 1308 1166 aevum,

288 1183 515 1225 Detereret
535 1182 616 1224 sibi
634 1182 766 1224 multa
781 1199 792 1234 3
824 1184 1030 1226 recideret
1050 1200 1188 1236 omne,
1211 1186 1327 1243 quod
1346 1186 1459 1229 ultra

199 1258 256 1296 ¹70

290 1252 530 1295 Perfectum
550 1252 789 1294 traheretur
804 1269 815 1303 3
847 1262 890 1295 et
909 1254 952 1295 in
973 1270 1097 1296 versu
1117 1255 1310 1297 faciendo

289 1323 414 1379 Saepe
435 1328 563 1378 caput
583 1322 785 1373 scaberet,
807 1323 923 1365 vivos
945 1331 987 1364 et
1005 1323 1176 1366 roderet
1196 1340 1372 1382 ungues.

290 1392 414 1449 Saepe
435 1391 578 1433 stilum
596 1398 747 1442 vertas,
769 1391 936 1443 iterum,
959 1407 1054 1449 quae
1076 1393 1206 1451 digna
1224 1394 1309 1451 legi
1330 1394 1425 1445 sint,

167 1521 325 1553 levissima
351 1521 527 1552 mutatione
559 1532 603 1552 an
631 1521 658 1552 si
685 1519 835 1559 posueris.
885 1520 937 1550 Sic

983 1520 1114 1552 Caesaris
1128 1521 1364 1552 interfectorum
1379 1530 1473 1552 unus.
1519 1535 1522 1537 ·
1541 1522 1642 1562 capsis
1655 1533 1748 1563 quem

171 1565 328 1597 Horatius
344 1570 396 1608 (ut
411 1575 506 1605 supra
522 1564 585 1595 Sat.
611 1562 642 1594 4«.
667 1564 722 1594 ubi
745 1563 822 1594 dicit
846 1574 875 1594 v.
901 1564 932 1594 9.
966 1566 1069 1607 firma
1084 1571 1127 1596 est
1144 1572 1215 1595 cett.
1241 1565 1281 1595 ad
1300 1565 1462 1605 ingentem
1483 1563 1646 1602 librorum,
1669 1575 1750 1606 quos

170 1608 220 1640 10.
248 1612 338 1641 Nam
353 1610 428 1651 suit
451 1611 506 1639 hoc
531 1610 664 1643 vitiosus,
691 1609 726 1639 in
755 1610 829 1638 liora
857 1619 937 1649 soepe
982 1608 1108 1640 Cassius
1122 1609 1287 1648 scripserit,
1303 1607 1426 1647 copiam
1441 1607 1668 1649 designandam
1680 1609 1749 1650 ejus

167 1657 328 1690 ducentos,
350 1654 391 1684 Ut
402 1663 566 1693 magnum,
578 1662 683 1683 versus
693 1652 836 1686 dictabat,
849 1658 936 1683 stans

161 1699 243 1739 pede
257 1698 292 1728 in
307 1708 383 1732 uno,
400 1703 431 1726 et
444 1706 473 1726 v.
495 1694 546 1726 12.
569 1697 660 1736 piger
682 1697 834 1726 scribendi
845 1696 939 1738 ferre

167 1739 318 1780 laborem)
346 1739 455 1771 omnia
476 1738 551 1770 vitia
578 1737 694 1770 Lucilii
719 1739 859 1769 versibus
883 1749 939 1769 ex-

167 1784 345 1824 probranda
358 1783 452 1813 unice
466 1793 485 1813 a
499 1792 624 1813 summa
638 1782 707 1823 ejus
725 1782 935 1820 festinatione,

150 1827 153 1831 ”
167 1827 290 1858 incuria
305 1834 336 1858 et
350 1826 544 1868 negligentia
565 1827 687 1864 repetit.
735 1827 828 1857 Num
838 1844 882 1849 —
892 1837 937 1858 an

165 1881 224 1911 pro
233 1877 344 1902 utrum
358 1888 403 1894 —-
416 1882 460 1900 an
474 1869 665 1909 respondent
679 1868 738 1899 sibi
750 1875 787 1899 ut
799 1869 863 1899 Sat.
882 1869 932 1900 11.

164 1914 197 1945 5.
217 1914 269 1945 50.
307 1916 402 1946 Num
413 1914 516 1955 suris,
543 1925 587 1944 an
604 1914 747 1953 prudens
768 1914 849 1944 ludis
874 1924 934 1951 me,

163 1960 293 1990 obscura
314 1959 454 1989 canendo
468 1957 485 1987 ?
509 1963 542 1987 et
563 1957 606 1987 sic
621 1966 712 1995 saepe.
779 1957 862 1987 illius
875 1968 935 1988 na-

164 2009 249 2038 tura,
266 2001 386 2042 ingenii
405 2001 495 2038 vires,
510 2000 676 2031 facultates
687 2012 697 2038 ;
721 2011 830 2031 rerum
853 2001 934 2030 dura

164 2054 294 2081 natura,
312 2054 416 2075 rerum
431 2043 666 2075 scribendarum
689 2043 846 2074 difficilior
866 2053 935 2074 ma-

165 2091 266 2125 teries,
284 2089 348 2119 sive
362 2098 439 2128 argu
445 2095 598 2125 mentum,
615 2097 679 2117 non
690 2087 758 2117 sine
768 2087 935 2118 intentiore

165 2139 198 2164 et
218 2132 396 2163 molestiore
416 2131 520 2161 studio
542 2130 750 2161 tractandum.
827 2132 935 2173 factos

165 2187 208 2208 sc.
246 2183 322 2212 arte,
358 2174 540 2210 elaboratos,
578 2173 749 2213 eipolitos3
790 2174 857 2205 Cic.
898 2174 938 2204 de

979 1662 1056 1693 rogo
1071 1653 1262 1683 exstruendo
1277 1651 1356 1692 ligni
1372 1652 1441 1682 loco
1455 1651 1554 1691 ipsius
1568 1652 1639 1682 libri
1650 1651 1749 1682 libro·

982 1706 1116 1736 rumque
1130 1695 1326 1735 receptacula
1339 1694 1479 1726 adhibita
1495 1705 1561 1726 esse
1576 1695 1747 1734 dicuntur3

982 1740 1160 1771 ambustum
1174 1749 1232 1779 pro
1251 1739 1456 1772 combustum,
1483 1738 1544 1769 nisi
1569 1745 1661 1778 poeta
1681 1749 1749 1769 rem

979 1782 1075 1812 nimis
1096 1790 1220 1813 auctam
1244 1782 1370 1823 proprio
1394 1781 1479 1812 vocis
1501 1784 1663 1814 amburere
1686 1792 1749 1813 usu

979 1825 1111 1865 paulum
1127 1826 1271 1856 minuere
1285 1825 1395 1856 voluit.

1021 1880 1050 1899 v.
1069 1867 1209 1900 64-71.
1236 1870 1348 1901 Fuerit
1361 1870 1504 1901 Lucilius
1517 1873 1590 1899 cett.
1609 1868 1747 1901 Sensus:

982 1913 1174 1950 Concedam,
1205 1911 1368 1943 Lucilium
1390 1919 1515 1952 poetam
1537 1922 1604 1942 esse
1625 1922 1748 1943 comem

979 1963 1011 1987 et
1025 1958 1193 1994 urbanum,
1210 1962 1242 1987 et
1263 1956 1451 1986 limatiorem
1471 1955 1551 1986 adeo
1574 1955 1693 1994 Ennio,
1717 1962 1750 1988 et

978 2000 1047 2030 aliis
1060 2000 1263 2040 scriptoribus
1276 1999 1513 2040 antiquioribus,
1529 1999 1584 2030 sed
1607 1999 1747 2038 Ennius,

978 2043 1006 2075 si
1035 2049 1141 2074 nostra
1163 2041 1254 2074 aetate
1278 2043 1405 2081 viveret,
1432 2053 1507 2079 non,
1527 2049 1566 2074 ut
1589 2042 1745 2080 Lucilius,

977 2086 1089 2124 multa,
1104 2097 1175 2127 quae
1188 2086 1330 2118 tollenda
1343 2093 1456 2123 essent,
1470 2086 1671 2128 relinqueret,
1692 2086 1749 2118 sed

978 2131 1131 2162 detereret
1146 2136 1240 2172 atque
1262 2129 1423 2168 recideret,
1446 2140 1517 2168 nec,
1540 2130 1622 2160 sicut
1647 2130 1746 2161 Luci-

981 2174 1053 2211 lius,
1084 2174 1168 2205 brevi
1193 2174 1342 2213 temporis
1367 2174 1467 2213 spatio
1494 2173 1613 2204 multos
1639 2183 1748 2204 versus

169 2220 260 2252 Orat.
294 2219 368 2250 111.
399 2215 452 2248 48.
487 2219 582 2249 oratio
607 2219 702 2258 polita
731 2223 823 2259 atque
840 2218 938 2260 facta
962 2225 1100 2256 ,temere
1127 2217 1314 2255 effunderet,
1345 2217 1400 2248 sed
1424 2216 1459 2246 in
1487 2226 1579 2247 versu
1600 2216 1746 2247 faciendo

163 2264 411 2306 quodammodo,·
435 2261 475 2292 cf.
495 2263 624 2292 Ernest.
641 2261 675 2291 in
693 2261 782 2292 Clav.
813 2262 880 2292 Cic.
904 2271 929 2291 s.

165 2318 195 2337 v.
201 2309 326 2351 sactus.
340 2306 488 2335 ——verba
508 2307 638 2345 pedibus
663 2307 740 2346 quid
765 2315 867 2345 usque
893 2304 934 2335 ad

165 2357 331 2383 contentus
366 2348 542 2389 parenthesi
576 2348 713 2379 distinxi.
804 2350 936 2380 Etrusci

171 2396 271 2431 Quale
272 2396 347 2438 fuit
364 2390 463 2428 Cassi,
477 2409 522 2416 —
535 2392 664 2423 Cassius
679 2392 845 2430 Etruscus,
859 2392 935 2433 quia

165 2439 288 2478 pariter,
314 2444 351 2468 ut
373 2435 528 2472 Lucilius,
555 2436 638 2466 brevi
663 2437 812 2475 temporis
834 2435 934 2475 spatio

163 2483 326 2524 ingentem
338 2489 485 2511 versuum
493 2489 662 2509 numerum
672 2486 790 2510 temere
800 2478 934 2509 fundere

165 2526 295 2562 solebat,
311 2530 404 2565 poeta
417 2523 480 2553 fuit
493 2523 641 2561 vitiosus;
664 2529 696 2552 at
721 2522 805 2553 infra
827 2522 929 2561 Epist.

167 2569 196 2600 Ι.
211 2567 242 2600 4.
261 2569 294 2600 3.
311 2575 349 2599 ut
361 2573 455 2609 poeta
467 2566 614 2607 egregius
636 2565 784 2596 laudatur
809 2568 934 2597 Cassius

165 2613 359 2645 Parmensis.
417 2611 567 2641 Attamen
615 2615 727 2648 praeter
775 2610 930 2640 Sclzoliast.

167 2660 262 2698 Cruq.
284 2657 423 2690 fuerunt,
438 2654 492 2694 qui
508 2663 564 2693 per
589 2653 734 2683 Cassium
758 2652 932 2682 Etruscum

164 2707 196 2731 et
221 2701 425 2732 Parmensem
445 2706 548 2728 unum
563 2695 763 2736 eundemque
777 2695 933 2736 designari

165 2743 411 2780 contenderent3
437 2740 478 2772 cf.
499 2741 665 2771 Ruhnken·
682 2739 723 2769 ad
739 2738 853 2769 Vellei.
882 2738 932 2769 11.

165 2787 218 2819 88.
270 2786 333 2818 Sed
361 2785 439 2816 mihi
471 2782 625 2814 Horatius
651 2781 757 2812 addita
781 2782 833 2812 hic
857 2791 932 2812 voce

167 2833 336 2868 Etruscus,
365 2836 398 2861 et
425 2827 508 2860 infra
536 2828 717 2859 Parmensis
743 2825 818 2856 data
838 2835 932 2864 opera

166 2875 248 2904 duos
281 2872 405 2905 Cassios
433 2872 515 2903 inter
538 2880 572 2901 se
594 2869 771 2900 distinxisse
799 2869 932 2905 videtur,

166 2918 348 2959 quicunque
376 2915 505 2948 tandem
532 2913 586 2944 ille
626 2914 783 2945 Etruscus
814 2912 932 2949 fuerit3

167 2961 240 2990 satis
276 2968 371 2991 notus
405 2966 453 2991 est
491 2959 613 2991 Cassius
646 2958 836 2992 Par-mensis,
866 2965 931 2986 uon

169 3009 293 3035 tantum
323 3010 359 3035 ut
394 3009 486 3043 poeta
514 3001 660 3044 tragicus,
685 2999 742 3032 sed
771 2999 865 3031 etiam
896 3005 933 3030 ut

977 2271 1060 2301 saepe
1074 2267 1169 2301 caput
1184 2262 1323 2292 scaberet
1336 2267 1368 2290 et
1377 2260 1463 2291 vivos
1475 2269 1599 2300 ungues
1611 2259 1744 2296 roderet,

976 2306 1008 2335 h.
1040 2316 1067 2336 e.
1099 2314 1256 2335 summam
1287 2314 1395 2335 curam
1420 2309 1453 2334 et
1480 2302 1676 2344 diligentiam
1710 2302 1745 2333 in

977 2348 1171 2388 expoliendis
1186 2348 1323 2378 versibus
1344 2353 1481 2386 poneret.
1569 2352 1681 2377 auctor
1703 2346 1744 2377 ad

980 2391 1090 2422 Satirae
1110 2391 1316 2427 inventorem,
1345 2389 1518 2426 Lucilium,
1541 2399 1616 2419 cum
1639 2391 1744 2421 Hein-

976 2437 1070 2478 dorfio
1102 2442 1135 2465 et
1158 2434 1229 2465 aliis
1257 2433 1364 2464 referri
1393 2432 1522 2473 nequit;
1546 2443 1619 2463 nam
1651 2435 1744 2465 verba

976 2478 1051 2508 iude
1065 2489 1084 2508 a
1098 2480 1150 2509 sed
1163 2479 1214 2509 ille
1237 2476 1328 2507 nullo
1352 2476 1448 2506 modo
1471 2475 1590 2507 Lucilii
1612 2477 1744 2518 ingenio

976 2521 1186 2558 conveniunt;
1239 2526 1347 2552 auctor
1370 2521 1438 2560 jam
1461 2525 1514 2550 est
1540 2519 1681 2559 scriptor,
1711 2527 1744 2551 et

977 2571 1062 2596 totus
1076 2574 1199 2595 versus:
1230 2566 1332 2599 Quam
1347 2565 1437 2595 rudis
1451 2570 1480 2594 et
1500 2564 1618 2595 Graecis
1631 2565 1745 2595 intacti

977 2610 1127 2640 carminis
1141 2613 1262 2643 auctor,
1278 2607 1437 2648 eleganter
1450 2606 1598 2646 exprimit
1623 2607 1745 2647 simpli-

975 2662 1027 2682 ces
1054 2661 1162 2682 voces:
1192 2653 1296 2686 Quam
1322 2652 1452 2682 Ennius
1461 2666 1473 2687 ,·
1503 2650 1631 2680 Ennius
1656 2650 1742 2681 enim

976 2701 1023 2725 est
1054 2696 1183 2733 scriptor
1211 2693 1358 2724 carminis
1385 2695 1474 2725 rudis
1499 2693 1657 2735 (nondum
1679 2694 1743 2725 ele-

973 2737 1169 2780 gantioribus
1184 2737 1323 2767 numeris
1337 2736 1486 2775 adstrictI‚
1509 2736 1652 2767 nondum
1676 2745 1743 2769 arte

973 2781 1131 2816 elaborati,
1149 2786 1182 2811 et
1194 2780 1322 2811 mollius
1336 2779 1476 2821 fluentis)
1492 2786 1522 2812 et
1551 2781 1668 2812 Groecis
1689 2783 1742 2813 in·

976 2826 1051 2856 tacti
1067 2823 1173 2865 (quale
1186 2834 1251 2854 non
1273 2823 1463 2863 scripserunt
1483 2829 1584 2864 poetae
1613 2823 1738 2863 Graeci;

976 2868 1098 2907 scripsit
1111 2869 1197 2898 enim
1214 2866 1341 2898 Ennius
1357 2867 1500 2898 Annales
1521 2868 1741 2898 Romanorum

976 2911 1039 2942 fide
1054 2910 1215 2951 historica)
1231 2921 1288 2950 pro
1303 2913 1391 2943 rudis
1404 2917 1434 2942 et
1455 2911 1619 2953 ingeniose
1639 2917 1741 2942 tenta-

974 2956 1027 2986 bat
1040 2956 1240 2987 Casaubonus
1255 2956 1293 2986 de
1310 2957 1400 2986 Rom.
1419 2957 1482 2987 Sat.
1505 2966 1536 2996 p.
1566 2953 1642 2985 255.
1668 2957 1740 2986 Ru-

975 3000 1054 3035 dius,
1092 3005 1128 3030 ut
1159 3005 1288 3030 vocatur
1319 2998 1446 3031 Ennius
1475 3010 1493 3030 a
1524 2998 1676 3033 Cicerone
1704 2998 1739 3028 in
