<?xml version="1.0" encoding="UTF-8"?>
<!DOCTYPE html PUBLIC "-//W3C//DTD XHTML 1.0 Transitional//EN"
    "http://www.w3.org/TR/xhtml1/DTD/xhtml1-transitional.dtd">
<html xmlns="http://www.w3.org/1999/xhtml" xml:lang="en" lang="en">
 <head>
  <title>
</title>
<meta http-equiv="Content-Type" content="text/html;charset=utf-8" />
  <meta name='ocr-system' content='tesseract 3.04.00' />
  <meta name='ocr-capabilities' content='ocr_page ocr_carea ocr_par ocr_line ocrx_word'/>
</head>
<body>
  <div class='ocr_page' id='page_1' title='image "./operaomniacumind00horauoft_0149.png"; bbox 0 0 1904 3250; ppageno 0'>
   <div class='ocr_carea' id='block_1_1' title="bbox 141 138 406 186">
    <p class='ocr_par' dir='ltr' id='par_1_1' title="bbox 141 138 406 186">
     <span class='ocr_line' id='line_1_1' title="bbox 141 138 406 186; baseline -0.019 -6"><span class='ocrx_word' id='word_1_1' title='bbox 141 149 274 180; x_wconf 59' lang='lat' dir='ltr'>canu.</span> <span class='ocrx_word' id='word_1_2' title='bbox 296 138 406 186; x_wconf 87' lang='lat' dir='ltr'><strong>xv1.]</strong></span> 
     </span>
    </p>
   </div>
   <div class='ocr_carea' id='block_1_2' title="bbox 197 254 938 384">
    <p class='ocr_par' dir='ltr' id='par_1_2' title="bbox 197 254 938 384">
     <span class='ocr_line' id='line_1_2' title="bbox 197 254 909 318; baseline -0.013 -14"><span class='ocrx_word' id='word_1_3' title='bbox 197 265 223 318; x_wconf 79' lang='grc'><strong>5</strong></span> <span class='ocrx_word' id='word_1_4' title='bbox 255 259 401 303; x_wconf 85' lang='lat' dir='ltr'>Otium</span> <span class='ocrx_word' id='word_1_5' title='bbox 421 256 532 299; x_wconf 87' lang='lat' dir='ltr'>bello</span> <span class='ocrx_word' id='word_1_6' title='bbox 554 256 707 297; x_wconf 83' lang='lat' dir='ltr'>furiosa</span> <span class='ocrx_word' id='word_1_7' title='bbox 728 254 909 305; x_wconf 80' lang='lat' dir='ltr'><strong>Thrace,</strong></span> 
     </span>
     <span class='ocr_line' id='line_1_3' title="bbox 254 328 938 384; baseline -0.009 -9"><span class='ocrx_word' id='word_1_8' title='bbox 254 331 402 375; x_wconf 91' lang='lat' dir='ltr'>Otium</span> <span class='ocrx_word' id='word_1_9' title='bbox 424 329 545 371; x_wconf 86' lang='lat' dir='ltr'>Medi</span> <span class='ocrx_word' id='word_1_10' title='bbox 564 328 762 384; x_wconf 82' lang='lat' dir='ltr'>pharetra</span> <span class='ocrx_word' id='word_1_11' title='bbox 781 328 938 378; x_wconf 89' lang='lat' dir='ltr'>decori,</span> 
     </span>
    </p>
   </div>
   <div class='ocr_carea' id='block_1_3' title="bbox 748 127 1102 191">
    <p class='ocr_par' dir='ltr' id='par_1_3' title="bbox 748 127 1102 191">
     <span class='ocr_line' id='line_1_4' title="bbox 748 127 1102 191; baseline -0.006 -19"><span class='ocrx_word' id='word_1_12' title='bbox 748 127 1102 191; x_wconf 56' lang='lat' dir='ltr'><strong>CARMINA.</strong></span> 
     </span>
    </p>
   </div>
   <div class='ocr_carea' id='block_1_4' title="bbox 1628 130 1706 169">
    <p class='ocr_par' dir='ltr' id='par_1_4' title="bbox 1628 130 1706 169">
     <span class='ocr_line' id='line_1_5' title="bbox 1628 130 1706 169; baseline -0.026 0"><span class='ocrx_word' id='word_1_13' title='bbox 1628 130 1706 169; x_wconf 82' lang='lat'>109</span> 
     </span>
    </p>
   </div>
   <div class='ocr_carea' id='block_1_5' title="bbox 174 401 1236 793">
    <p class='ocr_par' dir='ltr' id='par_1_5' title="bbox 174 401 1236 793">
     <span class='ocr_line' id='line_1_6' title="bbox 255 401 1236 460; baseline -0.005 -14"><span class='ocrx_word' id='word_1_14' title='bbox 255 402 464 460; x_wconf 81' lang='lat' dir='ltr'>Gmsphe,</span> <span class='ocrx_word' id='word_1_15' title='bbox 486 416 570 444; x_wconf 92' lang='lat' dir='ltr'>non</span> <span class='ocrx_word' id='word_1_16' title='bbox 590 401 778 458; x_wconf 87' lang='lat' dir='ltr'>gemmis,</span> <span class='ocrx_word' id='word_1_17' title='bbox 800 415 937 457; x_wconf 90' lang='lat' dir='ltr'>neque</span> <span class='ocrx_word' id='word_1_18' title='bbox 957 414 1146 456; x_wconf 81' lang='lat' dir='ltr'>purpura</span> <span class='ocrx_word' id='word_1_19' title='bbox 1165 415 1236 441; x_wconf 87' lang='lat' dir='ltr'>ve-</span> 
     </span>
     <span class='ocr_line' id='line_1_7' title="bbox 657 460 1059 530; baseline -0.002 -15"><span class='ocrx_word' id='word_1_20' title='bbox 657 473 763 524; x_wconf 85' lang='lat' dir='ltr'><strong>nale,</strong></span> <span class='ocrx_word' id='word_1_21' title='bbox 785 460 923 530; x_wconf 87' lang='lat' dir='ltr'>neque</span> <span class='ocrx_word' id='word_1_22' title='bbox 943 487 1059 514; x_wconf 85' lang='lat' dir='ltr'>auro.</span> 
     </span>
     <span class='ocr_line' id='line_1_8' title="bbox 256 543 1038 601; baseline -0.005 -13"><span class='ocrx_word' id='word_1_23' title='bbox 256 546 354 587; x_wconf 90' lang='lat' dir='ltr'>Non</span> <span class='ocrx_word' id='word_1_24' title='bbox 373 545 483 587; x_wconf 83' lang='lat' dir='ltr'>enim</span> <span class='ocrx_word' id='word_1_25' title='bbox 503 559 631 601; x_wconf 82' lang='lat' dir='ltr'>gazae,</span> <span class='ocrx_word' id='word_1_26' title='bbox 653 559 788 600; x_wconf 89' lang='lat' dir='ltr'>neque</span> <span class='ocrx_word' id='word_1_27' title='bbox 809 543 1038 585; x_wconf 85' lang='lat' dir='ltr'>consularis</span> 
     </span>
     <span class='ocr_line' id='line_1_9' title="bbox 174 612 1043 658; baseline -0.006 1"><span class='ocrx_word' id='word_1_28' title='bbox 174 620 224 658; x_wconf 92' lang='lat'>10</span> <span class='ocrx_word' id='word_1_29' title='bbox 256 615 484 658; x_wconf 85' lang='lat' dir='ltr'>Submovet</span> <span class='ocrx_word' id='word_1_30' title='bbox 503 613 624 654; x_wconf 90' lang='lat' dir='ltr'>lictor</span> <span class='ocrx_word' id='word_1_31' title='bbox 644 613 817 654; x_wconf 85' lang='lat' dir='ltr'>miseros</span> <span class='ocrx_word' id='word_1_32' title='bbox 838 612 1043 654; x_wconf 86' lang='lat' dir='ltr'>tumultus</span> 
     </span>
     <span class='ocr_line' id='line_1_10' title="bbox 258 682 1042 743; baseline -0.004 -17"><span class='ocrx_word' id='word_1_33' title='bbox 258 683 430 734; x_wconf 85' lang='lat' dir='ltr'>Mentis,</span> <span class='ocrx_word' id='word_1_34' title='bbox 452 690 494 724; x_wconf 89' lang='lat' dir='ltr'>et</span> <span class='ocrx_word' id='word_1_35' title='bbox 517 682 651 724; x_wconf 84' lang='lat' dir='ltr'>Curas</span> <span class='ocrx_word' id='word_1_36' title='bbox 671 682 864 743; x_wconf 80' lang='lat' dir='ltr'>laqueata</span> <span class='ocrx_word' id='word_1_37' title='bbox 883 682 1042 724; x_wconf 86' lang='lat' dir='ltr'>circum</span> 
     </span>
     <span class='ocr_line' id='line_1_11' title="bbox 663 751 1013 793; baseline 0 0"><span class='ocrx_word' id='word_1_38' title='bbox 663 751 795 793; x_wconf 88' lang='lat' dir='ltr'>Tecta</span> <span class='ocrx_word' id='word_1_39' title='bbox 814 751 1013 793; x_wconf 84' lang='lat' dir='ltr'>volantes.</span> 
     </span>
    </p>
   </div>
   <div class='ocr_carea' id='block_1_6' title="bbox 141 890 907 1756">
    <p class='ocr_par' dir='ltr' id='par_1_6' title="bbox 141 890 907 1756">
     <span class='ocr_line' id='line_1_12' title="bbox 142 890 902 934; baseline -0.007 -8"><span class='ocrx_word' id='word_1_40' title='bbox 142 904 218 934; x_wconf 77' lang='lat' dir='ltr'>cesp-</span> <span class='ocrx_word' id='word_1_41' title='bbox 243 895 321 934; x_wconf 74' lang='lat' dir='ltr'>leges</span> <span class='ocrx_word' id='word_1_42' title='bbox 339 893 434 923; x_wconf 60' lang='grc' dir='ltr'>εἰπεῖν.</span> <span class='ocrx_word' id='word_1_43' title='bbox 465 901 592 923; x_wconf 85' lang='lat' dir='ltr'>sensus:</span> <span class='ocrx_word' id='word_1_44' title='bbox 639 890 708 921; x_wconf 87' lang='lat' dir='ltr'>Nec</span> <span class='ocrx_word' id='word_1_45' title='bbox 730 890 902 922; x_wconf 79' lang='lat' dir='ltr'>secundum</span> 
     </span>
     <span class='ocr_line' id='line_1_13' title="bbox 143 933 903 986; baseline -0.007 -18"><span class='ocrx_word' id='word_1_46' title='bbox 143 937 238 986; x_wconf 76' lang='lat' dir='ltr'>leges,</span> <span class='ocrx_word' id='word_1_47' title='bbox 253 946 324 977; x_wconf 76' lang='lat' dir='ltr'>quae</span> <span class='ocrx_word' id='word_1_48' title='bbox 338 943 406 966; x_wconf 88' lang='lat' dir='ltr'>tum</span> <span class='ocrx_word' id='word_1_49' title='bbox 425 935 581 985; x_wconf 79' lang='lat' dir='ltr'>vigebant,</span> <span class='ocrx_word' id='word_1_50' title='bbox 605 933 781 964; x_wconf 85' lang='lat' dir='ltr'>hominibus</span> <span class='ocrx_word' id='word_1_51' title='bbox 801 933 903 973; x_wconf 80' lang='lat' dir='ltr'>priva-</span> 
     </span>
     <span class='ocr_line' id='line_1_14' title="bbox 141 977 904 1020; baseline -0.005 -9"><span class='ocrx_word' id='word_1_52' title='bbox 141 981 182 1011; x_wconf 76' lang='lat' dir='ltr'>tis</span> <span class='ocrx_word' id='word_1_53' title='bbox 216 979 327 1010; x_wconf 85' lang='lat' dir='ltr'>domos</span> <span class='ocrx_word' id='word_1_54' title='bbox 360 978 395 1008; x_wconf 89' lang='lat' dir='ltr'>in</span> <span class='ocrx_word' id='word_1_55' title='bbox 426 978 508 1020; x_wconf 81' lang='lat' dir='ltr'>agris</span> <span class='ocrx_word' id='word_1_56' title='bbox 538 984 695 1008; x_wconf 80' lang='lat' dir='ltr'>exstruere</span> <span class='ocrx_word' id='word_1_57' title='bbox 723 977 837 1008; x_wconf 81' lang='lat' dir='ltr'><strong>licebat</strong></span> <span class='ocrx_word' id='word_1_58' title='bbox 864 987 904 1007; x_wconf 83' lang='lat' dir='ltr'>ex</span> 
     </span>
     <span class='ocr_line' id='line_1_15' title="bbox 142 1020 902 1065; baseline -0.005 -11"><span class='ocrx_word' id='word_1_59' title='bbox 142 1023 266 1065; x_wconf 79' lang='lat' dir='ltr'>magnis</span> <span class='ocrx_word' id='word_1_60' title='bbox 279 1021 444 1062; x_wconf 78' lang='lat' dir='ltr'>lapidibus,</span> <span class='ocrx_word' id='word_1_61' title='bbox 459 1021 572 1062; x_wconf 78' lang='lat' dir='ltr'>quibus</span> <span class='ocrx_word' id='word_1_62' title='bbox 590 1020 704 1059; x_wconf 85' lang='lat' dir='ltr'>oppida</span> <span class='ocrx_word' id='word_1_63' title='bbox 724 1026 848 1051; x_wconf 86' lang='lat' dir='ltr'>tantum</span> <span class='ocrx_word' id='word_1_64' title='bbox 870 1026 902 1051; x_wconf 87' lang='lat' dir='ltr'>et</span> 
     </span>
     <span class='ocr_line' id='line_1_16' title="bbox 141 1062 901 1105; baseline -0.005 -8"><span class='ocrx_word' id='word_1_65' title='bbox 141 1066 272 1097; x_wconf 89' lang='lat' dir='ltr'>deorum</span> <span class='ocrx_word' id='word_1_66' title='bbox 286 1064 403 1104; x_wconf 82' lang='lat' dir='ltr'>templa</span> <span class='ocrx_word' id='word_1_67' title='bbox 415 1064 540 1105; x_wconf 85' lang='lat' dir='ltr'>publico</span> <span class='ocrx_word' id='word_1_68' title='bbox 562 1070 668 1094; x_wconf 87' lang='lat' dir='ltr'>sumtu</span> <span class='ocrx_word' id='word_1_69' title='bbox 689 1062 827 1094; x_wconf 88' lang='lat' dir='ltr'>decorari</span> <span class='ocrx_word' id='word_1_70' title='bbox 846 1063 901 1104; x_wconf 85' lang='lat' dir='ltr'>ju-</span> 
     </span>
     <span class='ocr_line' id='line_1_17' title="bbox 141 1106 899 1147; baseline -0.004 -6"><span class='ocrx_word' id='word_1_71' title='bbox 141 1111 303 1144; x_wconf 86' lang='lat' dir='ltr'>bebantur.</span> <span class='ocrx_word' id='word_1_72' title='bbox 339 1107 394 1139; x_wconf 83' lang='lat' dir='ltr'>sed</span> <span class='ocrx_word' id='word_1_73' title='bbox 429 1118 514 1139; x_wconf 80' lang='lat' dir='ltr'>casas</span> <span class='ocrx_word' id='word_1_74' title='bbox 550 1117 587 1137; x_wconf 89' lang='lat' dir='ltr'>ex</span> <span class='ocrx_word' id='word_1_75' title='bbox 618 1106 732 1147; x_wconf 76' lang='lat' dir='ltr'>cespite</span> <span class='ocrx_word' id='word_1_76' title='bbox 759 1106 899 1139; x_wconf 80' lang='lat' dir='ltr'>fortuito.</span> 
     </span>
     <span class='ocr_line' id='line_1_18' title="bbox 141 1150 904 1201; baseline -0.007 -17"><span class='ocrx_word' id='word_1_77' title='bbox 141 1154 374 1201; x_wconf 66' lang='grc' dir='ltr'><strong>-Ῑοτειιίιιιηι,</strong></span> <span class='ocrx_word' id='word_1_78' title='bbox 388 1152 548 1200; x_wconf 81' lang='lat' dir='ltr'>vulgarem</span> <span class='ocrx_word' id='word_1_79' title='bbox 563 1160 730 1191; x_wconf 76' lang='lat' dir='ltr'>quemque,</span> <span class='ocrx_word' id='word_1_80' title='bbox 756 1150 788 1180; x_wconf 91' lang='lat' dir='ltr'>in</span> <span class='ocrx_word' id='word_1_81' title='bbox 810 1160 904 1190; x_wconf 88' lang='lat' dir='ltr'>quem</span> 
     </span>
     <span class='ocr_line' id='line_1_19' title="bbox 143 1193 901 1234; baseline -0.004 -8"><span class='ocrx_word' id='word_1_82' title='bbox 143 1196 223 1227; x_wconf 82' lang='lat' dir='ltr'>sorte</span> <span class='ocrx_word' id='word_1_83' title='bbox 258 1195 446 1233; x_wconf 82' lang='lat' dir='ltr'>incidimus,</span> <span class='ocrx_word' id='word_1_84' title='bbox 489 1193 605 1234; x_wconf 89' lang='lat' dir='ltr'>ubique</span> <span class='ocrx_word' id='word_1_85' title='bbox 639 1193 719 1224; x_wconf 85' lang='lat' dir='ltr'>forte</span> <span class='ocrx_word' id='word_1_86' title='bbox 763 1193 901 1224; x_wconf 84' lang='lat' dir='ltr'>obvium.</span> 
     </span>
     <span class='ocr_line' id='line_1_20' title="bbox 142 1236 900 1279; baseline -0.005 -8"><span class='ocrx_word' id='word_1_87' title='bbox 142 1241 352 1279; x_wconf 70' lang='lat' dir='ltr'>—cespilem,</span> <span class='ocrx_word' id='word_1_88' title='bbox 366 1237 440 1269; x_wconf 87' lang='lat' dir='ltr'>hinc</span> <span class='ocrx_word' id='word_1_89' title='bbox 464 1236 548 1277; x_wconf 88' lang='lat' dir='ltr'>apud</span> <span class='ocrx_word' id='word_1_90' title='bbox 571 1236 762 1278; x_wconf 81' lang='lat' dir='ltr'>virg.Ec1.</span> <span class='ocrx_word' id='word_1_91' title='bbox 792 1237 822 1268; x_wconf 93' lang='grc' dir='ltr'>Ι.</span> <span class='ocrx_word' id='word_1_92' title='bbox 847 1236 900 1267; x_wconf 90' lang='grc'>69.</span> 
     </span>
     <span class='ocr_line' id='line_1_21' title="bbox 143 1278 904 1323; baseline -0.003 -10"><span class='ocrx_word' id='word_1_93' title='bbox 143 1282 184 1313; x_wconf 89' lang='lat' dir='ltr'>de</span> <span class='ocrx_word' id='word_1_94' title='bbox 197 1280 349 1323; x_wconf 80' lang='lat' dir='ltr'>ejusmodi</span> <span class='ocrx_word' id='word_1_95' title='bbox 363 1291 450 1312; x_wconf 80' lang='lat' dir='ltr'>casa.</span> <span class='ocrx_word' id='word_1_96' title='bbox 476 1278 587 1320; x_wconf 66' lang='lat' dir='ltr'>tuguri</span> <span class='ocrx_word' id='word_1_97' title='bbox 601 1287 779 1321; x_wconf 77' lang='lat' dir='ltr'>congestum</span> <span class='ocrx_word' id='word_1_98' title='bbox 797 1282 904 1321; x_wconf 76' lang='lat' dir='ltr'>cespite</span> 
     </span>
     <span class='ocr_line' id='line_1_22' title="bbox 144 1323 904 1366; baseline -0.007 -8"><span class='ocrx_word' id='word_1_99' title='bbox 144 1327 279 1358; x_wconf 75' lang='lat' dir='ltr'>malmen-</span> <span class='ocrx_word' id='word_1_100' title='bbox 353 1327 471 1366; x_wconf 67' lang='lat' dir='ltr'>omrida,</span> <span class='ocrx_word' id='word_1_101' title='bbox 501 1323 640 1365; x_wconf 83' lang='lat' dir='ltr'>intellige</span> <span class='ocrx_word' id='word_1_102' title='bbox 665 1323 791 1364; x_wconf 83' lang='lat' dir='ltr'>publica</span> <span class='ocrx_word' id='word_1_103' title='bbox 816 1324 904 1364; x_wconf 87' lang='lat' dir='ltr'>oppi-</span> 
     </span>
     <span class='ocr_line' id='line_1_23' title="bbox 143 1366 905 1408; baseline -0.004 -8"><span class='ocrx_word' id='word_1_104' title='bbox 143 1369 256 1400; x_wconf 82' lang='lat' dir='ltr'>dorum</span> <span class='ocrx_word' id='word_1_105' title='bbox 270 1367 410 1404; x_wconf 73' lang='lat' dir='ltr'>aedificia,</span> <span class='ocrx_word' id='word_1_106' title='bbox 425 1377 541 1404; x_wconf 87' lang='lat' dir='ltr'>muros,</span> <span class='ocrx_word' id='word_1_107' title='bbox 557 1374 589 1397; x_wconf 88' lang='lat' dir='ltr'>et</span> <span class='ocrx_word' id='word_1_108' title='bbox 603 1366 673 1402; x_wconf 76' lang='lat' dir='ltr'>alia,</span> <span class='ocrx_word' id='word_1_109' title='bbox 695 1377 766 1408; x_wconf 77' lang='lat' dir='ltr'>quoe</span> <span class='ocrx_word' id='word_1_110' title='bbox 789 1367 829 1397; x_wconf 79' lang='lat' dir='ltr'>ad</span> <span class='ocrx_word' id='word_1_111' title='bbox 850 1377 905 1398; x_wconf 87' lang='lat' dir='ltr'>ex-</span> 
     </span>
     <span class='ocr_line' id='line_1_24' title="bbox 142 1410 903 1452; baseline -0.001 -10"><span class='ocrx_word' id='word_1_112' title='bbox 142 1419 268 1442; x_wconf 81' lang='lat' dir='ltr'>ternum</span> <span class='ocrx_word' id='word_1_113' title='bbox 282 1411 466 1452; x_wconf 77' lang='lat' dir='ltr'>oppidorum</span> <span class='ocrx_word' id='word_1_114' title='bbox 482 1410 531 1441; x_wconf 88' lang='lat' dir='ltr'>vel</span> <span class='ocrx_word' id='word_1_115' title='bbox 544 1410 739 1450; x_wconf 83' lang='lat' dir='ltr'>splendorem</span> <span class='ocrx_word' id='word_1_116' title='bbox 765 1410 814 1441; x_wconf 84' lang='lat' dir='ltr'>vel</span> <span class='ocrx_word' id='word_1_117' title='bbox 835 1421 903 1441; x_wconf 85' lang='lat' dir='ltr'>am-</span> 
     </span>
     <span class='ocr_line' id='line_1_25' title="bbox 142 1453 903 1495; baseline 0 -10"><span class='ocrx_word' id='word_1_118' title='bbox 142 1454 330 1495; x_wconf 74' lang='lat' dir='ltr'>plimdinem</span> <span class='ocrx_word' id='word_1_119' title='bbox 343 1455 508 1494; x_wconf 75' lang='lat' dir='ltr'>pertinent.</span> <span class='ocrx_word' id='word_1_120' title='bbox 575 1465 661 1491; x_wconf 93' lang='grc' dir='ltr'><em>πονο,</em></span> <span class='ocrx_word' id='word_1_121' title='bbox 675 1453 804 1484; x_wconf 77' lang='lat' dir='ltr'>aliunde</span> <span class='ocrx_word' id='word_1_122' title='bbox 817 1464 903 1495; x_wconf 72' lang='lat' dir='ltr'>quie·</span> 
     </span>
     <span class='ocr_line' id='line_1_26' title="bbox 143 1498 905 1538; baseline -0.001 -9"><span class='ocrx_word' id='word_1_123' title='bbox 143 1498 248 1533; x_wconf 61' lang='lat' dir='ltr'>simet</span> <span class='ocrx_word' id='word_1_124' title='bbox 270 1507 379 1529; x_wconf 78' lang='lat' dir='ltr'>recens</span> <span class='ocrx_word' id='word_1_125' title='bbox 401 1498 514 1529; x_wconf 74' lang='lat' dir='ltr'>exciso.</span> <span class='ocrx_word' id='word_1_126' title='bbox 533 1508 644 1529; x_wconf 69' lang='lat' dir='ltr'>saxum</span> <span class='ocrx_word' id='word_1_127' title='bbox 668 1509 782 1530; x_wconf 77' lang='lat' dir='ltr'>novum</span> <span class='ocrx_word' id='word_1_128' title='bbox 807 1507 905 1538; x_wconf 86' lang='lat' dir='ltr'>oppo-</span> 
     </span>
     <span class='ocr_line' id='line_1_27' title="bbox 143 1539 906 1584; baseline -0.001 -11"><span class='ocrx_word' id='word_1_129' title='bbox 143 1541 230 1573; x_wconf 85' lang='lat' dir='ltr'>nitur</span> <span class='ocrx_word' id='word_1_130' title='bbox 257 1543 360 1582; x_wconf 79' lang='grc' dir='ltr'><em>σοφία·</em></span> <span class='ocrx_word' id='word_1_131' title='bbox 378 1542 525 1584; x_wconf 74' lang='lat' dir='ltr'>fortuito.</span> <span class='ocrx_word' id='word_1_132' title='bbox 572 1539 733 1572; x_wconf 84' lang='lat' dir='ltr'>Nimirum</span> <span class='ocrx_word' id='word_1_133' title='bbox 762 1540 796 1570; x_wconf 88' lang='lat' dir='ltr'>in</span> <span class='ocrx_word' id='word_1_134' title='bbox 823 1540 906 1582; x_wconf 78' lang='lat' dir='ltr'>agris</span> 
     </span>
     <span class='ocr_line' id='line_1_28' title="bbox 147 1583 907 1622; baseline -0.001 -6"><span class='ocrx_word' id='word_1_135' title='bbox 147 1585 375 1622; x_wconf 63' lang='lat' dir='ltr'>marianorum,</span> <span class='ocrx_word' id='word_1_136' title='bbox 392 1585 446 1616; x_wconf 87' lang='lat' dir='ltr'>ubi</span> <span class='ocrx_word' id='word_1_137' title='bbox 467 1591 541 1615; x_wconf 84' lang='lat' dir='ltr'>ante</span> <span class='ocrx_word' id='word_1_138' title='bbox 561 1594 641 1615; x_wconf 73' lang='lat' dir='ltr'>casae</span> <span class='ocrx_word' id='word_1_139' title='bbox 665 1583 846 1616; x_wconf 68' lang='lat' dir='ltr'>humiliores</span> <span class='ocrx_word' id='word_1_140' title='bbox 867 1594 907 1615; x_wconf 84' lang='lat' dir='ltr'>ex</span> 
     </span>
     <span class='ocr_line' id='line_1_29' title="bbox 143 1627 906 1668; baseline 0 -10"><span class='ocrx_word' id='word_1_141' title='bbox 143 1628 259 1668; x_wconf 67' lang='lat' dir='ltr'>cespite</span> <span class='ocrx_word' id='word_1_142' title='bbox 281 1634 465 1660; x_wconf 70' lang='lat' dir='ltr'>conmuctae</span> <span class='ocrx_word' id='word_1_143' title='bbox 486 1634 642 1664; x_wconf 75' lang='lat' dir='ltr'>steterant,</span> <span class='ocrx_word' id='word_1_144' title='bbox 666 1637 754 1658; x_wconf 86' lang='lat' dir='ltr'>nunc</span> <span class='ocrx_word' id='word_1_145' title='bbox 778 1627 906 1668; x_wconf 72' lang='lat' dir='ltr'>amplia-</span> 
     </span>
     <span class='ocr_line' id='line_1_30' title="bbox 143 1670 906 1712; baseline -0.001 -9"><span class='ocrx_word' id='word_1_146' title='bbox 143 1671 223 1705; x_wconf 72' lang='lat' dir='ltr'>sima</span> <span class='ocrx_word' id='word_1_147' title='bbox 249 1681 288 1702; x_wconf 86' lang='lat' dir='ltr'>ex</span> <span class='ocrx_word' id='word_1_148' title='bbox 316 1670 471 1711; x_wconf 74' lang='lat' dir='ltr'>lapidibus</span> <span class='ocrx_word' id='word_1_149' title='bbox 494 1670 652 1712; x_wconf 81' lang='lat' dir='ltr'>quadratis</span> <span class='ocrx_word' id='word_1_150' title='bbox 675 1670 726 1701; x_wconf 82' lang='lat' dir='ltr'>vel</span> <span class='ocrx_word' id='word_1_151' title='bbox 751 1680 906 1702; x_wconf 80' lang='lat' dir='ltr'>marmore</span> 
     </span>
     <span class='ocr_line' id='line_1_31' title="bbox 146 1714 470 1756; baseline 0 -11"><span class='ocrx_word' id='word_1_152' title='bbox 146 1715 318 1756; x_wconf 75' lang='lat' dir='ltr'>surgebant</span> <span class='ocrx_word' id='word_1_153' title='bbox 331 1714 470 1746; x_wconf 65' lang='lat' dir='ltr'>edificia.</span> 
     </span>
    </p>
   </div>
   <div class='ocr_carea' id='block_1_7' title="bbox 365 1800 697 1832">
    <p class='ocr_par' dir='ltr' id='par_1_7' title="bbox 365 1800 697 1832">
     <span class='ocr_line' id='line_1_32' title="bbox 365 1800 697 1832; baseline -0.003 0"><span class='ocrx_word' id='word_1_154' title='bbox 365 1800 574 1832; x_wconf 80' lang='lat' dir='ltr'><strong>CARMEN</strong></span> <span class='ocrx_word' id='word_1_155' title='bbox 598 1800 697 1832; x_wconf 90' lang='lat' dir='ltr'><strong>XVI.</strong></span> 
     </span>
    </p>
   </div>
   <div class='ocr_carea' id='block_1_8' title="bbox 145 1886 912 2969">
    <p class='ocr_par' dir='ltr' id='par_1_8' title="bbox 145 1886 912 2969">
     <span class='ocr_line' id='line_1_33' title="bbox 191 1886 907 1928; baseline -0.003 -8"><span class='ocrx_word' id='word_1_156' title='bbox 191 1886 319 1928; x_wconf 76' lang='lat' dir='ltr'>scripsit</span> <span class='ocrx_word' id='word_1_157' title='bbox 330 1887 391 1918; x_wconf 86' lang='lat' dir='ltr'>hoc</span> <span class='ocrx_word' id='word_1_158' title='bbox 405 1897 530 1918; x_wconf 79' lang='lat' dir='ltr'>cannen</span> <span class='ocrx_word' id='word_1_159' title='bbox 545 1897 583 1917; x_wconf 89' lang='lat' dir='ltr'>eo</span> <span class='ocrx_word' id='word_1_160' title='bbox 601 1886 757 1926; x_wconf 74' lang='lat' dir='ltr'>praecipue</span> <span class='ocrx_word' id='word_1_161' title='bbox 777 1887 907 1918; x_wconf 78' lang='lat' dir='ltr'>oonsilio</span> 
     </span>
     <span class='ocr_line' id='line_1_34' title="bbox 146 1930 908 1970; baseline -0.003 -8"><span class='ocrx_word' id='word_1_162' title='bbox 146 1936 248 1970; x_wconf 70' lang='lat' dir='ltr'>poen.</span> <span class='ocrx_word' id='word_1_163' title='bbox 274 1936 312 1961; x_wconf 80' lang='lat' dir='ltr'>ut</span> <span class='ocrx_word' id='word_1_164' title='bbox 339 1930 519 1970; x_wconf 84' lang='lat' dir='ltr'>Grosphum</span> <span class='ocrx_word' id='word_1_165' title='bbox 544 1940 563 1960; x_wconf 84' lang='lat' dir='ltr'>a</span> <span class='ocrx_word' id='word_1_166' title='bbox 587 1940 703 1966; x_wconf 85' lang='lat' dir='ltr'>rerum,</span> <span class='ocrx_word' id='word_1_167' title='bbox 729 1940 814 1961; x_wconf 86' lang='lat' dir='ltr'>nunc</span> <span class='ocrx_word' id='word_1_168' title='bbox 839 1930 908 1962; x_wconf 87' lang='lat' dir='ltr'>ani-</span> 
     </span>
     <span class='ocr_line' id='line_1_35' title="bbox 146 1972 908 2014; baseline 0 -9"><span class='ocrx_word' id='word_1_169' title='bbox 146 1983 237 2005; x_wconf 83' lang='lat' dir='ltr'>mum</span> <span class='ocrx_word' id='word_1_170' title='bbox 257 1973 326 2014; x_wconf 77' lang='lat' dir='ltr'>ejus</span> <span class='ocrx_word' id='word_1_171' title='bbox 352 1973 612 2013; x_wconf 72' lang='lat' dir='ltr'>perturbantium,</span> <span class='ocrx_word' id='word_1_172' title='bbox 637 1972 848 2004; x_wconf 82' lang='lat' dir='ltr'>sollicitudine</span> <span class='ocrx_word' id='word_1_173' title='bbox 867 1974 908 2005; x_wconf 87' lang='lat' dir='ltr'>ad</span> 
     </span>
     <span class='ocr_line' id='line_1_36' title="bbox 148 2015 909 2058; baseline 0.001 -12"><span class='ocrx_word' id='word_1_174' title='bbox 148 2015 415 2058; x_wconf 48' lang='lat' dir='ltr'>mquillimtig&#39;</span> <span class='ocrx_word' id='word_1_175' title='bbox 405 2026 440 2046; x_wconf 87' lang='lat' dir='ltr'>m</span> <span class='ocrx_word' id='word_1_176' title='bbox 460 2026 523 2056; x_wconf 79' lang='lat' dir='ltr'>qua</span> <span class='ocrx_word' id='word_1_177' title='bbox 544 2015 645 2046; x_wconf 83' lang='lat' dir='ltr'>omnis</span> <span class='ocrx_word' id='word_1_178' title='bbox 665 2016 738 2049; x_wconf 76' lang='lat' dir='ltr'>vitae</span> <span class='ocrx_word' id='word_1_179' title='bbox 762 2017 909 2049; x_wconf 80' lang='lat' dir='ltr'>humanae</span> 
     </span>
     <span class='ocr_line' id='line_1_37' title="bbox 146 2058 905 2100; baseline 0.001 -10"><span class='ocrx_word' id='word_1_180' title='bbox 146 2059 314 2100; x_wconf 68' lang='lat' dir='ltr'>spectanda</span> <span class='ocrx_word' id='word_1_181' title='bbox 333 2059 375 2090; x_wconf 79' lang='lat' dir='ltr'>sit</span> <span class='ocrx_word' id='word_1_182' title='bbox 397 2058 539 2096; x_wconf 72' lang='lat' dir='ltr'>felicitas,</span> <span class='ocrx_word' id='word_1_183' title='bbox 561 2058 736 2091; x_wconf 83' lang='lat' dir='ltr'>traduceret</span> <span class='ocrx_word' id='word_1_184' title='bbox 756 2059 905 2091; x_wconf 86' lang='lat' dir='ltr'>studium.</span> 
     </span>
     <span class='ocr_line' id='line_1_38' title="bbox 149 2102 906 2139; baseline 0 -4"><span class='ocrx_word' id='word_1_185' title='bbox 149 2102 380 2137; x_wconf 71' lang='lat' dir='ltr'>Sententiarum</span> <span class='ocrx_word' id='word_1_186' title='bbox 408 2112 509 2134; x_wconf 83' lang='lat' dir='ltr'>nexus</span> <span class='ocrx_word' id='word_1_187' title='bbox 536 2108 583 2133; x_wconf 76' lang='lat' dir='ltr'>est</span> <span class='ocrx_word' id='word_1_188' title='bbox 602 2102 669 2133; x_wconf 81' lang='lat' dir='ltr'>fere</span> <span class='ocrx_word' id='word_1_189' title='bbox 690 2102 761 2134; x_wconf 81' lang='lat' dir='ltr'>hic:</span> <span class='ocrx_word' id='word_1_190' title='bbox 791 2104 906 2139; x_wconf 77' lang='lat' dir='ltr'>Otium,</span> 
     </span>
     <span class='ocr_line' id='line_1_39' title="bbox 147 2145 908 2186; baseline -0.001 -8"><span class='ocrx_word' id='word_1_191' title='bbox 147 2146 181 2178; x_wconf 81' lang='lat' dir='ltr'>h.</span> <span class='ocrx_word' id='word_1_192' title='bbox 197 2156 225 2177; x_wconf 76' lang='lat' dir='ltr'>a.</span> <span class='ocrx_word' id='word_1_193' title='bbox 243 2146 451 2184; x_wconf 63' lang='lat' dir='ltr'>semmam,</span> <span class='ocrx_word' id='word_1_194' title='bbox 475 2145 623 2186; x_wconf 80' lang='lat' dir='ltr'>quietem,</span> <span class='ocrx_word' id='word_1_195' title='bbox 648 2152 680 2177; x_wconf 87' lang='lat' dir='ltr'>et</span> <span class='ocrx_word' id='word_1_196' title='bbox 701 2146 799 2177; x_wconf 83' lang='lat' dir='ltr'>animi</span> <span class='ocrx_word' id='word_1_197' title='bbox 822 2153 908 2181; x_wconf 81' lang='lat' dir='ltr'>tran-</span> 
     </span>
     <span class='ocr_line' id='line_1_40' title="bbox 147 2188 908 2239; baseline 0.003 -19"><span class='ocrx_word' id='word_1_198' title='bbox 147 2188 344 2239; x_wconf 71' lang='lat' dir='ltr'>quillitatem,</span> <span class='ocrx_word' id='word_1_199' title='bbox 370 2199 492 2229; x_wconf 77' lang='lat' dir='ltr'>semper</span> <span class='ocrx_word' id='word_1_200' title='bbox 512 2189 654 2220; x_wconf 78' lang='lat' dir='ltr'>homines</span> <span class='ocrx_word' id='word_1_201' title='bbox 677 2189 838 2231; x_wconf 55' lang='lat' dir='ltr'>flag-itanu</span> <span class='ocrx_word' id='word_1_202' title='bbox 860 2200 908 2222; x_wconf 73' lang='lat' dir='ltr'>se-</span> 
     </span>
     <span class='ocr_line' id='line_1_41' title="bbox 145 2231 909 2273; baseline -0.007 -4"><span class='ocrx_word' id='word_1_203' title='bbox 145 2231 309 2269; x_wconf 64' lang='lat' dir='ltr'>curitatem</span> <span class='ocrx_word' id='word_1_204' title='bbox 327 2232 466 2273; x_wconf 82' lang='lat' dir='ltr'>quidem,</span> <span class='ocrx_word' id='word_1_205' title='bbox 488 2234 543 2273; x_wconf 88' lang='lat' dir='ltr'>qui</span> <span class='ocrx_word' id='word_1_206' title='bbox 563 2232 598 2264; x_wconf 88' lang='lat' dir='ltr'>in</span> <span class='ocrx_word' id='word_1_207' title='bbox 619 2233 698 2263; x_wconf 73' lang='lat' dir='ltr'>mari</span> <span class='ocrx_word' id='word_1_208' title='bbox 719 2234 909 2273; x_wconf 79' lang='lat' dir='ltr'>tempestatis</span> 
     </span>
     <span class='ocr_line' id='line_1_42' title="bbox 146 2275 909 2316; baseline 0.001 -10"><span class='ocrx_word' id='word_1_209' title='bbox 146 2275 286 2316; x_wconf 73' lang='lat' dir='ltr'>peniculo</span> <span class='ocrx_word' id='word_1_210' title='bbox 316 2275 447 2315; x_wconf 76' lang='lat' dir='ltr'>expositi</span> <span class='ocrx_word' id='word_1_211' title='bbox 483 2282 578 2314; x_wconf 82' lang='lat' dir='ltr'>sunt;</span> <span class='ocrx_word' id='word_1_212' title='bbox 614 2275 762 2316; x_wconf 82' lang='lat' dir='ltr'>quietem,</span> <span class='ocrx_word' id='word_1_213' title='bbox 798 2276 909 2316; x_wconf 86' lang='lat' dir='ltr'>populi</span> 
     </span>
     <span class='ocr_line' id='line_1_43' title="bbox 146 2318 909 2361; baseline 0 -10"><span class='ocrx_word' id='word_1_214' title='bbox 146 2318 302 2353; x_wconf 77' lang='lat' dir='ltr'>bellorum</span> <span class='ocrx_word' id='word_1_215' title='bbox 315 2319 473 2350; x_wconf 82' lang='lat' dir='ltr'>laboribus</span> <span class='ocrx_word' id='word_1_216' title='bbox 496 2319 592 2357; x_wconf 73' lang='lat' dir='ltr'>fessi3</span> <span class='ocrx_word' id='word_1_217' title='bbox 613 2319 710 2350; x_wconf 86' lang='lat' dir='ltr'>animi</span> <span class='ocrx_word' id='word_1_218' title='bbox 732 2320 909 2361; x_wconf 83' lang='lat' dir='ltr'>tranquilli-</span> 
     </span>
     <span class='ocr_line' id='line_1_44' title="bbox 148 2363 909 2411; baseline 0.001 -17"><span class='ocrx_word' id='word_1_219' title='bbox 148 2368 262 2411; x_wconf 45' lang='lat' dir='ltr'>tatum,-</span> <span class='ocrx_word' id='word_1_220' title='bbox 271 2372 373 2403; x_wconf 72' lang='lat' dir='ltr'>aeque</span> <span class='ocrx_word' id='word_1_221' title='bbox 385 2372 523 2402; x_wconf 81' lang='lat' dir='ltr'>purpura</span> <span class='ocrx_word' id='word_1_222' title='bbox 536 2372 639 2403; x_wconf 79' lang='lat' dir='ltr'>neque</span> <span class='ocrx_word' id='word_1_223' title='bbox 658 2373 736 2395; x_wconf 84' lang='lat' dir='ltr'>auro</span> <span class='ocrx_word' id='word_1_224' title='bbox 756 2363 909 2400; x_wconf 69' lang='lat' dir='ltr'>venalem,</span> 
     </span>
     <span class='ocr_line' id='line_1_45' title="bbox 147 2405 908 2447; baseline 0 -9"><span class='ocrx_word' id='word_1_225' title='bbox 147 2405 280 2438; x_wconf 70' lang='lat' dir='ltr'>mmmis</span> <span class='ocrx_word' id='word_1_226' title='bbox 298 2406 468 2437; x_wconf 80' lang='lat' dir='ltr'>honoribus</span> <span class='ocrx_word' id='word_1_227' title='bbox 488 2411 521 2437; x_wconf 78' lang='lat' dir='ltr'>et</span> <span class='ocrx_word' id='word_1_228' title='bbox 541 2405 720 2439; x_wconf 80' lang='lat' dir='ltr'>divitiarum</span> <span class='ocrx_word' id='word_1_229' title='bbox 742 2407 908 2447; x_wconf 76' lang='lat' dir='ltr'>splendore</span> 
     </span>
     <span class='ocr_line' id='line_1_46' title="bbox 148 2448 908 2500; baseline 0 -20"><span class='ocrx_word' id='word_1_230' title='bbox 148 2448 322 2499; x_wconf 55' lang='lat' dir='ltr'>conspicua:</span> <span class='ocrx_word' id='word_1_231' title='bbox 365 2449 487 2485; x_wconf 86' lang='lat' dir='ltr'>Verum</span> <span class='ocrx_word' id='word_1_232' title='bbox 501 2448 585 2480; x_wconf 87' lang='lat' dir='ltr'>enim</span> <span class='ocrx_word' id='word_1_233' title='bbox 606 2459 680 2480; x_wconf 85' lang='lat' dir='ltr'>vero</span> <span class='ocrx_word' id='word_1_234' title='bbox 703 2450 802 2500; x_wconf 74' lang='lat' dir='ltr'>animi</span> <span class='ocrx_word' id='word_1_235' title='bbox 823 2458 908 2481; x_wconf 85' lang='lat' dir='ltr'>tran-</span> 
     </span>
     <span class='ocr_line' id='line_1_47' title="bbox 150 2491 908 2535; baseline 0.003 -13"><span class='ocrx_word' id='word_1_236' title='bbox 150 2491 310 2533; x_wconf 54' lang='lat' dir='ltr'>quinium</span> <span class='ocrx_word' id='word_1_237' title='bbox 300 2491 339 2522; x_wconf 81' lang='lat' dir='ltr'>iis</span> <span class='ocrx_word' id='word_1_238' title='bbox 351 2499 474 2523; x_wconf 83' lang='lat' dir='ltr'>tantum</span> <span class='ocrx_word' id='word_1_239' title='bbox 495 2492 659 2533; x_wconf 79' lang='lat' dir='ltr'>contingit,</span> <span class='ocrx_word' id='word_1_240' title='bbox 685 2493 750 2535; x_wconf 88' lang='lat' dir='ltr'>qui,</span> <span class='ocrx_word' id='word_1_241' title='bbox 773 2493 908 2532; x_wconf 85' lang='lat' dir='ltr'>modica,</span> 
     </span>
     <span class='ocr_line' id='line_1_48' title="bbox 149 2534 908 2584; baseline 0.001 -17"><span class='ocrx_word' id='word_1_242' title='bbox 149 2534 184 2567; x_wconf 84' lang='lat' dir='ltr'>in</span> <span class='ocrx_word' id='word_1_243' title='bbox 194 2535 338 2584; x_wconf 78' lang='lat' dir='ltr'>qnanati</span> <span class='ocrx_word' id='word_1_244' title='bbox 351 2542 432 2572; x_wconf 81' lang='lat' dir='ltr'>sunt,</span> <span class='ocrx_word' id='word_1_245' title='bbox 458 2542 540 2569; x_wconf 78' lang='lat' dir='ltr'>sorte</span> <span class='ocrx_word' id='word_1_246' title='bbox 560 2536 707 2571; x_wconf 80' lang='lat' dir='ltr'>contenti,</span> <span class='ocrx_word' id='word_1_247' title='bbox 733 2547 835 2578; x_wconf 84' lang='lat' dir='ltr'>neque</span> <span class='ocrx_word' id='word_1_248' title='bbox 859 2536 908 2567; x_wconf 83' lang='lat' dir='ltr'>di-</span> 
     </span>
     <span class='ocr_line' id='line_1_49' title="bbox 149 2576 910 2620; baseline 0.001 -11"><span class='ocrx_word' id='word_1_249' title='bbox 149 2576 240 2613; x_wconf 75' lang='lat' dir='ltr'>vitias</span> <span class='ocrx_word' id='word_1_250' title='bbox 250 2585 413 2618; x_wconf 79' lang='lat' dir='ltr'>appetunt,</span> <span class='ocrx_word' id='word_1_251' title='bbox 427 2589 530 2620; x_wconf 85' lang='lat' dir='ltr'>neque</span> <span class='ocrx_word' id='word_1_252' title='bbox 542 2578 680 2611; x_wconf 81' lang='lat' dir='ltr'>studiose</span> <span class='ocrx_word' id='word_1_253' title='bbox 692 2579 786 2611; x_wconf 84' lang='lat' dir='ltr'>easin</span> <span class='ocrx_word' id='word_1_254' title='bbox 796 2581 910 2612; x_wconf 72' lang='lat' dir='ltr'>exteris</span> 
     </span>
     <span class='ocr_line' id='line_1_50' title="bbox 149 2621 909 2664; baseline 0.005 -12"><span class='ocrx_word' id='word_1_255' title='bbox 149 2621 328 2662; x_wconf 69' lang='lat' dir='ltr'>regionibiss</span> <span class='ocrx_word' id='word_1_256' title='bbox 340 2629 495 2664; x_wconf 80' lang='lat' dir='ltr'>quaerunt,</span> <span class='ocrx_word' id='word_1_257' title='bbox 510 2622 650 2663; x_wconf 82' lang='lat' dir='ltr'>adeoque</span> <span class='ocrx_word' id='word_1_258' title='bbox 662 2623 756 2661; x_wconf 82' lang='lat' dir='ltr'>curis,</span> <span class='ocrx_word' id='word_1_259' title='bbox 778 2623 909 2656; x_wconf 68' lang='lat' dir='ltr'>meluis</span> 
     </span>
     <span class='ocr_line' id='line_1_51' title="bbox 150 2662 906 2705; baseline 0.004 -10"><span class='ocrx_word' id='word_1_260' title='bbox 150 2662 213 2695; x_wconf 79' lang='lat' dir='ltr'>illis</span> <span class='ocrx_word' id='word_1_261' title='bbox 248 2664 454 2705; x_wconf 79' lang='lat' dir='ltr'>cupiditatum</span> <span class='ocrx_word' id='word_1_262' title='bbox 488 2665 662 2703; x_wconf 81' lang='lat' dir='ltr'>comitibus,</span> <span class='ocrx_word' id='word_1_263' title='bbox 698 2668 789 2698; x_wconf 82' lang='lat' dir='ltr'>vacui</span> <span class='ocrx_word' id='word_1_264' title='bbox 822 2673 906 2699; x_wconf 80' lang='lat' dir='ltr'>sunt.</span> 
     </span>
     <span class='ocr_line' id='line_1_52' title="bbox 154 2707 908 2750; baseline 0.001 -10"><span class='ocrx_word' id='word_1_265' title='bbox 154 2707 292 2740; x_wconf 73' lang='lat' dir='ltr'>Animus</span> <span class='ocrx_word' id='word_1_266' title='bbox 304 2708 490 2750; x_wconf 85' lang='lat' dir='ltr'>tranquillus</span> <span class='ocrx_word' id='word_1_267' title='bbox 503 2708 566 2740; x_wconf 81' lang='lat' dir='ltr'>de‘</span> <span class='ocrx_word' id='word_1_268' title='bbox 556 2708 603 2744; x_wconf 71' lang='grc' dir='ltr'>ιίε,</span> <span class='ocrx_word' id='word_1_269' title='bbox 619 2720 691 2750; x_wconf 84' lang='lat' dir='ltr'>quae</span> <span class='ocrx_word' id='word_1_270' title='bbox 708 2709 831 2747; x_wconf 83' lang='lat' dir='ltr'>adsunt,</span> <span class='ocrx_word' id='word_1_271' title='bbox 853 2711 908 2741; x_wconf 83' lang='lat' dir='ltr'>lae-</span> 
     </span>
     <span class='ocr_line' id='line_1_53' title="bbox 151 2751 910 2791; baseline 0.005 -10"><span class='ocrx_word' id='word_1_272' title='bbox 151 2754 246 2788; x_wconf 57' lang='lat' dir='ltr'>tumr,</span> <span class='ocrx_word' id='word_1_273' title='bbox 261 2751 386 2782; x_wconf 84' lang='lat' dir='ltr'>etsicut</span> <span class='ocrx_word' id='word_1_274' title='bbox 409 2751 517 2783; x_wconf 72' lang='lat' dir='ltr'>sumta</span> <span class='ocrx_word' id='word_1_275' title='bbox 535 2762 600 2784; x_wconf 86' lang='lat' dir='ltr'>non</span> <span class='ocrx_word' id='word_1_276' title='bbox 620 2759 719 2791; x_wconf 81' lang='lat' dir='ltr'>curat,</span> <span class='ocrx_word' id='word_1_277' title='bbox 746 2754 791 2785; x_wconf 87' lang='lat' dir='ltr'>ita</span> <span class='ocrx_word' id='word_1_278' title='bbox 811 2754 910 2785; x_wconf 82' lang='lat' dir='ltr'>fortu-</span> 
     </span>
     <span class='ocr_line' id='line_1_54' title="bbox 153 2792 911 2834; baseline 0.007 -11"><span class='ocrx_word' id='word_1_279' title='bbox 153 2801 239 2827; x_wconf 74' lang='lat' dir='ltr'>mm</span> <span class='ocrx_word' id='word_1_280' title='bbox 235 2792 399 2826; x_wconf 75' lang='lat' dir='ltr'>adversam</span> <span class='ocrx_word' id='word_1_281' title='bbox 412 2796 570 2826; x_wconf 86' lang='lat' dir='ltr'>moderate</span> <span class='ocrx_word' id='word_1_282' title='bbox 584 2796 653 2834; x_wconf 80' lang='lat' dir='ltr'>fert,</span> <span class='ocrx_word' id='word_1_283' title='bbox 668 2807 753 2834; x_wconf 85' lang='lat' dir='ltr'>cum,</span> <span class='ocrx_word' id='word_1_284' title='bbox 767 2797 847 2828; x_wconf 88' lang='lat' dir='ltr'>nihil</span> <span class='ocrx_word' id='word_1_285' title='bbox 871 2798 911 2828; x_wconf 84' lang='lat' dir='ltr'>ab</span> 
     </span>
     <span class='ocr_line' id='line_1_55' title="bbox 155 2835 912 2876; baseline 0.008 -10"><span class='ocrx_word' id='word_1_286' title='bbox 155 2835 241 2871; x_wconf 74' lang='lat' dir='ltr'>omni</span> <span class='ocrx_word' id='word_1_287' title='bbox 277 2843 364 2876; x_wconf 73' lang='lat' dir='ltr'>parte</span> <span class='ocrx_word' id='word_1_288' title='bbox 390 2839 518 2869; x_wconf 85' lang='lat' dir='ltr'>beatum</span> <span class='ocrx_word' id='word_1_289' title='bbox 546 2849 620 2876; x_wconf 65' lang='lat' dir='ltr'>esee,</span> <span class='ocrx_word' id='word_1_290' title='bbox 644 2839 694 2871; x_wconf 87' lang='lat' dir='ltr'>vel</span> <span class='ocrx_word' id='word_1_291' title='bbox 718 2840 853 2872; x_wconf 82' lang='lat' dir='ltr'>Achillis</span> <span class='ocrx_word' id='word_1_292' title='bbox 880 2845 912 2872; x_wconf 84' lang='lat' dir='ltr'>et</span> 
     </span>
     <span class='ocr_line' id='line_1_56' title="bbox 160 2875 909 2922; baseline 0.009 -13"><span class='ocrx_word' id='word_1_293' title='bbox 160 2875 288 2914; x_wconf 61' lang='lat' dir='ltr'>&#39;tithoni</span> <span class='ocrx_word' id='word_1_294' title='bbox 307 2889 395 2911; x_wconf 67' lang='lat' dir='ltr'>exem</span> <span class='ocrx_word' id='word_1_295' title='bbox 396 2880 450 2920; x_wconf 81' lang='lat' dir='ltr'>pla</span> <span class='ocrx_word' id='word_1_296' title='bbox 472 2881 546 2913; x_wconf 67' lang='lat' dir='ltr'>sutis</span> <span class='ocrx_word' id='word_1_297' title='bbox 563 2882 715 2922; x_wconf 85' lang='lat' dir='ltr'>doceant;</span> <span class='ocrx_word' id='word_1_298' title='bbox 737 2883 818 2915; x_wconf 79' lang='lat' dir='ltr'>alius</span> <span class='ocrx_word' id='word_1_299' title='bbox 838 2885 909 2921; x_wconf 86' lang='lat' dir='ltr'>hoc,</span> 
     </span>
     <span class='ocr_line' id='line_1_57' title="bbox 159 2891 910 2969; baseline 0.016 -21"><span class='ocrx_word' id='word_1_300' title='bbox 159 2918 238 2951; x_wconf 73' lang='lat' dir='ltr'>alius</span> <span class='ocrx_word' id='word_1_301' title='bbox 251 2921 312 2953; x_wconf 81' lang='lat' dir='ltr'>alio</span> <span class='ocrx_word' id='word_1_302' title='bbox 329 2891 482 2956; x_wconf 64' lang='lat' dir='ltr'>felicitatis</span> <span class='ocrx_word' id='word_1_303' title='bbox 501 2936 626 2967; x_wconf 78' lang='lat' dir='ltr'>genere,</span> <span class='ocrx_word' id='word_1_304' title='bbox 648 2925 784 2969; x_wconf 79' lang='lat' dir='ltr'>gaudet;</span> <span class='ocrx_word' id='word_1_305' title='bbox 806 2933 852 2964; x_wconf 84' lang='lat' dir='ltr'>tu,</span> <span class='ocrx_word' id='word_1_306' title='bbox 878 2928 910 2960; x_wconf 91' lang='grc' dir='ltr'>Ο</span> 
     </span>
    </p>
   </div>
   <div class='ocr_carea' id='block_1_9' title="bbox 943 889 1710 1451">
    <p class='ocr_par' dir='ltr' id='par_1_9' title="bbox 943 889 1710 1451">
     <span class='ocr_line' id='line_1_58' title="bbox 949 889 1706 933; baseline 0.004 -13"><span class='ocrx_word' id='word_1_307' title='bbox 949 891 1102 930; x_wconf 69' lang='lat' dir='ltr'>Grosphe,</span> <span class='ocrx_word' id='word_1_308' title='bbox 1133 900 1166 921; x_wconf 66' lang='lat' dir='ltr'>as</span> <span class='ocrx_word' id='word_1_309' title='bbox 1193 889 1288 926; x_wconf 79' lang='lat' dir='ltr'>dives,</span> <span class='ocrx_word' id='word_1_310' title='bbox 1319 900 1379 931; x_wconf 83' lang='lat' dir='ltr'>ego</span> <span class='ocrx_word' id='word_1_311' title='bbox 1407 891 1493 931; x_wconf 86' lang='lat' dir='ltr'>parvi</span> <span class='ocrx_word' id='word_1_312' title='bbox 1521 891 1613 933; x_wconf 81' lang='lat' dir='ltr'>agelli</span> <span class='ocrx_word' id='word_1_313' title='bbox 1635 902 1706 923; x_wconf 88' lang='lat' dir='ltr'>sum</span> 
     </span>
     <span class='ocr_line' id='line_1_59' title="bbox 945 932 1705 977; baseline 0.003 -14"><span class='ocrx_word' id='word_1_314' title='bbox 945 943 1107 974; x_wconf 85' lang='lat' dir='ltr'>possessor,</span> <span class='ocrx_word' id='word_1_315' title='bbox 1133 932 1187 964; x_wconf 86' lang='lat' dir='ltr'>sed</span> <span class='ocrx_word' id='word_1_316' title='bbox 1210 941 1311 973; x_wconf 79' lang='lat' dir='ltr'>poeta,</span> <span class='ocrx_word' id='word_1_317' title='bbox 1341 934 1423 965; x_wconf 85' lang='lat' dir='ltr'>ultra</span> <span class='ocrx_word' id='word_1_318' title='bbox 1447 934 1534 977; x_wconf 82' lang='lat' dir='ltr'>vulgi</span> <span class='ocrx_word' id='word_1_319' title='bbox 1558 935 1705 966; x_wconf 81' lang='lat' dir='ltr'>invidiam</span> 
     </span>
     <span class='ocr_line' id='line_1_60' title="bbox 945 977 1707 1026; baseline 0.001 -19"><span class='ocrx_word' id='word_1_320' title='bbox 945 977 1177 1008; x_wconf 60' lang='lat' dir='ltr'>elatus—Sic</span> <span class='ocrx_word' id='word_1_321' title='bbox 1184 977 1337 1026; x_wconf 86' lang='lat' dir='ltr'>equidem</span> <span class='ocrx_word' id='word_1_322' title='bbox 1363 978 1396 1007; x_wconf 89' lang='lat' dir='ltr'>in</span> <span class='ocrx_word' id='word_1_323' title='bbox 1421 979 1480 1009; x_wconf 85' lang='lat' dir='ltr'>hoc</span> <span class='ocrx_word' id='word_1_324' title='bbox 1504 978 1651 1016; x_wconf 79' lang='lat' dir='ltr'>carmine,</span> <span class='ocrx_word' id='word_1_325' title='bbox 1674 981 1707 1008; x_wconf 88' lang='lat' dir='ltr'>in</span> 
     </span>
     <span class='ocr_line' id='line_1_61' title="bbox 944 1020 1706 1062; baseline 0.003 -11"><span class='ocrx_word' id='word_1_326' title='bbox 944 1020 1036 1062; x_wconf 80' lang='lat' dir='ltr'>eujus</span> <span class='ocrx_word' id='word_1_327' title='bbox 1050 1020 1210 1051; x_wconf 76' lang='lat' dir='ltr'>sententiis</span> <span class='ocrx_word' id='word_1_328' title='bbox 1223 1021 1304 1052; x_wconf 86' lang='lat' dir='ltr'>inter</span> <span class='ocrx_word' id='word_1_329' title='bbox 1319 1031 1351 1051; x_wconf 87' lang='lat' dir='ltr'>se</span> <span class='ocrx_word' id='word_1_330' title='bbox 1371 1022 1531 1053; x_wconf 82' lang='lat' dir='ltr'>nectendis</span> <span class='ocrx_word' id='word_1_331' title='bbox 1552 1022 1641 1053; x_wconf 85' lang='lat' dir='ltr'>valde</span> <span class='ocrx_word' id='word_1_332' title='bbox 1661 1022 1706 1052; x_wconf 86' lang='lat' dir='ltr'>la-</span> 
     </span>
     <span class='ocr_line' id='line_1_62' title="bbox 943 1064 1707 1107; baseline 0.003 -14"><span class='ocrx_word' id='word_1_333' title='bbox 943 1064 1086 1094; x_wconf 86' lang='lat' dir='ltr'>boratum</span> <span class='ocrx_word' id='word_1_334' title='bbox 1102 1070 1158 1101; x_wconf 77' lang='lat' dir='ltr'>est,</span> <span class='ocrx_word' id='word_1_335' title='bbox 1174 1065 1280 1095; x_wconf 85' lang='lat' dir='ltr'>omnia</span> <span class='ocrx_word' id='word_1_336' title='bbox 1292 1064 1333 1095; x_wconf 88' lang='lat' dir='ltr'>ad</span> <span class='ocrx_word' id='word_1_337' title='bbox 1347 1065 1523 1102; x_wconf 77' lang='lat' dir='ltr'>consilium,</span> <span class='ocrx_word' id='word_1_338' title='bbox 1538 1076 1602 1107; x_wconf 90' lang='lat' dir='ltr'>quo</span> <span class='ocrx_word' id='word_1_339' title='bbox 1627 1065 1707 1095; x_wconf 87' lang='lat' dir='ltr'>illud</span> 
     </span>
     <span class='ocr_line' id='line_1_63' title="bbox 945 1107 1707 1146; baseline -0.001 -7"><span class='ocrx_word' id='word_1_340' title='bbox 945 1107 1095 1146; x_wconf 72' lang='lat' dir='ltr'>scriptum</span> <span class='ocrx_word' id='word_1_341' title='bbox 1124 1117 1190 1138; x_wconf 80' lang='lat' dir='ltr'>esse</span> <span class='ocrx_word' id='word_1_342' title='bbox 1225 1107 1370 1143; x_wconf 76' lang='lat' dir='ltr'>diximus,</span> <span class='ocrx_word' id='word_1_343' title='bbox 1408 1110 1571 1141; x_wconf 89' lang='lat' dir='ltr'>commode</span> <span class='ocrx_word' id='word_1_344' title='bbox 1600 1108 1707 1142; x_wconf 74' lang='lat' dir='ltr'>referri</span> 
     </span>
     <span class='ocr_line' id='line_1_64' title="bbox 946 1149 1710 1193; baseline 0.007 -14"><span class='ocrx_word' id='word_1_345' title='bbox 946 1160 1036 1190; x_wconf 84' lang='lat' dir='ltr'>posse</span> <span class='ocrx_word' id='word_1_346' title='bbox 1065 1149 1217 1181; x_wconf 84' lang='lat' dir='ltr'>existimo.</span> <span class='ocrx_word' id='word_1_347' title='bbox 1247 1169 1291 1176; x_wconf 96' lang='lat'>—</span> <span class='ocrx_word' id='word_1_348' title='bbox 1314 1151 1366 1181; x_wconf 86' lang='lat' dir='ltr'>De</span> <span class='ocrx_word' id='word_1_349' title='bbox 1396 1154 1540 1193; x_wconf 74' lang='lat' dir='ltr'>Pompeio</span> <span class='ocrx_word' id='word_1_350' title='bbox 1575 1155 1710 1193; x_wconf 76' lang='lat' dir='ltr'>Grospho</span> 
     </span>
     <span class='ocr_line' id='line_1_65' title="bbox 946 1193 1683 1236; baseline 0.003 -12"><span class='ocrx_word' id='word_1_351' title='bbox 946 1194 1070 1234; x_wconf 78' lang='lat' dir='ltr'>copiose</span> <span class='ocrx_word' id='word_1_352' title='bbox 1083 1193 1149 1234; x_wconf 82' lang='lat' dir='ltr'>egit</span> <span class='ocrx_word' id='word_1_353' title='bbox 1164 1196 1359 1226; x_wconf 76' lang='lat' dir='ltr'>Sanodonius</span> <span class='ocrx_word' id='word_1_354' title='bbox 1370 1205 1428 1236; x_wconf 87' lang='lat' dir='ltr'>sup</span> <span class='ocrx_word' id='word_1_355' title='bbox 1429 1206 1453 1226; x_wconf 86' lang='lat' dir='ltr'>r.</span> <span class='ocrx_word' id='word_1_356' title='bbox 1472 1196 1511 1226; x_wconf 81' lang='lat' dir='ltr'>ad</span> <span class='ocrx_word' id='word_1_357' title='bbox 1528 1196 1565 1228; x_wconf 89' lang='lat' dir='ltr'>L.</span> <span class='ocrx_word' id='word_1_358' title='bbox 1584 1197 1632 1227; x_wconf 91' lang='lat'>11.</span> <span class='ocrx_word' id='word_1_359' title='bbox 1652 1195 1683 1226; x_wconf 83' lang='lat'>7.</span> 
     </span>
     <span class='ocr_line' id='line_1_66' title="bbox 989 1236 1709 1281; baseline 0.003 -14"><span class='ocrx_word' id='word_1_360' title='bbox 989 1247 1018 1267; x_wconf 83' lang='lat' dir='ltr'>v.</span> <span class='ocrx_word' id='word_1_361' title='bbox 1035 1236 1128 1268; x_wconf 86' lang='lat'><strong>1-8.</strong></span> <span class='ocrx_word' id='word_1_362' title='bbox 1157 1238 1285 1270; x_wconf 75' lang='lat' dir='ltr'>Otium</span> <span class='ocrx_word' id='word_1_363' title='bbox 1276 1248 1309 1268; x_wconf 85' lang='grc' dir='ltr'>ιιι</span> <span class='ocrx_word' id='word_1_364' title='bbox 1331 1238 1439 1270; x_wconf 90' lang='lat' dir='ltr'>latiore</span> <span class='ocrx_word' id='word_1_365' title='bbox 1460 1249 1561 1276; x_wconf 81' lang='lat' dir='ltr'>sensu,</span> <span class='ocrx_word' id='word_1_366' title='bbox 1588 1247 1626 1270; x_wconf 85' lang='lat' dir='ltr'>ut</span> <span class='ocrx_word' id='word_1_367' title='bbox 1642 1240 1709 1281; x_wconf 82' lang='lat' dir='ltr'>jam</span> 
     </span>
     <span class='ocr_line' id='line_1_67' title="bbox 946 1280 1708 1322; baseline 0.004 -12"><span class='ocrx_word' id='word_1_368' title='bbox 946 1280 980 1311; x_wconf 88' lang='lat' dir='ltr'>in</span> <span class='ocrx_word' id='word_1_369' title='bbox 998 1280 1197 1322; x_wconf 87' lang='lat' dir='ltr'>Argumento</span> <span class='ocrx_word' id='word_1_370' title='bbox 1211 1281 1413 1319; x_wconf 81' lang='lat' dir='ltr'>ostendimus,</span> <span class='ocrx_word' id='word_1_371' title='bbox 1440 1289 1503 1312; x_wconf 84' lang='lat' dir='ltr'>tam</span> <span class='ocrx_word' id='word_1_372' title='bbox 1529 1282 1568 1313; x_wconf 91' lang='lat' dir='ltr'>de</span> <span class='ocrx_word' id='word_1_373' title='bbox 1593 1282 1708 1313; x_wconf 85' lang='lat' dir='ltr'>securi-</span> 
     </span>
     <span class='ocr_line' id='line_1_68' title="bbox 947 1325 1707 1374; baseline 0.003 -19"><span class='ocrx_word' id='word_1_374' title='bbox 947 1329 1020 1361; x_wconf 75' lang='lat' dir='ltr'>tate,</span> <span class='ocrx_word' id='word_1_375' title='bbox 1035 1334 1112 1363; x_wconf 82' lang='lat' dir='ltr'>pace</span> <span class='ocrx_word' id='word_1_376' title='bbox 1133 1331 1166 1355; x_wconf 89' lang='lat' dir='ltr'>et</span> <span class='ocrx_word' id='word_1_377' title='bbox 1185 1325 1299 1374; x_wconf 85' lang='lat' dir='ltr'>quiete,</span> <span class='ocrx_word' id='word_1_378' title='bbox 1322 1336 1417 1367; x_wconf 88' lang='lat' dir='ltr'>quam</span> <span class='ocrx_word' id='word_1_379' title='bbox 1440 1325 1480 1356; x_wconf 89' lang='lat' dir='ltr'>de</span> <span class='ocrx_word' id='word_1_380' title='bbox 1501 1326 1598 1356; x_wconf 85' lang='lat' dir='ltr'>animi</span> <span class='ocrx_word' id='word_1_381' title='bbox 1623 1333 1707 1357; x_wconf 82' lang='lat' dir='ltr'>tran-</span> 
     </span>
     <span class='ocr_line' id='line_1_69' title="bbox 947 1367 1708 1410; baseline 0.004 -13"><span class='ocrx_word' id='word_1_382' title='bbox 947 1367 1101 1408; x_wconf 83' lang='lat' dir='ltr'>quillitate</span> <span class='ocrx_word' id='word_1_383' title='bbox 1136 1369 1293 1408; x_wconf 80' lang='lat' dir='ltr'>positum3</span> <span class='ocrx_word' id='word_1_384' title='bbox 1339 1369 1444 1409; x_wconf 84' lang='lat' dir='ltr'>itaque</span> <span class='ocrx_word' id='word_1_385' title='bbox 1473 1370 1559 1400; x_wconf 88' lang='lat' dir='ltr'>notio</span> <span class='ocrx_word' id='word_1_386' title='bbox 1594 1370 1708 1410; x_wconf 85' lang='lat' dir='ltr'>cuique</span> 
     </span>
     <span class='ocr_line' id='line_1_70' title="bbox 946 1410 1492 1451; baseline 0.004 -10"><span class='ocrx_word' id='word_1_387' title='bbox 946 1410 1108 1442; x_wconf 82' lang='lat' dir='ltr'>sententiae</span> <span class='ocrx_word' id='word_1_388' title='bbox 1122 1419 1194 1451; x_wconf 85' lang='lat' dir='ltr'>apta</span> <span class='ocrx_word' id='word_1_389' title='bbox 1207 1411 1281 1442; x_wconf 91' lang='lat' dir='ltr'>inde</span> <span class='ocrx_word' id='word_1_390' title='bbox 1296 1411 1364 1443; x_wconf 86' lang='lat' dir='ltr'>elici</span> <span class='ocrx_word' id='word_1_391' title='bbox 1390 1411 1492 1443; x_wconf 84' lang='lat' dir='ltr'>debet.</span> 
     </span>
    </p>
   </div>
   <div class='ocr_carea' id='block_1_10' title="bbox 947 1499 1718 2973">
    <p class='ocr_par' dir='ltr' id='par_1_10' title="bbox 1148 1499 1708 1538">
     <span class='ocr_line' id='line_1_71' title="bbox 1148 1499 1708 1538; baseline 0.002 -9"><span class='ocrx_word' id='word_1_392' title='bbox 1148 1505 1265 1538; x_wconf 62' lang='lat' dir='ltr'>pestate</span> <span class='ocrx_word' id='word_1_393' title='bbox 1293 1499 1327 1529; x_wconf 90' lang='lat' dir='ltr'>in</span> <span class='ocrx_word' id='word_1_394' title='bbox 1355 1499 1434 1529; x_wconf 88' lang='lat' dir='ltr'>mari</span> <span class='ocrx_word' id='word_1_395' title='bbox 1466 1500 1708 1538; x_wconf 84' lang='lat' dir='ltr'>opprimuntur;</span> 
     </span>
    </p>

    <p class='ocr_par' dir='ltr' id='par_1_11' title="bbox 947 1541 1711 1716">
     <span class='ocr_line' id='line_1_72' title="bbox 948 1541 1710 1582; baseline 0.003 -10"><span class='ocrx_word' id='word_1_396' title='bbox 948 1541 1011 1572; x_wconf 81' lang='lat' dir='ltr'>vid.</span> <span class='ocrx_word' id='word_1_397' title='bbox 1042 1543 1141 1573; x_wconf 80' lang='lat' dir='ltr'>Bentl.</span> <span class='ocrx_word' id='word_1_398' title='bbox 1165 1552 1249 1582; x_wconf 78' lang='lat' dir='ltr'>supr.</span> <span class='ocrx_word' id='word_1_399' title='bbox 1270 1542 1311 1573; x_wconf 85' lang='lat' dir='ltr'>ad</span> <span class='ocrx_word' id='word_1_400' title='bbox 1333 1542 1362 1573; x_wconf 89' lang='lat'>1.</span> <span class='ocrx_word' id='word_1_401' title='bbox 1394 1541 1445 1573; x_wconf 65' lang='lat'>14.</span> <span class='ocrx_word' id='word_1_402' title='bbox 1476 1541 1527 1573; x_wconf 90' lang='grc'>10.</span> <span class='ocrx_word' id='word_1_403' title='bbox 1618 1550 1710 1579; x_wconf 79' lang='lat' dir='ltr'>certa,</span> 
     </span>
     <span class='ocr_line' id='line_1_73' title="bbox 948 1584 1711 1627; baseline 0 -11"><span class='ocrx_word' id='word_1_404' title='bbox 948 1584 989 1616; x_wconf 84' lang='lat' dir='ltr'>ad</span> <span class='ocrx_word' id='word_1_405' title='bbox 1009 1595 1080 1626; x_wconf 76' lang='lat' dir='ltr'>quoe</span> <span class='ocrx_word' id='word_1_406' title='bbox 1100 1591 1206 1616; x_wconf 77' lang='lat' dir='ltr'>nautae</span> <span class='ocrx_word' id='word_1_407' title='bbox 1229 1586 1317 1616; x_wconf 83' lang='lat' dir='ltr'>navis</span> <span class='ocrx_word' id='word_1_408' title='bbox 1337 1596 1464 1617; x_wconf 88' lang='lat' dir='ltr'>cursum</span> <span class='ocrx_word' id='word_1_409' title='bbox 1486 1592 1558 1617; x_wconf 90' lang='lat' dir='ltr'>tuto</span> <span class='ocrx_word' id='word_1_410' title='bbox 1577 1586 1711 1627; x_wconf 86' lang='lat' dir='ltr'>dirigere</span> 
     </span>
     <span class='ocr_line' id='line_1_74' title="bbox 947 1628 1710 1668; baseline 0.003 -10"><span class='ocrx_word' id='word_1_411' title='bbox 947 1635 1087 1668; x_wconf 85' lang='lat' dir='ltr'>possunt,</span> <span class='ocrx_word' id='word_1_412' title='bbox 1110 1635 1188 1659; x_wconf 74' lang='lat' dir='ltr'>tuta.</span> <span class='ocrx_word' id='word_1_413' title='bbox 1214 1628 1528 1660; x_wconf 80' lang='lat' dir='ltr'>Tibuu.1.9.10.</span> <span class='ocrx_word' id='word_1_414' title='bbox 1574 1631 1710 1662; x_wconf 81' lang='lat' dir='ltr'>Ducunt</span> 
     </span>
     <span class='ocr_line' id='line_1_75' title="bbox 947 1673 1709 1719; baseline 0.001 -17"><span class='ocrx_word' id='word_1_415' title='bbox 947 1673 1101 1703; x_wconf 77' lang='lat' dir='ltr'>instabiles</span> <span class='ocrx_word' id='word_1_416' title='bbox 1115 1674 1213 1704; x_wconf 78' lang='lat' dir='ltr'>sidera</span> <span class='ocrx_word' id='word_1_417' title='bbox 1226 1678 1310 1704; x_wconf 78' lang='lat' dir='ltr'>cerea</span> <span class='ocrx_word' id='word_1_418' title='bbox 1324 1679 1414 1704; x_wconf 75' lang='lat' dir='ltr'>rates.</span> <span class='ocrx_word' id='word_1_419' title='bbox 1489 1675 1709 1719; x_wconf 71' lang='lat' dir='ltr'>bellofiariaezsa‚</span> 
     </span>
    </p>

    <p class='ocr_par' dir='ltr' id='par_1_12' title="bbox 948 1715 1712 1888">
     <span class='ocr_line' id='line_1_76' title="bbox 948 1715 1711 1758; baseline 0 -12"><span class='ocrx_word' id='word_1_420' title='bbox 948 1715 1087 1746; x_wconf 87' lang='lat' dir='ltr'>bellandi</span> <span class='ocrx_word' id='word_1_421' title='bbox 1114 1715 1296 1756; x_wconf 72' lang='lat' dir='ltr'>cupiditate,</span> <span class='ocrx_word' id='word_1_422' title='bbox 1320 1723 1470 1758; x_wconf 82' lang='lat' dir='ltr'>tanquam</span> <span class='ocrx_word' id='word_1_423' title='bbox 1497 1715 1605 1748; x_wconf 83' lang='lat' dir='ltr'>furore</span> <span class='ocrx_word' id='word_1_424' title='bbox 1633 1727 1711 1757; x_wconf 85' lang='lat' dir='ltr'>quo-</span> 
     </span>
     <span class='ocr_line' id='line_1_77' title="bbox 949 1758 1712 1800; baseline 0.001 -11"><span class='ocrx_word' id='word_1_425' title='bbox 949 1758 1032 1794; x_wconf 84' lang='lat' dir='ltr'>dam.</span> <span class='ocrx_word' id='word_1_426' title='bbox 1048 1769 1082 1790; x_wconf 80' lang='lat' dir='ltr'>ae</span> <span class='ocrx_word' id='word_1_427' title='bbox 1095 1759 1205 1800; x_wconf 81' lang='lat' dir='ltr'>agitari</span> <span class='ocrx_word' id='word_1_428' title='bbox 1219 1760 1348 1799; x_wconf 81' lang='lat' dir='ltr'>patiens,</span> <span class='ocrx_word' id='word_1_429' title='bbox 1360 1760 1615 1798; x_wconf 77' lang='lat' dir='ltr'>bellicosissima;</span> <span class='ocrx_word' id='word_1_430' title='bbox 1638 1760 1712 1791; x_wconf 90' lang='lat' dir='ltr'>hinc</span> 
     </span>
     <span class='ocr_line' id='line_1_78' title="bbox 951 1801 1718 1848; baseline 0.004 -16"><span class='ocrx_word' id='word_1_431' title='bbox 951 1801 1097 1842; x_wconf 82' lang='lat' dir='ltr'>Euripid.</span> <span class='ocrx_word' id='word_1_432' title='bbox 1126 1803 1252 1834; x_wconf 75' lang='lat' dir='ltr'>Hecub-</span> <span class='ocrx_word' id='word_1_433' title='bbox 1283 1814 1313 1834; x_wconf 84' lang='lat' dir='ltr'>v.</span> <span class='ocrx_word' id='word_1_434' title='bbox 1344 1802 1438 1835; x_wconf 88' lang='grc'><strong>1090.</strong></span> <span class='ocrx_word' id='word_1_435' title='bbox 1476 1804 1643 1835; x_wconf 60' lang='lat' dir='ltr'>&#39;ramnes‘</span> <span class='ocrx_word' id='word_1_436' title='bbox 1646 1805 1718 1848; x_wconf 67' lang='lat' dir='ltr'>Agui‘</span> 
     </span>
     <span class='ocr_line' id='line_1_79' title="bbox 948 1845 1712 1888; baseline 0.001 -11"><span class='ocrx_word' id='word_1_437' title='bbox 948 1847 1024 1877; x_wconf 61' lang='grc' dir='ltr'>κάτε</span> <span class='ocrx_word' id='word_1_438' title='bbox 1025 1860 1080 1887; x_wconf 72' lang='grc' dir='ltr'><em>χον</em></span> <span class='ocrx_word' id='word_1_439' title='bbox 1094 1846 1171 1886; x_wconf 73' lang='grc' dir='ltr'><strong>γίιος</strong></span> <span class='ocrx_word' id='word_1_440' title='bbox 1193 1845 1282 1877; x_wconf 83' lang='lat' dir='ltr'>dixit.</span> <span class='ocrx_word' id='word_1_441' title='bbox 1371 1849 1470 1884; x_wconf 80' lang='lat' dir='ltr'>Medi,</span> <span class='ocrx_word' id='word_1_442' title='bbox 1494 1847 1614 1885; x_wconf 78' lang='lat' dir='ltr'>Parthi,</span> <span class='ocrx_word' id='word_1_443' title='bbox 1632 1850 1712 1888; x_wconf 76' lang='lat' dir='ltr'>pha·</span> 
     </span>
    </p>

    <p class='ocr_par' dir='ltr' id='par_1_13' title="bbox 947 1890 1714 2059">
     <span class='ocr_line' id='line_1_80' title="bbox 947 1890 1711 1930; baseline 0.001 -10"><span class='ocrx_word' id='word_1_444' title='bbox 947 1897 1031 1920; x_wconf 75' lang='lat' dir='ltr'>retra</span> <span class='ocrx_word' id='word_1_445' title='bbox 1066 1891 1178 1927; x_wconf 80' lang='lat' dir='ltr'>decori,</span> <span class='ocrx_word' id='word_1_446' title='bbox 1202 1890 1388 1930; x_wconf 58' lang='lat' dir='ltr'>,sagittiferi</span> <span class='ocrx_word' id='word_1_447' title='bbox 1491 1902 1558 1923; x_wconf 80' lang='lat' dir='ltr'>non</span> <span class='ocrx_word' id='word_1_448' title='bbox 1596 1892 1711 1927; x_wconf 75' lang='lat' dir='ltr'>venale,</span> 
     </span>
     <span class='ocr_line' id='line_1_81' title="bbox 949 1931 1713 1973; baseline 0.003 -11"><span class='ocrx_word' id='word_1_449' title='bbox 949 1931 1034 1972; x_wconf 87' lang='lat' dir='ltr'>quod</span> <span class='ocrx_word' id='word_1_450' title='bbox 1055 1942 1120 1963; x_wconf 89' lang='lat' dir='ltr'>non</span> <span class='ocrx_word' id='word_1_451' title='bbox 1142 1932 1243 1972; x_wconf 81' lang='lat' dir='ltr'>parari</span> <span class='ocrx_word' id='word_1_452' title='bbox 1264 1940 1387 1973; x_wconf 80' lang='lat' dir='ltr'>potest3</span> <span class='ocrx_word' id='word_1_453' title='bbox 1409 1933 1464 1964; x_wconf 72' lang='lat' dir='ltr'>sed</span> <span class='ocrx_word' id='word_1_454' title='bbox 1489 1944 1575 1965; x_wconf 91' lang='lat' dir='ltr'>nunc</span> <span class='ocrx_word' id='word_1_455' title='bbox 1596 1934 1713 1965; x_wconf 89' lang='lat' dir='ltr'>intelli-</span> 
     </span>
     <span class='ocr_line' id='line_1_82' title="bbox 950 1975 1714 2019; baseline 0.005 -14"><span class='ocrx_word' id='word_1_456' title='bbox 950 1975 998 2016; x_wconf 81' lang='lat' dir='ltr'>git</span> <span class='ocrx_word' id='word_1_457' title='bbox 1013 1985 1066 2014; x_wconf 87' lang='lat' dir='ltr'>per</span> <span class='ocrx_word' id='word_1_458' title='bbox 1079 1978 1176 2007; x_wconf 77' lang='lat' dir='ltr'>otium</span> <span class='ocrx_word' id='word_1_459' title='bbox 1190 1976 1288 2007; x_wconf 88' lang='lat' dir='ltr'>animi</span> <span class='ocrx_word' id='word_1_460' title='bbox 1301 1977 1569 2019; x_wconf 81' lang='lat' dir='ltr'>tranquillitatem,</span> <span class='ocrx_word' id='word_1_461' title='bbox 1584 1984 1622 2009; x_wconf 80' lang='lat' dir='ltr'>ut</span> <span class='ocrx_word' id='word_1_462' title='bbox 1641 1978 1714 2008; x_wconf 81' lang='lat' dir='ltr'>satis</span> 
     </span>
     <span class='ocr_line' id='line_1_83' title="bbox 950 2019 1247 2059; baseline 0.003 -11"><span class='ocrx_word' id='word_1_463' title='bbox 950 2019 1065 2049; x_wconf 84' lang='lat' dir='ltr'>docent</span> <span class='ocrx_word' id='word_1_464' title='bbox 1079 2019 1247 2059; x_wconf 86' lang='lat' dir='ltr'>sequentia.</span> 
     </span>
    </p>

    <p class='ocr_par' dir='ltr' id='par_1_14' title="bbox 949 2061 1715 2973">
     <span class='ocr_line' id='line_1_84' title="bbox 994 2061 1712 2106; baseline 0.006 -15"><span class='ocrx_word' id='word_1_465' title='bbox 994 2072 1022 2091; x_wconf 87' lang='lat' dir='ltr'>v.</span> <span class='ocrx_word' id='word_1_466' title='bbox 1048 2061 1164 2094; x_wconf 76' lang='lat'><strong>9-12.</strong></span> <span class='ocrx_word' id='word_1_467' title='bbox 1199 2064 1278 2094; x_wconf 85' lang='grc' dir='ltr'>Νοπ</span> <span class='ocrx_word' id='word_1_468' title='bbox 1301 2065 1386 2096; x_wconf 80' lang='lat' dir='ltr'>enim</span> <span class='ocrx_word' id='word_1_469' title='bbox 1410 2070 1483 2095; x_wconf 85' lang='lat' dir='ltr'>cett.</span> <span class='ocrx_word' id='word_1_470' title='bbox 1511 2074 1586 2095; x_wconf 87' lang='lat' dir='ltr'>nam</span> <span class='ocrx_word' id='word_1_471' title='bbox 1610 2074 1712 2106; x_wconf 89' lang='lat' dir='ltr'>neque</span> 
     </span>
     <span class='ocr_line' id='line_1_85' title="bbox 950 2103 1712 2150; baseline 0.005 -15"><span class='ocrx_word' id='word_1_472' title='bbox 950 2103 1076 2142; x_wconf 69' lang='lat' dir='ltr'>divitiae,</span> <span class='ocrx_word' id='word_1_473' title='bbox 1098 2115 1200 2147; x_wconf 88' lang='lat' dir='ltr'>neque</span> <span class='ocrx_word' id='word_1_474' title='bbox 1221 2106 1377 2139; x_wconf 83' lang='lat' dir='ltr'>honorum</span> <span class='ocrx_word' id='word_1_475' title='bbox 1402 2108 1539 2150; x_wconf 78' lang='lat' dir='ltr'>insignia</span> <span class='ocrx_word' id='word_1_476' title='bbox 1562 2118 1653 2139; x_wconf 82' lang='lat' dir='ltr'>curas</span> <span class='ocrx_word' id='word_1_477' title='bbox 1673 2118 1712 2138; x_wconf 87' lang='lat' dir='ltr'>ex</span> 
     </span>
     <span class='ocr_line' id='line_1_86' title="bbox 950 2147 1708 2189; baseline 0.008 -12"><span class='ocrx_word' id='word_1_478' title='bbox 950 2147 1056 2179; x_wconf 84' lang='lat' dir='ltr'>animo</span> <span class='ocrx_word' id='word_1_479' title='bbox 1082 2149 1196 2189; x_wconf 90' lang='lat' dir='ltr'>pellere</span> <span class='ocrx_word' id='word_1_480' title='bbox 1219 2149 1332 2181; x_wconf 82' lang='lat' dir='ltr'>valent.</span> <span class='ocrx_word' id='word_1_481' title='bbox 1420 2153 1538 2183; x_wconf 76' lang='lat' dir='ltr'>consul.</span> <span class='ocrx_word' id='word_1_482' title='bbox 1570 2153 1708 2183; x_wconf 75' lang='lat' dir='ltr'>submov-</span> 
     </span>
     <span class='ocr_line' id='line_1_87' title="bbox 950 2192 1712 2236; baseline 0.001 -14"><span class='ocrx_word' id='word_1_483' title='bbox 950 2194 1011 2223; x_wconf 80' lang='lat' dir='ltr'>lict.</span> <span class='ocrx_word' id='word_1_484' title='bbox 1030 2192 1164 2223; x_wconf 82' lang='lat' dir='ltr'>suaviter</span> <span class='ocrx_word' id='word_1_485' title='bbox 1187 2194 1275 2224; x_wconf 65' lang='lat' dir='ltr'>Mor</span> <span class='ocrx_word' id='word_1_486' title='bbox 1295 2196 1478 2233; x_wconf 74' lang='lat' dir='ltr'>consularis,</span> <span class='ocrx_word' id='word_1_487' title='bbox 1500 2195 1556 2236; x_wconf 89' lang='lat' dir='ltr'>qui</span> <span class='ocrx_word' id='word_1_488' title='bbox 1581 2194 1712 2226; x_wconf 85' lang='lat' dir='ltr'>Consuli</span> 
     </span>
     <span class='ocr_line' id='line_1_88' title="bbox 950 2235 1712 2276; baseline 0.004 -11"><span class='ocrx_word' id='word_1_489' title='bbox 950 2235 984 2266; x_wconf 88' lang='lat' dir='ltr'>in</span> <span class='ocrx_word' id='word_1_490' title='bbox 1011 2235 1069 2266; x_wconf 82' lang='lat' dir='ltr'>viis</span> <span class='ocrx_word' id='word_1_491' title='bbox 1093 2236 1213 2275; x_wconf 79' lang='lat' dir='ltr'>praeire,</span> <span class='ocrx_word' id='word_1_492' title='bbox 1236 2244 1268 2267; x_wconf 90' lang='lat' dir='ltr'>et</span> <span class='ocrx_word' id='word_1_493' title='bbox 1295 2237 1395 2276; x_wconf 85' lang='lat' dir='ltr'>plebis</span> <span class='ocrx_word' id='word_1_494' title='bbox 1418 2239 1462 2269; x_wconf 90' lang='lat' dir='ltr'>ibi</span> <span class='ocrx_word' id='word_1_495' title='bbox 1491 2239 1712 2270; x_wconf 74' lang='lat' dir='ltr'>tumultuantis</span> 
     </span>
     <span class='ocr_line' id='line_1_89' title="bbox 950 2279 1713 2323; baseline 0.003 -14"><span class='ocrx_word' id='word_1_496' title='bbox 950 2279 1073 2309; x_wconf 87' lang='lat' dir='ltr'>turbam</span> <span class='ocrx_word' id='word_1_497' title='bbox 1086 2281 1261 2311; x_wconf 68' lang='lat' dir='ltr'>submovere</span> <span class='ocrx_word' id='word_1_498' title='bbox 1281 2280 1408 2320; x_wconf 85' lang='lat' dir='ltr'>solebat,</span> <span class='ocrx_word' id='word_1_499' title='bbox 1425 2282 1493 2323; x_wconf 84' lang='lat' dir='ltr'>jam</span> <span class='ocrx_word' id='word_1_500' title='bbox 1514 2292 1580 2312; x_wconf 91' lang='lat' dir='ltr'>non</span> <span class='ocrx_word' id='word_1_501' title='bbox 1601 2282 1713 2312; x_wconf 75' lang='lat' dir='ltr'>mentis</span> 
     </span>
     <span class='ocr_line' id='line_1_90' title="bbox 952 2324 1713 2365; baseline 0 -12"><span class='ocrx_word' id='word_1_502' title='bbox 952 2324 1107 2354; x_wconf 71' lang='lat' dir='ltr'>tumultus</span> <span class='ocrx_word' id='word_1_503' title='bbox 1130 2324 1314 2362; x_wconf 61' lang='lat' dir='ltr'>subnotem,</span> <span class='ocrx_word' id='word_1_504' title='bbox 1344 2325 1376 2355; x_wconf 84' lang='lat' dir='ltr'>b.</span> <span class='ocrx_word' id='word_1_505' title='bbox 1409 2335 1437 2356; x_wconf 81' lang='lat' dir='ltr'>e.</span> <span class='ocrx_word' id='word_1_506' title='bbox 1470 2335 1536 2356; x_wconf 87' lang='lat' dir='ltr'>non</span> <span class='ocrx_word' id='word_1_507' title='bbox 1565 2335 1611 2361; x_wconf 83' lang='lat' dir='ltr'>ea,</span> <span class='ocrx_word' id='word_1_508' title='bbox 1640 2334 1713 2365; x_wconf 85' lang='lat' dir='ltr'>quae</span> 
     </span>
     <span class='ocr_line' id='line_1_91' title="bbox 952 2366 1712 2408; baseline 0.001 -12"><span class='ocrx_word' id='word_1_509' title='bbox 952 2367 1058 2397; x_wconf 79' lang='lat' dir='ltr'>turbas</span> <span class='ocrx_word' id='word_1_510' title='bbox 1071 2366 1106 2396; x_wconf 90' lang='lat' dir='ltr'>in</span> <span class='ocrx_word' id='word_1_511' title='bbox 1120 2366 1226 2398; x_wconf 82' lang='lat' dir='ltr'>animo</span> <span class='ocrx_word' id='word_1_512' title='bbox 1239 2373 1378 2406; x_wconf 85' lang='lat' dir='ltr'>movent,</span> <span class='ocrx_word' id='word_1_513' title='bbox 1392 2369 1457 2400; x_wconf 84' lang='lat' dir='ltr'>sive</span> <span class='ocrx_word' id='word_1_514' title='bbox 1476 2378 1567 2399; x_wconf 87' lang='lat' dir='ltr'>curas</span> <span class='ocrx_word' id='word_1_515' title='bbox 1588 2367 1712 2408; x_wconf 82' lang='lat' dir='ltr'>abigere</span> 
     </span>
     <span class='ocr_line' id='line_1_92' title="bbox 949 2409 1711 2458; baseline 0.001 -19"><span class='ocrx_word' id='word_1_516' title='bbox 949 2419 1038 2458; x_wconf 75' lang='lat' dir='ltr'>posse</span> <span class='ocrx_word' id='word_1_517' title='bbox 1051 2409 1175 2440; x_wconf 86' lang='lat' dir='ltr'>dicitur.</span> <span class='ocrx_word' id='word_1_518' title='bbox 1196 2409 1245 2442; x_wconf 88' lang='lat' dir='ltr'>Cl.</span> <span class='ocrx_word' id='word_1_519' title='bbox 1272 2413 1398 2443; x_wconf 70' lang='lat' dir='ltr'>Miuch.</span> <span class='ocrx_word' id='word_1_520' title='bbox 1425 2412 1459 2442; x_wconf 87' lang='lat' dir='ltr'>in</span> <span class='ocrx_word' id='word_1_521' title='bbox 1484 2413 1564 2443; x_wconf 82' lang='lat' dir='ltr'>hanc</span> <span class='ocrx_word' id='word_1_522' title='bbox 1588 2416 1711 2441; x_wconf 82' lang='lat' dir='ltr'>senten-</span> 
     </span>
     <span class='ocr_line' id='line_1_93' title="bbox 949 2451 1711 2495; baseline 0.001 -12"><span class='ocrx_word' id='word_1_523' title='bbox 949 2451 1026 2483; x_wconf 85' lang='lat' dir='ltr'>tiam</span> <span class='ocrx_word' id='word_1_524' title='bbox 1050 2459 1209 2493; x_wconf 82' lang='lat' dir='ltr'>comparat</span> <span class='ocrx_word' id='word_1_525' title='bbox 1230 2453 1338 2485; x_wconf 82' lang='lat' dir='ltr'>Senec.</span> <span class='ocrx_word' id='word_1_526' title='bbox 1366 2455 1428 2495; x_wconf 90' lang='lat' dir='ltr'>Ep.</span> <span class='ocrx_word' id='word_1_527' title='bbox 1457 2454 1509 2486; x_wconf 77' lang='lat'>94·-</span> <span class='ocrx_word' id='word_1_528' title='bbox 1556 2457 1633 2486; x_wconf 82' lang='lat' dir='ltr'>Non</span> <span class='ocrx_word' id='word_1_529' title='bbox 1658 2460 1711 2489; x_wconf 68' lang='lat' dir='ltr'>est,</span> 
     </span>
     <span class='ocr_line' id='line_1_94' title="bbox 950 2497 1713 2541; baseline 0.001 -14"><span class='ocrx_word' id='word_1_530' title='bbox 950 2497 1031 2537; x_wconf 77' lang='lat' dir='ltr'>quod</span> <span class='ocrx_word' id='word_1_531' title='bbox 1045 2498 1098 2528; x_wconf 73' lang='lat' dir='ltr'>tibi</span> <span class='ocrx_word' id='word_1_532' title='bbox 1111 2498 1341 2538; x_wconf 77' lang='lat' dir='ltr'>tranquillitatis</span> <span class='ocrx_word' id='word_1_533' title='bbox 1354 2500 1595 2541; x_wconf 67' lang='lat' dir='ltr'>tuoefiistidium</span> <span class='ocrx_word' id='word_1_534' title='bbox 1604 2497 1713 2539; x_wconf 75' lang='lat' dir='ltr'>saciat</span> 
     </span>
     <span class='ocr_line' id='line_1_95' title="bbox 949 2541 1713 2583; baseline 0.003 -13"><span class='ocrx_word' id='word_1_535' title='bbox 949 2541 1009 2576; x_wconf 77' lang='lat' dir='ltr'>ille,</span> <span class='ocrx_word' id='word_1_536' title='bbox 1025 2542 1080 2570; x_wconf 74' lang='lat' dir='ltr'>sul&gt;</span> <span class='ocrx_word' id='word_1_537' title='bbox 1094 2542 1154 2571; x_wconf 74' lang='lat' dir='ltr'>illis</span> <span class='ocrx_word' id='word_1_538' title='bbox 1162 2541 1314 2583; x_wconf 70' lang='lat' dir='ltr'>fascibus,</span> <span class='ocrx_word' id='word_1_539' title='bbox 1332 2553 1478 2583; x_wconf 64' lang='lat' dir='ltr'>purpura</span> <span class='ocrx_word' id='word_1_540' title='bbox 1500 2543 1622 2573; x_wconf 78' lang='lat' dir='ltr'>cultus.-</span> <span class='ocrx_word' id='word_1_541' title='bbox 1647 2551 1713 2572; x_wconf 76' lang='lat' dir='ltr'>non</span> 
     </span>
     <span class='ocr_line' id='line_1_96' title="bbox 950 2585 1713 2626; baseline -0.001 -12"><span class='ocrx_word' id='word_1_542' title='bbox 950 2589 1005 2619; x_wconf 74' lang='lat' dir='ltr'>est,</span> <span class='ocrx_word' id='word_1_543' title='bbox 1019 2586 1100 2624; x_wconf 80' lang='lat' dir='ltr'>quod</span> <span class='ocrx_word' id='word_1_544' title='bbox 1108 2585 1282 2626; x_wconf 80' lang='lat' dir='ltr'>feliciorem</span> <span class='ocrx_word' id='word_1_545' title='bbox 1293 2585 1430 2625; x_wconf 74' lang='lat' dir='ltr'>judices,</span> <span class='ocrx_word' id='word_1_546' title='bbox 1444 2587 1495 2617; x_wconf 80' lang='lat' dir='ltr'>eui</span> <span class='ocrx_word' id='word_1_547' title='bbox 1508 2585 1713 2620; x_wconf 72' lang='lat' dir='ltr'>submovetur,</span> 
     </span>
     <span class='ocr_line' id='line_1_97' title="bbox 950 2629 1712 2713; baseline -0.003 -12"><span class='ocrx_word' id='word_1_548' title='bbox 950 2638 1151 2701; x_wconf 51' lang='lat' dir='ltr'>mm·</span> <span class='ocrx_word' id='word_1_549' title='bbox 1165 2629 1382 2703; x_wconf 44' lang='lat'>“3⁰:352</span> <span class='ocrx_word' id='word_1_550' title='bbox 1393 2631 1528 2713; x_wconf 43' lang='lat' dir='ltr'>&amp;gf-‘fas</span> <span class='ocrx_word' id='word_1_551' title='bbox 1552 2630 1712 2709; x_wconf 53' lang='lat' dir='ltr'>5qu—</span> 
     </span>
     <span class='ocr_line' id='line_1_98' title="bbox 951 2712 1707 2756; baseline 0.007 -14"><span class='ocrx_word' id='word_1_552' title='bbox 951 2719 1049 2743; x_wconf 87' lang='lat' dir='ltr'>ment.</span> <span class='ocrx_word' id='word_1_553' title='bbox 1075 2716 1113 2745; x_wconf 85' lang='lat' dir='ltr'>de</span> <span class='ocrx_word' id='word_1_554' title='bbox 1133 2716 1222 2746; x_wconf 76' lang='lat' dir='ltr'>alatis</span> <span class='ocrx_word' id='word_1_555' title='bbox 1243 2717 1436 2756; x_wconf 80' lang='lat' dir='ltr'>Imaginibus</span> <span class='ocrx_word' id='word_1_556' title='bbox 1458 2725 1488 2753; x_wconf 88' lang='lat' dir='ltr'>p-</span> <span class='ocrx_word' id='word_1_557' title='bbox 1517 2712 1570 2743; x_wconf 77' lang='grc'><strong>29·</strong></span> <span class='ocrx_word' id='word_1_558' title='bbox 1593 2713 1707 2755; x_wconf 66' lang='lat' dir='ltr'>(Goth-</span> 
     </span>
     <span class='ocr_line' id='line_1_99' title="bbox 955 2755 1712 2798; baseline 0 -12"><span class='ocrx_word' id='word_1_559' title='bbox 955 2755 1067 2797; x_wconf 80' lang='lat'><strong>1786.)</strong></span> <span class='ocrx_word' id='word_1_560' title='bbox 1139 2759 1259 2790; x_wconf 84' lang='lat' dir='ltr'>circam</span> <span class='ocrx_word' id='word_1_561' title='bbox 1284 2764 1362 2790; x_wconf 76' lang='lat' dir='ltr'>tecta</span> <span class='ocrx_word' id='word_1_562' title='bbox 1390 2760 1544 2798; x_wconf 76' lang='lat' dir='ltr'>laqueata,</span> <span class='ocrx_word' id='word_1_563' title='bbox 1570 2755 1712 2798; x_wconf 71' lang='lat' dir='ltr'>intellige</span> 
     </span>
     <span class='ocr_line' id='line_1_100' title="bbox 951 2800 1710 2842; baseline 0.003 -12"><span class='ocrx_word' id='word_1_564' title='bbox 951 2800 1156 2831; x_wconf 83' lang='lat' dir='ltr'>tricliniorum</span> <span class='ocrx_word' id='word_1_565' title='bbox 1184 2801 1327 2841; x_wconf 86' lang='lat' dir='ltr'>inprimis</span> <span class='ocrx_word' id='word_1_566' title='bbox 1352 2807 1441 2836; x_wconf 82' lang='lat' dir='ltr'>tecta,</span> <span class='ocrx_word' id='word_1_567' title='bbox 1471 2810 1543 2841; x_wconf 84' lang='lat' dir='ltr'>quae</span> <span class='ocrx_word' id='word_1_568' title='bbox 1566 2801 1710 2842; x_wconf 64' lang='lat' dir='ltr'>laqueum!</span> 
     </span>
     <span class='ocr_line' id='line_1_101' title="bbox 953 2842 1711 2885; baseline 0.001 -12"><span class='ocrx_word' id='word_1_569' title='bbox 953 2843 1003 2873; x_wconf 84' lang='lat' dir='ltr'>vel</span> <span class='ocrx_word' id='word_1_570' title='bbox 1023 2845 1180 2885; x_wconf 80' lang='lat' dir='ltr'>laquearia</span> <span class='ocrx_word' id='word_1_571' title='bbox 1205 2851 1237 2875; x_wconf 84' lang='lat' dir='ltr'>et</span> <span class='ocrx_word' id='word_1_572' title='bbox 1260 2845 1424 2876; x_wconf 79' lang='lat' dir='ltr'>lacunaria</span> <span class='ocrx_word' id='word_1_573' title='bbox 1442 2842 1601 2880; x_wconf 81' lang='lat' dir='ltr'>dicuntur,</span> <span class='ocrx_word' id='word_1_574' title='bbox 1624 2843 1711 2885; x_wconf 85' lang='lat' dir='ltr'>quod</span> 
     </span>
     <span class='ocr_line' id='line_1_102' title="bbox 951 2886 1713 2928; baseline 0.003 -11"><span class='ocrx_word' id='word_1_575' title='bbox 951 2896 1061 2918; x_wconf 82' lang='lat' dir='ltr'>eorum</span> <span class='ocrx_word' id='word_1_576' title='bbox 1075 2889 1162 2919; x_wconf 78' lang='lat' dir='ltr'>lacus</span> <span class='ocrx_word' id='word_1_577' title='bbox 1175 2888 1225 2918; x_wconf 85' lang='lat' dir='ltr'>vel</span> <span class='ocrx_word' id='word_1_578' title='bbox 1245 2890 1367 2919; x_wconf 81' lang='lat' dir='ltr'>lacunae</span> <span class='ocrx_word' id='word_1_579' title='bbox 1386 2887 1450 2928; x_wconf 79' lang='lat' dir='ltr'>(die</span> <span class='ocrx_word' id='word_1_580' title='bbox 1459 2886 1634 2928; x_wconf 64' lang='lat' dir='ltr'>fillungea</span> <span class='ocrx_word' id='word_1_581' title='bbox 1655 2889 1713 2919; x_wconf 71' lang='lat' dir='ltr'>der</span> 
     </span>
     <span class='ocr_line' id='line_1_103' title="bbox 949 2929 1715 2973; baseline 0 -11"><span class='ocrx_word' id='word_1_582' title='bbox 949 2931 1112 2972; x_wconf 64' lang='lat' dir='ltr'>getiffelten</span> <span class='ocrx_word' id='word_1_583' title='bbox 1135 2931 1256 2973; x_wconf 76' lang='lat' dir='ltr'>filder)</span> <span class='ocrx_word' id='word_1_584' title='bbox 1294 2939 1380 2967; x_wconf 84' lang='lat' dir='ltr'>auro,</span> <span class='ocrx_word' id='word_1_585' title='bbox 1415 2939 1509 2970; x_wconf 80' lang='lat' dir='ltr'>opere</span> <span class='ocrx_word' id='word_1_586' title='bbox 1539 2929 1648 2962; x_wconf 65' lang='lat' dir='ltr'>calato</span> <span class='ocrx_word' id='word_1_587' title='bbox 1682 2937 1715 2962; x_wconf 82' lang='lat' dir='ltr'>et</span> 
     </span>
    </p>
   </div>
  </div>
 </body>
</html>
