1904 3250
233 194 318 233 386

862 191 1165 235 HORATII

1609 193 1718 242 [Lm.
1739 202 1789 229 11.

353 316 508 368 Mater,
530 317 705 358 honesta
725 331 856 367 soror,
879 331 974 358 cum
995 318 1195 375 cognatis,
1215 326 1347 375 pater,
1369 333 1499 360 uxor:

353 389 438 432 Hic
457 390 568 431 fossa
587 397 650 430 est
669 389 816 446 ingens
832 387 842 432 !
875 388 944 431 hic
963 403 1089 445 rupes
1110 391 1292 433 maxima
1309 391 1319 435 !
1351 389 1494 434 serva!

266 462 321 500 60
353 458 452 500 Νοῃ
471 458 604 514 magis
625 456 816 508 audierit,
839 472 966 514 quam
988 457 1134 500 Fufius
1155 459 1294 501 ebrius
1315 459 1427 510 olim,

353 531 462 572 Cum
483 529 660 570 Ilionam
681 529 875 580 edormit,
899 529 1085 572 Catienis
1105 530 1219 573 mille
1238 531 1440 582 ducentis,

350 603 378 623 “
390 599 530 639 Mater
549 604 585 639 te
603 599 800 651 appello,''
821 598 1108 641 clamantibus.

1171 599 1286 641 Huic
1305 592 1385 657 eg'o
1403 599 1552 658 vulgus

348 669 496 711 Errori
517 668 693 710 similem
713 677 911 711 cunctum
930 671 1114 713 insanire
1135 671 1311 713 docebo.

348 739 510 781 Insanit
529 746 688 780 veteres
709 747 866 781 statuas
886 740 1173 797 Damasippus
1194 741 1385 783 emendo.

261 813 315 851 65
347 809 517 867 Integer
537 816 600 850 est
618 810 769 851 mentis
790 809 1042 867 Damasippi
1063 810 1279 853 creditor?
1339 811 1457 853 Esto.

347 879 520 935 Accipe,
541 879 655 936 quod
675 895 892 936 nunquam
912 880 1064 922 reddas
1085 881 1201 932 mihi,
1225 881 1259 922 si
1280 881 1357 923 tibi
1376 880 1527 932 dicam,

346 949 470 991 Tune
490 950 660 992 insanus
681 950 776 1000 eris,
799 950 835 991 si
855 949 1097 1006 acceperis?
1124 966 1177 992 an
1197 951 1331 1008 magis
1351 965 1499 992 excors

347 1022 520 1079 Rejecta
539 1022 698 1079 praeda,
721 1037 848 1079 quam
867 1038 1054 1079 praesens
1078 1022 1320 1065 Mercurius
1339 1021 1454 1064 fert?

348 1092 494 1135 Scribe
514 1092 661 1135 decem
681 1109 707 1134 a
728 1092 882 1134 Nerio:
915 1109 1001 1135 non
1022 1102 1086 1135 est
1107 1094 1230 1143 satis;
1262 1093 1372 1135 adde
1395 1093 1558 1135 Cicutae

269 1229 298 1249 v.
316 1217 370 1250 59.
397 1229 495 1254 serva.
521 1218 570 1249 vel
591 1218 719 1258 supple:
749 1225 780 1250 te
801 1230 821 1250 a
834 1225 985 1260 praesente

227 1262 376 1302 periculo,
392 1262 443 1293 vel
455 1262 561 1302 accipe
575 1272 644 1302 pro:
659 1263 796 1299 observa,
812 1263 843 1293 h.
858 1274 887 1294 e.
903 1263 982 1299 vide,

225 1316 290 1347 quo
303 1315 386 1336 ruas.
399 1323 444 1331 —
457 1306 570 1347 Imago
583 1305 728 1342 hominis,
751 1316 806 1345 per
819 1306 989 1346 praecipitia

227 1349 347 1380 ruentis
361 1359 420 1381 nec
433 1349 531 1390 ullam
546 1348 779 1380 dehortantium
794 1359 901 1381 vocem
915 1361 987 1380 aus-

226 1392 384 1431 cultantis,
417 1391 562 1424 Stertinio
589 1392 624 1422 in
651 1392 834 1423 memoriam
865 1400 987 1424 revocat

225 1436 358 1467 facetam
383 1437 542 1468 historiam
564 1435 604 1466 de
628 1435 722 1466 Fufio
742 1436 898 1472 histrione,
921 1436 986 1477 qui,

227 1490 302 1510 cum
330 1481 434 1512 ebrius
454 1481 487 1510 in
511 1479 677 1520 Tragoedia
702 1479 803 1510 Iliona
824 1490 987 1520 personam

227 1522 335 1554 matris
348 1523 531 1555 dormientis
546 1523 660 1554 Ilionae
673 1529 789 1564 ageret,
801 1528 864 1554 tam
880 1523 944 1554 alto
954 1523 987 1553 in

227 1576 320 1597 scena
340 1578 451 1607 sopore
475 1576 639 1607 oppressus
661 1574 716 1602 est,
744 1573 780 1596 ut
794 1568 833 1597 ab
847 1566 908 1597 alio
923 1567 987 1598 his-

227 1610 338 1647 trione,
357 1611 498 1648 Catieno,
519 1610 574 1651 qui
599 1609 752 1640 Umbram
771 1610 820 1640 vel
840 1609 988 1648 Polydori

227 1653 276 1684 vel
290 1653 431 1694 Deiphili
440 1664 547 1696 agens,
559 1652 765 1684 dormientem
783 1653 918 1684 Ilionam
932 1664 987 1694 ap-

226 1696 372 1737 pellabat,
401 1708 442 1728 ne
470 1697 677 1739 intentissima
704 1696 832 1737 quidem
861 1707 937 1727 voce
968 1707 987 1727 e

227 1750 338 1772 somno
352 1741 478 1772 excitari
493 1746 604 1780 posset.
653 1739 810 1770 Pacuvius
821 1740 938 1771 scilicet
945 1740 986 1771 ad

226 1783 408 1824 exemplum
432 1785 576 1815 Hecubae
592 1783 774 1823 Euripideae
793 1783 987 1825 tragoediam,

225 1829 332 1860 Iliona
357 1828 549 1867 inscriptam,
575 1826 768 1866 composuit;
790 1833 823 1857 at
843 1837 914 1867 quae
934 1837 984 1866 ap.

229 1870 416 1921 Euripidem
433 1871 564 1903 Ηεὰιιόα
578 1876 716 1906 vocatur,
733 1880 770 1900 ea
783 1869 868 1909 apud
886 1870 989 1901 Pacu-

229 1914 318 1945 vium
346 1921 412 1946 erat
440 1916 484 1946 Il'
603 1912 785 1945 Secundum
810 1914 989 1955 mythogra-

226 1958 306 1997 phos
325 1964 431 1989 autem
516 1969 558 1990 na
581 1962 647 1988 erat
668 1956 734 1988 filia
761 1956 889 1995 Priami,
915 1967 989 1988 cum

229 1992 490 2042 Polymnestore!
501 2000 702 2031 matrimonio
732 2000 862 2042 juncta;
899 2001 991 2042 cujus

227 2044 440 2084 discrepantiae
459 2043 667 2083 ,expediendae
690 2043 807 2084 duplex
832 2045 872 2074 ab
893 2044 989 2075 inter-

226 2088 365 2128 pretibus
380 2084 562 2128 proponitur
575 2088 673 2119 ratio:
699 2097 773 2125 una,
793 2093 831 2118 ut
855 2087 991 2119 Hecuba

227 2132 323 2162 etiam
353 2132 457 2168 Iliona
484 2131 640 2175 appellata
667 2130 782 2162 fuerit.
816 2130 923 2169 altera,
954 2137 991 2162 ut

231 2174 390 2206 Pacuvius
436 2175 507 2212 i‚am
522 2185 617 2215 quam
630 2174 799 2214 Euripides
812 2182 937 2206 secutus
951 2175 991 2206 sit

228 2218 379 2250 fabulam.
400 2231 417 2249 ι
449 2225 463 2249 t
476 2219 542 2248 haec
557 2218 686 2259 quidem
701 2218 797 2249 altera
811 2218 906 2260 longe
920 2229 991 2259 pro-

230 2262 372 2294 babilior.
421 2262 534 2293 Narrat
550 2262 638 2292 enim
652 2261 815 2303 Hyginus,
839 2272 877 2292 ex
892 2268 994 2293 vetere

229 2305 340 2346 procul
354 2305 462 2345 dubio,
479 2311 516 2336 ut
530 2305 616 2342 solet,
633 2304 782 2346 tragoedia
798 2305 874 2336 Fab.
893 2306 988 2337 CIX.

231 2353 253 2369 ‘⁶
271 2349 402 2380 Priamo
419 2348 595 2389 Polydorus
609 2348 694 2378 filius
709 2358 747 2379 ex
765 2349 902 2379 Hecuba
918 2359 992 2379 cum

231 2398 312 2424 esset
331 2398 434 2430 natus,
457 2391 570 2423 Ilionae
584 2391 657 2422 filiae
671 2402 736 2423 suae
750 2391 905 2423 dederunt
919 2402 992 2423 eum

230 2435 439 2473 educandum,
454 2445 527 2477 quae
551 2435 779 2476 Polymnestori
801 2434 867 2476 regi
891 2436 989 2466 Thra-

229 2490 302 2511 cum
318 2485 384 2511 erat
395 2486 504 2519 nupta,
514 2489 608 2519 quem
623 2478 678 2509 illa
691 2489 748 2518 pro
761 2478 827 2509 filio
841 2488 899 2509 suo
913 2478 991 2509 edu-

231 2522 321 2554 cavit.
362 2522 548 2563 Deiphilum
563 2528 679 2559 autem,
694 2532 789 2563 quem
804 2533 843 2553 ex
863 2522 990 2561 Polym-

229 2573 353 2597 nestore
373 2571 590 2606 procreaverat,
615 2575 671 2604 pro
685 2575 742 2595 suo
763 2564 856 2598 fratre
877 2565 991 2595 educa-

230 2610 284 2646 vit,
300 2617 347 2648 ut,
370 2610 397 2640 si
411 2608 501 2640 alteri
521 2618 631 2639 eorum
653 2607 729 2649 quid
743 2608 835 2645 foret,
856 2608 991 2647 parenti-

230 2655 292 2685 bus
327 2658 494 2693 praestaret.
544 2651 607 2683 Sed
638 2661 710 2682 cum
743 2651 866 2687 Achivi,
899 2651 992 2692 Troja

230 2703 329 2736 capta,
346 2696 466 2736 prolem
483 2694 601 2728 Priami
623 2694 790 2734 exstirpare
809 2694 933 2730 vellent,
949 2712 992 2718 —

229 2739 269 2771 ad
287 2740 556 2780 Polymnestorem
570 2737 690 2779 legatos
708 2738 869 2775 miserunt,
884 2737 939 2778 qui
960 2738 989 2768 ei

231 2782 484 2825 Agamemnonis
517 2781 628 2819 filiam,
660 2780 790 2812 nomine
820 2781 989 2818 Electram,

229 2826 470 2877 pollicerentur
461 2836 494 2857 m
505 2824 700 2874 conjugium,
716 2830 749 2855 et
763 2824 831 2855 auri
845 2834 992 2865 magnam

229 2870 363 2910 copiam,
375 2870 401 2900 si
417 2868 620 2910 Polydorum,
639 2867 758 2899 Priami
770 2867 882 2903 filium,
898 2867 993 2898 inter-

230 2914 372 2951 fecisset;
398 2913 480 2953 Poly
481 2918 617 2943 mnestor
638 2910 813 2953 legatorum
829 2910 912 2941 dicta
926 2921 990 2941 non

230 2957 412 2996 repudiavit,
439 2955 686 2996 Deiphilumque
703 2954 806 2985 filium
821 2965 913 2984 suum
929 2954 988 2984 im-

228 3000 367 3040 prudens
391 3000 513 3037 occidit,
538 2999 709 3072 arbitrans,l
719 3008 757 3072 ΞΕ
785 2997 988 3039 Polydorum,

1033 1219 1134 1250 filium
1168 1218 1296 1256 Priami,
1326 1218 1606 1249 interfecisse.'¹·—
1621 1217 1734 1260 Itaque
1755 1219 1790 1250 in

1032 1262 1182 1303 tragoedia
1211 1262 1339 1293 Pacuvii
1363 1272 1428 1292 non
1452 1261 1628 1302 Polydorus
1658 1269 1790 1294 matrem

1033 1307 1211 1343 Hecubam,
1223 1312 1260 1337 ut
1270 1312 1318 1336 est
1328 1305 1412 1345 apud
1429 1305 1626 1345 Euripidem,
1639 1305 1694 1337 sed
1710 1306 1789 1337 Dei-

1030 1351 1151 1389 phobus
1173 1349 1310 1380 Ilionam
1325 1359 1380 1388 per
1393 1349 1551 1379 somnium
1573 1349 1787 1390 compellabat.

1029 1396 1222 1425 -Ilionam
1247 1394 1388 1429 edomuit,
1420 1392 1554 1423 Ilionam
1583 1392 1789 1424 dormientem

1029 1447 1126 1478 agens
1135 1447 1205 1467 vere
1219 1435 1342 1467 dormit.
1393 1437 1527 1467 Catienis
1541 1437 1622 1467 mille
1637 1439 1709 1468 duc.
1727 1439 1790 1468 cla-

1029 1487 1142 1517 mant„
1160 1480 1292 1511 Catieno
1313 1479 1470 1515 histrione,
1493 1479 1548 1520 qui
1568 1479 1688 1510 Umbra
1711 1480 1790 1510 Dei-

1029 1524 1107 1563 phili
1130 1523 1282 1563 prodibat,
1307 1529 1395 1553 tanta
1418 1522 1501 1553 vocis
1524 1522 1697 1553 intentione
1726 1523 1790 1553 cla—

1030 1574 1146 1602 mame,
1177 1573 1214 1598 ut
1238 1566 1326 1597 mille
1354 1565 1480 1597 ducenti
1506 1565 1628 1597 Catieni
1657 1566 1790 1597 clamare

1031 1610 1228 1648 viderentur;
1266 1610 1419 1640 clamabat
1459 1615 1584 1640 autem:
1627 1616 1727 1641 mater
1762 1617 1791 1641 te

1029 1656 1154 1695 appello.
1189 1654 1308 1684 Versus
1324 1651 1466 1690 Pacuvii,
1477 1653 1533 1693 qui
1546 1653 1608 1683 huc
1622 1654 1788 1693 pertinent,

1029 1697 1141 1728 servati
1172 1697 1323 1738 leguntur
1357 1695 1442 1736 apud
1473 1695 1656 1727 Ciceronem
1690 1696 1785 1728 Tusc.

1033 1741 1153 1777 Quaest.
1174 1741 1202 1771 Ι.
1216 1738 1269 1770 44.
1296 1741 1401 1772 Mater
1415 1745 1444 1771 te
1458 1741 1584 1780 amello,
1601 1745 1636 1771 tu
1650 1751 1721 1782 quoe
1734 1752 1791 1772 cu·

1030 1796 1100 1816 ram
1113 1795 1217 1815 somno
1230 1794 1411 1824 suspensam
1424 1785 1515 1820 levas,
1541 1785 1653 1824 Neque
1673 1789 1703 1815 te
1718 1785 1791 1816 mis-

1029 1834 1115 1859 eret:
1133 1838 1235 1868 snrge,
1250 1833 1280 1859 et
1293 1828 1384 1868 sepeli
1396 1832 1520 1858 rnatum.

1076 1882 1104 1901 v.
1120 1870 1174 1909 62,
1189 1870 1241 1902 63.
1259 1872 1346 1902 Huic
1361 1881 1414 1911 ego
1428 1871 1539 1910 vulgus
1552 1881 1613 1901 err.
1625 1871 1793 1908 —docebo,

1029 1915 1148 1956 junge:
1174 1917 1244 1956 Ego
1259 1916 1365 1946 docebo
1380 1919 1531 1946 cunctum
1544 1915 1654 1954 vulgus
1669 1915 1794 1956 (omnes

1032 1958 1190 1998 homines)
1217 1967 1352 1988 errorem
1377 1958 1525 1995 insanire,
1550 1958 1681 1989 similem
1705 1959 1791 1995 huic,

1031 2001 1072 2033 de
1085 2012 1149 2042 quo
1164 2002 1237 2036 dixi,
1255 2002 1362 2037 errori,
1376 2011 1502 2032 sensus:
1529 2000 1604 2042 Ego
1617 2000 1791 2039 ostendam,

1031 2055 1141 2076 omnes
1154 2045 1296 2075 homines
1310 2054 1375 2075 non
1389 2050 1508 2075 certum
1531 2043 1661 2075 modum
1676 2050 1792 2082 tenere,

1032 2089 1087 2120 sed
1115 2099 1189 2119 eum
1218 2087 1375 2123 excedere,
1404 2086 1583 2129 similesque
1609 2093 1667 2118 aut
1697 2087 1792 2118 stulte

1032 2132 1153 2168 timido,
1169 2138 1225 2162 aut
1245 2141 1319 2162 cum
1340 2131 1448 2162 furore
1470 2130 1582 2162 audaci
1601 2130 1720 2161 homini
1734 2130 1792 2161 ali-

1033 2175 1094 2212 cui,
1110 2186 1143 2206 se
1158 2175 1293 2207 stultos·
1282 2184 1504 2216 lnsanosquep
1483 2175 1638 2214 p3raebere
1652 2175 1791 2206 insanire

1035 2231 1182 2256 errorem,
1204 2226 1241 2249 ut
1262 2217 1346 2249 infra
1369 2218 1470 2258 Epist.
1497 2217 1527 2248 1.
1554 2216 1583 2247 l.
1609 2215 1682 2247 101.
1708 2218 1792 2248 insa-

1036 2265 1106 2295 nire
1119 2264 1276 2299 solemnia,
1299 2268 1332 2293 et
1355 2261 1462 2292 Senec.
1479 2260 1520 2291 de
1536 2260 1603 2291 vit.
1621 2259 1716 2291 Bant.
1737 2259 1787 2291 12.

1035 2308 1174 2338 insanire
1187 2307 1345 2337 insaniam
1358 2306 1497 2336 hilarem.

1078 2361 1106 2380 v.
1140 2348 1280 2380 64-66,
1320 2347 1441 2378 Verum
1468 2356 1544 2383 esse,
1571 2345 1657 2387 quod
1695 2347 1791 2378 Stoici

1035 2392 1241 2429 contendunt,
1256 2402 1360 2423 omnes
1374 2391 1511 2421 homines
1522 2391 1670 2428 insanire,
1684 2400 1791 2422 exem-

1034 2437 1095 2476 plis
1109 2437 1309 2475 comprobare
1325 2434 1536 2473 Damasippus
1549 2433 1660 2475 pergit.
1703 2434 1789 2476 Ego,

1033 2480 1086 2517 ait,
1112 2479 1243 2515 insanio,
1266 2476 1351 2519 quod
1373 2482 1491 2507 veteres
1518 2482 1636 2508 statuas
1660 2486 1789 2516 ooemo3

1034 2522 1088 2553 sed
1109 2521 1224 2553 insanit
1245 2530 1368 2562 quoque
1388 2520 1427 2556 is,
1447 2518 1502 2560 qui
1524 2519 1603 2550 mihi
1625 2502 1790 2560 pecuniaxri

1033 2566 1074 2596 ad
1097 2564 1230 2596 emenda
1250 2575 1297 2600 ea,
1320 2563 1434 2604 quibus
1455 2561 1601 2600 delector,
1622 2563 1729 2595 credit.
1745 2581 1792 2591 .-

1037 2609 1114 2646 Qui,
1130 2607 1213 2649 quod
1228 2613 1337 2656 sponte
1350 2606 1490 2637 oblatum
1504 2613 1593 2643 esset,
1609 2607 1668 2638 hac
1682 2608 1791 2639 condi-

1034 2652 1120 2683 tione
1134 2651 1298 2691 proposita,
1321 2655 1358 2680 ut
1378 2659 1542 2690 nunquam
1562 2649 1776 2688 reddatur,re
1741 2661 1791 2682 re-

1035 2695 1188 2734 pudiaret,
1204 2703 1261 2733 pro
1274 2693 1384 2724 insano
1403 2693 1576 2724 haberetur.
1625 2693 1794 2726 Insaniunt

1032 2738 1238 2774 foeneratores,
1264 2736 1319 2778 qui
1343 2736 1508 2775 pecuniam
1532 2736 1566 2766 in
1591 2736 1708 2768 foenore
1733 2748 1790 2779 po-

1033 2787 1114 2812 nunt
1127 2780 1212 2820 apud
1229 2779 1372 2810 homines
1392 2779 1566 2819 improbos;
1589 2782 1628 2811 ab
1641 2781 1690 2812 his
1704 2782 1789 2813 enim

1035 2824 1093 2862 illi,
1118 2823 1258 2864 quamvis
1285 2833 1410 2854 summa
1433 2823 1707 2863 circumspectione
1734 2835 1790 2865 per

1036 2868 1163 2908 scriptas
1177 2867 1298 2898 tabulas
1318 2867 1375 2898 sibi
1397 2872 1516 2904 cavent,
1539 2867 1790 2899 circumveniun-

1033 2917 1094 2942 tur.
1144 2910 1266 2942 Insanit
1292 2910 1327 2947 is,
1354 2911 1406 2951 qui
1429 2909 1588 2941 immensis
1608 2912 1711 2942 usuris
1733 2911 1790 2943 Γω-

1033 2954 1101 2985 nori
1116 2954 1176 3003 ’dat
1201 2954 1377 2995 pecuniam,
1401 2962 1496 2996 quam
1520 2953 1641 2986 debitor
1662 2955 1790 2987 reddere

1032 3004 1148 3039 neqult-
