1904 3250
227 132 312 173 336

866 135 1177 190 ΗΟΒΑΤῌ

1613 174 1621 180 .
1638 141 1750 188 [Lm.
1772 150 1802 178 1.

345 258 563 301 Pastorem
585 260 756 301 saltaret
777 261 837 302 uti
861 260 1063 318 Cyclopa,
1085 263 1286 321 rogabat3

342 330 415 372 Nil
435 331 495 372 illi
517 332 633 373 larva
652 339 725 373 aut
747 331 942 389 Tragicis
962 349 1070 390 opus
1091 351 1182 378 esse
1203 335 1432 379 cothurnis.

255 402 310 440 65
344 399 486 442 Multa
508 401 696 442 Cicirrus
718 400 775 442 ad‘
794 400 901 453 haec,
924 402 1123 445 donasset
1135 405 1279 460 jamne
1299 414 1490 449 catenam

344 470 413 511 Ex
433 478 532 511 voto
554 470 751 522 Laribus,
775 471 1024 528 quaerebat?
1055 474 1194 516 scriba
1214 475 1328 532 quod
1350 483 1472 526 esset,

342 539 542 580 Deterius
563 540 698 582 nihilo
719 540 904 583 dominae
917 543 990 598 jus
1010 558 1113 586 esse.

1178 544 1376 602 Rogabat

341 611 553 668 Denique,
576 628 652 655 cur
674 629 862 670 unquam
882 614 1082 673 fugisset3
1114 617 1183 659 cui
1204 618 1303 660 satis
1325 633 1411 659 una

343 680 486 722 Farris
507 682 617 726 libra
636 683 759 735 foret,
781 685 931 742 gracili
951 686 1024 737 sic,
1046 694 1218 744 tamque
1236 686 1426 744 pusillo?

252 753 307 790 70

342 750 523 793 Prorsus
537 754 728 809 jucunde
745 768 910 797 coenam
929 756 1211 812 produximus
1231 758 1360 800 illam.

340 822 577 869 Tendimus
598 826 699 869 hinc
719 836 836 870 recta
857 828 1174 880 Beneventum3
1206 830 1279 872 ubi
1300 829 1472 872 sedulus
1491 829 1645 886 hospes

340 893 490 946 Paene,'
507 911 687 948 macros,
704 898 821 949 arsit,
843 898 946 940 dum
967 899 1115 941 mrdos
1136 907 1276 942 versat
1296 900 1339 941 in
1362 901 1481 958 igne:

341 966 453 1008 Nam
473 983 582 1026 vaga
600 985 678 1025 per
698 978 883 1012 veterem
904 971 1070 1028 dilapso
1089 973 1260 1015 flamma
1279 973 1464 1015 culinam

340 1036 535 1079 Vulcano
556 1053 767 1081 summum
787 1042 1047 1096 properabat
1072 1041 1260 1084 lambere
1281 1049 1451 1087 tectum.

251 1113 306 1150 75

341 1110 551 1152 Convivas
573 1111 718 1155 avidos
741 1127 906 1155 coenam
928 1129 1155 1170 servosque
1175 1115 1370 1156 timentes

340 1182 456 1224 Tum
476 1198 639 1240 rapere,
663 1193 790 1241 atque
810 1200 957 1228 omnes
978 1187 1251 1244 restinguere.
1261 1186 1369 1229 velle
1390 1186 1568 1228 videres.

340 1252 496 1309 Incipit
515 1269 570 1295 ex
591 1253 666 1295 isso
686 1263 852 1297 montes
875 1255 1064 1311 Appulia
1082 1264 1207 1297 notos

341 1323 571 1366 Ostentare
592 1323 709 1375 mihi,
734 1339 840 1380 quos
861 1333 996 1367 torret
1017 1325 1241 1376 Atabulus,
1265 1334 1308 1367 et
1328 1341 1434 1383 quos

339 1397 571 1454 Nunquam
599 1412 856 1453 erepsemus,
878 1399 960 1439 nisi
979 1414 1057 1440 nos
1078 1399 1216 1440 vicina
1237 1398 1397 1440 Trivici

251 1471 307 1510 80

339 1467 454 1509 Villa
473 1468 701 1524 recepisset
721 1467 959 1525 lacrymoso
986 1483 1073 1510 non
1095 1469 1184 1510 sine
1205 1467 1335 1519 fumo,

341 1538 465 1581 Udos
487 1553 584 1580 cum
604 1537 715 1579 foliis
736 1553 877 1579 ramos
898 1546 1049 1580 urente
1069 1538 1246 1579 camino.

206 1671 333 1713 faciem
369 1679 413 1700 sc.
447 1668 532 1700 foede
568 1674 739 1708 turpatam.
829 1671 995 1701 Pastorem

221 1716 363 1756 Cyclopa,
408 1723 524 1753 nempe
572 1712 819 1752 Polyphemum,
856 1714 992 1748 saltaret,

221 1755 414 1801 (ὄςχῆηιιτο)
447 1755 592 1787 saltando
621 1755 837 1795 exprimeret;
872 1756 996 1787 saltatio

219 1808 327 1832 autem
343 1800 399 1831 ina
413 1799 650 1840 pantomimica,
673 1809 745 1840 quae
762 1801 889 1840 Cyclops
905 1810 996 1830 voca-

218 1846 324 1879 batur,
357 1843 545 1884 expressisse
572 1843 698 1874 videtur
726 1842 888 1881 ridiculas,
917 1853 996 1884 quas

218 1887 360 1919 vastioris
381 1887 520 1927 corporis
543 1886 763 1927 Polyphemus
783 1886 870 1926 apud
895 1886 992 1918 Gala-

218 1939 303 1963 team
325 1931 411 1969 fecit,
442 1930 580 1961 delicias
671 1931 769 1966 larva,
793 1929 913 1961 scilicet
936 1931 993 1971 qui

214 1975 283 2017 jam
297 1985 353 2015 per
367 1985 401 2005 se
415 1974 536 2005 soedum
556 1973 680 2004 vultum
703 1973 851 2011 ostendit,
874 1973 905 2005 ei
925 1984 991 2005 non

219 2029 301 2059 opus
322 2024 368 2049 est
389 2018 528 2049 foedioris
548 2017 657 2048 vultus
678 2017 783 2054 larva3
806 2024 839 2048 et
853 2017 910 2058 qui
923 2018 993 2059 jam

221 2073 278 2102 per
302 2073 336 2093 se
357 2061 535 2103 grandioris
556 2060 695 2101 corporis
716 2060 801 2091 mole
815 2062 945 2099 eminet,
969 2071 996 2092 ’.ε

221 2116 286 2137 non
301 2113 374 2145 eget
388 2105 560 2136 cothurnis.

263 2160 294 2180 v.
323 2148 377 2179 65.
403 2151 545 2180 donasset
549 2160 582 2189 J
601 2154 662 2180 cat.
690 2149 743 2180 Ea·
763 2155 830 2180 voto
854 2149 934 2180 Lar.
951 2167 994 2173 —

223 2192 328 2225 Schol.
348 2193 446 2233 Cruq.
479 2197 502 2212 “
516 2192 678 2223 Urbauius
691 2192 760 2222 haec
774 2191 858 2222 dicta
872 2199 948 2223 sunt
961 2193 996 2223 in

224 2238 438 2272 Sarmentum,
461 2236 517 2276 qui
546 2235 711 2266 servilibus
736 2242 803 2266 erat
825 2236 993 2272 natalibus,

221 2286 328 2312 sumta
341 2278 544 2311 translatione
565 2290 585 2309 a
606 2279 767 2320 generosis
789 2279 904 2319 pueris,
927 2281 995 2320 qui.

224 2323 342 2365 egressi
370 2333 471 2354 annos
503 2323 655 2363 pueritiae,
681 2322 750 2362 jam
779 2329 884 2353 sumta
911 2329 995 2365 toga,

224 2367 298 2399 Diis
322 2366 488 2407 penatibus
517 2368 628 2408 (Schol.
658 2368 813 2407 Porphyr.
842 2366 995 2406 Laribus)

221 2411 327 2443 bullas
340 2421 414 2442 suas
427 2411 659 2444 consecrabant,
684 2415 716 2440 et
730 2409 846 2449 puellae
860 2420 991 2450 puppas.

223 2455 280 2486 Ad
303 2455 390 2485 hunc
413 2453 548 2484 modum
570 2452 703 2484 ridendo
724 2453 897 2494 interrogat
922 2454 993 2483 Sar-

220 2506 379 2535 mentum,
407 2503 593 2528 catenamne
629 2507 721 2527 suam
757 2503 790 2527 et
824 2496 993 2536 compedes

224 2542 298 2574 Diis
312 2540 531 2582 suspendisset,
547 2539 664 2581 quibus
678 2540 745 2580 ipse
759 2549 867 2571 servus
880 2539 994 2571 fuisset

220 2591 465 2617 concatenatus.
455 2584 492 2603 '’'’

265 2640 295 2660 v.
321 2628 375 2659 66.
401 2629 500 2660 scriba

223 2679 298 2704 cett.
316 2671 405 2714 quod
419 2639 566 2703 scribaqu
532 2680 619 2701 nunc
641 2676 730 2706 esset,
750 2669 856 2719 (apud
873 2670 993 2701 Maece-

222 2723 341 2754 uatem,
357 2722 395 2747 ut
408 2714 547 2752 videtur)
568 2713 602 2744 id
625 2723 666 2744 ne
680 2712 851 2743 minimum
865 2713 995 2754 quidem

221 2761 264 2792 de
281 2761 366 2802 jure,
391 2758 476 2800 quod
497 2757 628 2790 domina
646 2756 750 2790 adhuc
772 2756 842 2787 viva
864 2756 899 2786 in
920 2767 994 2787 eum

222 2805 344 2840 habeat,
361 2803 512 2834 deterere.
561 2801 625 2832 Pro
651 2799 773 2842 vulgari
794 2799 928 2830 lectione
949 2818 992 2824 —

222 2850 299 2880 Nilo
315 2847 364 2878 vel
383 2848 494 2879 Nthilo
508 2846 642 2878 deterius
662 2843 734 2874 dedi
750 2853 825 2874 cum
840 2845 907 2876 Fea
922 2843 993 2883 plu-

223 2891 306 2922 rium
321 2890 413 2922 codd.
437 2889 643 2922 auctoritate·
635 2911 644 2919 .
670 2889 819 2919 Deterius
834 2889 937 2918 nihzlo.

268 2946 295 2964 v.
330 2934 380 2965 70.
417 2946 539 2966 coenam
565 2933 777 2974 produximus,
801 2930 991 3005 pgregimus,

524 2629 607 2669 quod
631 2633 719 2664 esset,
741 2628 872 2658 deterius
897 2628 993 2658 nzlailo

1038 1668 1269 1710 transegimus·
1309 1676 1348 1701 ut
1375 1676 1499 1702 noctem
1534 1671 1606 1702 vino
1638 1673 1810 1712 poducere

1038 1713 1124 1752 apud
1149 1713 1290 1744 Martial-
1318 1712 1491 1745 11.89.1.
1514 1714 1600 1745 conf.
1623 1725 1719 1755 supra
1742 1716 1807 1748 Od.

1039 1756 1110 1788 111.
1129 1755 1183 1787 2l.
1200 1756 1254 1788 23.

1082 1811 1111 1831 v.
1131 1799 1184 1831 71.
1211 1804 1438 1839 Beneventum,
1453 1800 1608 1841 oppidum
1630 1800 1664 1832 in
1681 1801 1810 1833 Samni-

1038 1850 1109 1875 tum
1125 1851 1158 1875 et
1174 1844 1390 1884 Hirpinorum
1406 1844 1533 1876 finibus.

1079 1897 1108 1917 v.
1129 1886 1182 1919 72.
1200 1889 1254 1919 ubi
1273 1890 1371 1920 sedul.
1399 1890 1484 1929 hosp.
1512 1890 1613 1920 Poene
1634 1899 1714 1921 ntae.
1733 1896 1807 1921 cett.

1031 1930 1153 1972 junge:
1199 1933 1254 1963 ubi
1282 1933 1412 1964 sedulus
1442 1934 1558 1973 hospes,
1586 1934 1662 1963 dmm
1690 1945 1813 1966 macros

1035 1977 1144 2006 turdos
1159 1977 1196 2007 in
1209 1977 1280 2016 igne
1295 1981 1407 2013 versat,
1425 1986 1518 2016 paene
1537 1977 1625 2014 arsit,
1640 1985 1721 2017 pene
1734 1976 1810 2018 igne

1035 2020 1219 2050 combustus
1232 2024 1289 2050 est.

1083 2072 1111 2093 v.
1140 2061 1194 2100 73,
1218 2060 1271 2093 7⁴1·-
1299 2064 1392 2096 Nam
1417 2073 1507 2117 vagaq
1521 2068 1595 2094 cett.
1618 2068 1727 2093 versus
1746 2062 1810 2094 ele-

1039 2105 1217 2146 gantissimi
1238 2106 1279 2138 cf.
1305 2116 1402 2146 supra
1421 2106 1463 2137 ad
1486 2106 1550 2137 Sat.
1573 2104 1748 2138 1.1.114.
1765 2127 1811 2135 -..

1038 2151 1171 2182 lambere
1185 2159 1243 2190 pro
1257 2149 1399 2191 vulgari.
1425 2151 1612 2190 continges-e.

1082 2203 1111 2224 v.
1138 2192 1193 2231 75,
1217 2192 1270 2224 76.
1294 2195 1398 2226 avidos
1419 2203 1463 2223 sc.
1488 2192 1613 2231 edendi,
1631 2199 1674 2224 ut
1693 2178 1809 2244 praece-

1038 2235 1124 2268 dent.
1146 2238 1211 2269 Sat.
1232 2236 1304 2268 126.
1371 2238 1524 2274 timentes,
1539 2246 1616 2267 nam
1629 2238 1718 2274 servi,
1733 2247 1808 2268 cum

1038 2281 1125 2311 cibos
1139 2280 1221 2312 clam
1236 2280 1420 2320 surripiunt,
1437 2279 1552 2311 timent
1566 2279 1626 2311 sibi
1636 2291 1655 2311 a
1669 2280 1809 2312 domino.

1039 2341 1084 2347 —
1095 2335 1215 2365 rapere,
1231 2324 1347 2364 raptim
1361 2323 1495 2355 auferre.
1584 2325 1711 2360 videres,
1728 2322 1796 2365 (ἴῖο
1787 2338 1811 2358 e

1038 2367 1090 2406 ἅ)
1127 2368 1234 2399 videre
1261 2367 1396 2405 Boeben
1424 2377 1501 2398 nos.
1530 2369 1571 2398 da
1594 2367 1708 2399 konnee
1731 2379 1809 2399 man

1038 2413 1138 2442 selaeu.
1161 2411 1246 2442 infra
1273 2411 1339 2442 Sat.
1347 2411 1388 2443 Ι.
1410 2410 1442 2442 8.
1462 2408 1514 2441 34.
1541 2415 1693 2450 serpentes
1717 2417 1810 2452 atque

1036 2455 1153 2485 videres
1182 2456 1334 2497 Infernas
1368 2464 1476 2485 errare
1503 2463 1607 2490 canes,
1636 2454 1808 2495 lunamque

1036 2499 1210 2529 rubentem.
1243 2497 1333 2538 Vir-g.
1368 2496 1484 2538 Eclog.
1518 2495 1583 2526 VI.
1615 2495 1669 2527 27.
1722 2499 1807 2530 Tum

1034 2551 1102 2572 vero
1116 2543 1151 2572 in
1166 2551 1340 2573 nnmerum
1362 2542 1580 2581 Faunumque
1586 2541 1742 2590 serasque
1762 2544 1808 2574 vi-

1037 2586 1124 2615 deres
1138 2586 1272 2616 Ludere.
1361 2585 1552 2623 restinguere
1566 2593 1609 2614 sc.
1624 2583 1743 2626 ignem.

1100 2626 1274 2658 .77-85,
1298 2637 1334 2658 ez·
1346 2628 1412 2665 illo,
1425 2637 1444 2657 e
1461 2627 1647 2658 Benevento
1661 2627 1746 2659 inde.
1762 2647 1807 2655 --

1037 2677 1135 2709 notos,
1150 2671 1268 2710 patrios
1277 2670 1396 2701 scilicet
1413 2670 1559 2701 Horatio.
1638 2673 1805 2708 Atabulus,

1038 2713 1079 2744 de
1093 2715 1154 2745 hoc
1167 2721 1262 2745 vento
1277 2713 1348 2754 (qui
1358 2723 1445 2744 nunc
1456 2713 1572 2744 dicitur
1586 2715 1722 2756 Sir-occo)
1739 2715 1807 2746 lau.

1038 2756 1115 2787 dant
1139 2758 1249 2789 Senec.
1279 2758 1402 2794 Quaest.
1427 2756 1504 2788 Nat.
1529 2757 1570 2788 V.
1587 2756 1638 2789 17.
1685 2761 1808 2791 Atabu-

1035 2802 1086 2832 lus
1111 2802 1287 2842 Appuliam
1316 2802 1456 2842 infestat,
1488 2802 1665 2833 Calabriam
1693 2804 1805 2844 Iapyx,

1038 2846 1182 2877 Athenas
1196 2848 1313 2880 Seiron,
1332 2845 1552 2886 Pamphyliam
1569 2847 1709 2886 Cataegis,
1729 2848 1805 2878 Gal-

1035 2889 1113 2921 liam
1135 2890 1268 2921 Circius.
1293 2888 1334 2918 cf.
1362 2887 1447 2918 Plin.
1472 2888 1519 2919 H.
1543 2888 1585 2919 N.
1607 2889 1729 2921 XVII.
1747 2889 1804 2920 36.

1035 2931 1068 2963 8.
1150 2943 1333 2974 erepsemus,
1366 2932 1458 2973 (prot
1491 2932 1727 2974 erepsissemus)
1756 2943 1806 2965 re-
