1904 3250
851 179 1158 224 HORATII

1629 183 1738 230 [Lm.
1761 192 1793 220 1.

285 311 311 348 5
343 307 516 350 Terruit
537 315 695 366 gentes,
717 322 845 366 grave
866 320 919 348 ne
940 306 1097 347 rediret

345 378 555 420 Saeculum
579 377 768 435 Pyrrhae‚
791 392 899 419 nova
918 382 1108 416 monstra
1126 381 1298 430 questae,

343 450 482 493 Omne
503 467 634 508 quum
656 451 834 493 Proteus
854 463 983 505 pecus

1004 448 1091 505 egit
1110 446 1216 488 altos

804 518 952 560 Visere
972 524 1151 568 montes,
1209 547 1211 549 ·
1249 549 1253 550 γ

346 593 529 635 Piscium
551 601 593 634 et
613 608 775 634 summa
793 605 927 649 genus
947 590 1073 632 haesit
1091 589 1222 640 ulmo,

261 670 312 708 10
343 666 457 708 Nota
477 682 572 722 quae
594 665 714 707 sedes
735 665 872 706 fuerat
891 663 1114 713 columbis,
1172 694 1174 696 -

344 736 401 778 Et
421 736 653 791 superjecto
674 734 838 791 pavidae
858 741 1057 775 natarunt

806 803 999 861 AEquore
1018 803 1168 845 damae.

344 878 537 919 Vidimus
557 879 713 920 flavum
735 877 939 928 Tiberim,
962 877 1132 918 retortis

343 947 489 989 Litore
511 936 692 990 Etrusco
712 948 916 989 violenter
936 947 1074 998 undis,

263 1024 313 1062 15
346 1021 414 1063 Ire
435 1021 644 1077 dejectum
664 1028 939 1063 monumenta
963 1019 1109 1077 Regis,

811 1090 1075 1147 Templaque
1097 1089 1252 1140 Vestae,

343 1164 436 1206 Iliae
457 1164 559 1206 dum
580 1180 624 1206 se
644 1165 820 1206 nimium
841 1158 1041 1221 querenti

342 1235 482 1276 Jactat
501 1234 695 1285 ultorem,
718 1250 848 1292 vagus
870 1242 912 1276 et
935 1234 1104 1275 sinistra

343 1303 524 1346 Labitur
544 1305 648 1360 ripa,
671 1305 776 1346 Jove
796 1320 883 1346 non
902 1304 1124 1360 probante,
1146 1318 1195 1344 u-

257 1377 313 1415 20

227 1490 326 1528 ciunt,
342 1490 622 1532 calamitatemque,
637 1501 708 1532 quae
721 1491 902 1531 reipublicae
916 1501 989 1522 nos-

227 1541 285 1565 trae
310 1534 462 1571 imminet,
489 1534 699 1574 portendunt!
738 1536 845 1572 Quem
868 1535 988 1572 Deum,

227 1583 267 1608 ut
286 1577 402 1608 scelera
423 1584 529 1609 nostra
543 1579 656 1618 expiet,
676 1585 708 1609 et
721 1580 788 1609 haec
803 1579 887 1610 mala
900 1590 920 1610 a
933 1589 995 1610 noc

227 1621 276 1652 bis
289 1627 417 1659 avertat,
429 1621 663 1652 invocabimus?
681 1623 770 1653 Num
785 1622 991 1662 Apollinem?

228 1675 270 1696 an
287 1665 468 1695 Venerem?
491 1675 532 1696 an
549 1665 685 1696 Martem
697 1666 712 1696 Ρ
735 1676 775 1696 an
791 1673 831 1700 te,
848 1666 903 1708 qui
921 1666 993 1697 Au·

227 1708 313 1749 gusti
328 1718 493 1748 personam
514 1709 547 1739 in
570 1708 619 1739 his
634 1709 723 1739 terris
743 1709 886 1747 induisti,
903 1710 993 1741 Mer-

228 1752 375 1782 curium?
403 1752 545 1788 Utinam,
565 1753 657 1784 Deus
677 1754 833 1794 Auguste,
857 1753 915 1784 diu
929 1755 989 1784 sub

228 1796 358 1826 nomine
383 1795 486 1827 Patris
501 1803 534 1826 et
551 1796 706 1836 Principis
727 1796 812 1837 apud
834 1797 990 1837 populum

232 1839 416 1870 Romanum
452 1840 662 1877 commoreris,
693 1840 825 1882 ejusque
854 1841 991 1872 salutem

227 1888 351 1913 exteros
365 1883 468 1914 hostes
483 1882 662 1914 ulciscendo
676 1884 858 1916 confirmae!

272 1936 301 1956 v.
333 1924 426 1956 1—4.
451 1928 524 1957 satis
551 1927 646 1957 nimis
670 1928 820 1965 multum,
842 1928 916 1959 satis
937 1939 991 1959 su-

227 1979 345 2010 perque
410 1971 488 2001 nim's
503 1969 542 2000 de
555 1971 640 2007 nive,
652 1981 724 2012 quse
739 1972 830 2002 solito
840 1971 993 2011 copiosior

226 2012 385 2050 ceciderit,
410 2013 566 2052 explicant
589 2014 781 2054 interpretes.
830 2015 992 2057 Equidem

227 2055 309 2087 nivis
323 2057 650 2088 commemorationem
673 2058 714 2089 ad
735 2058 836 2098 ipsam
856 2065 992 2099 tempes-

227 2105 336 2138 tatem,
352 2110 423 2141 quae
444 2100 495 2130 hic
520 2100 714 2139 describitur,
737 2102 892 2142 pertinere
906 2109 993 2142 puto,

230 2153 303 2174 cum
319 2143 374 2174 nix
389 2144 470 2174 inter
481 2143 611 2186 fulgura
622 2154 748 2186 quoque
762 2156 995 2188 nonnunquam

229 2186 373 2217 decidere
415 2187 522 2218 soleat.
586 2188 637 2219 Sic
679 2189 765 2227 apud
811 2190 993 2221 Diotimum

230 2230 346 2272 Epigr.
362 2230 404 2261 X.
420 2231 536 2272 (Anth.
557 2231 659 2262 Graec.
677 2233 716 2263 T.
733 2233 760 2263 I.
775 2244 806 2273 p.
828 2232 900 2264 186.
918 2233 998 2265 edit.-

228 2273 319 2313 Jac.)
342 2283 425 2312 oves,
441 2284 575 2314 quarum
597 2281 701 2316 pastor
714 2275 850 2307 fulmine
867 2287 995 2317 percus-

229 2317 411 2355 susfuerat,
434 2317 474 2348 ad
489 2318 611 2349 stabula
633 2322 735 2362 πολλῇ
759 2321 896 2360 νιφὸμιναι
918 2322 994 2362 xum

229 2360 374 2396 redeunt,
391 2361 448 2392 ubi
463 2360 544 2398 vide,
560 2372 633 2402 quae
648 2362 681 2392 in
698 2364 778 2394 hanc
793 2374 859 2394 rem
875 2365 995 2395 notavit

196 2416 198 2429 ν
227 2404 440 2436 amicissimus
453 2406 613 2437 Jacobsius
627 2405 660 2435 in
678 2406 856 2437 Comment.
877 2407 916 2438 T.
937 2408 989 2439 ΙΙ.

229 2459 263 2488 p.
284 2447 484 2485 loz—Quo
498 2448 598 2479 rarius
619 2455 724 2479 autem
747 2450 803 2480 nix
825 2451 907 2481 inter
928 2451 994 2482 ful-

231 2502 313 2533 gura
322 2491 426 2523 delabi
440 2490 529 2529 solet,
545 2501 584 2522 eo
594 2492 696 2534 magis
710 2492 765 2523 illa
778 2504 835 2533 pro
849 2494 995 2536 prodigio

230 2535 340 2567 haberi
360 2535 473 2575 potuit.
491 2552 536 2559 —
553 2534 636 2566 Fieri
664 2546 791 2577 quoque
813 2538 925 2577 potuit,
957 2545 994 2570 ut

234 2578 391 2610 Horatius
404 2587 461 2619 per
474 2579 578 2610 nivem
594 2578 784 2620 intelligeret
794 2583 993 2621 grandinem,

231 2633 307 2654 nam
328 2621 482 2663 particula
495 2628 598 2663 atque,
621 2632 711 2662 aeque
731 2633 768 2653 uc
783 2636 842 2665 que
856 2625 889 2654 in
904 2635 995 2656 versu

235 2665 286 2697 16.
312 2665 383 2709 (ubi
397 2664 470 2696 vide
490 2664 574 2706 not.)
597 2665 711 2705 passim
732 2667 797 2696 vim
819 2667 995 2707 explicandi

231 2711 337 2741 habet.
393 2708 439 2741 Et
459 2708 504 2740 sic
528 2709 645 2750 passim
674 2715 713 2740 et-
803 2713 880 2741 dirae
909 2712 995 2752 quod

233 2753 292 2783 diri
308 2753 512 2784 eminisci-at.
602 2754 685 2784 misit
699 2762 758 2791 pro
771 2765 778 2783 :
804 2755 939 2785 immisit.
952 2773 996 2780 —

231 2799 360 2828 rubente
374 2807 394 2828 a
412 2805 595 2838 repen-cumo
615 2795 790 2826 fulminum
814 2798 996 2828 rubentium

232 2840 357 2881 fulgore
370 2846 457 2880 puta.
546 2850 625 2872 sacr.
640 2839 710 2880 jac.
729 2851 794 2871 arc.
807 2857 851 2864 -
852 2841 997 2880 jaculari

234 2895 320 2914 arces
343 2894 416 2922 pro:
443 2882 567 2914 fulmen
583 2882 757 2924 jaculando
778 2893 864 2914 arces
884 2894 995 2923 percu-

233 2932 318 2963 tere3
345 2927 439 2957 Ovid.
462 2928 538 2958 Am.
557 2926 630 2959 III.
647 2925 679 2958 3.
698 2925 751 2958 35.
779 2929 904 2967 Jupiter
925 2929 996 2968 igne

233 2980 289 3001 suo
304 2972 389 3001 lucos
401 2971 567 3009 jaculatus
587 2968 618 3003 'et
629 2980 726 3003 arces.
819 2970 883 3002 Per
900 2982 995 3010 arces,

809 1375 955 1416 xorius
975 1374 1122 1416 amnis.

1032 1501 1096 1534 qua
1107 1501 1182 1522 voce
1193 1499 1318 1521 summa
1327 1488 1487 1521 montium
1497 1488 1622 1531 fastigia
1636 1494 1796 1529 notantur,

1027 1536 1097 1577 jam
1114 1534 1319 1575 Capitolium,
1342 1533 1392 1564 vel
1413 1534 1519 1573 potius
1532 1533 1660 1573 templa,
1682 1534 1718 1564 in
1734 1534 1797 1565 Ca-

1035 1578 1145 1619 pitolio
1168 1578 1280 1618 posim,
1306 1576 1513 1619 intelligenda
1534 1587 1611 1614 esse,
1637 1576 1802 1620 adjectum
1840 1590 1842 1594 ’

1035 1634 1132 1655 sacroe
1145 1621 1246 1652 docet.

1077 1677 1108 1697 v.
1133 1663 1230 1696 5-8.
1259 1676 1356 1706 grave
1377 1674 1446 1696 ωε.
1481 1666 1616 1706 Ryrrhoe
1640 1663 1724 1696 foeda
1741 1664 1799 1696 illa

1035 1715 1186 1750 tempora,
1206 1709 1322 1750 quibus
1338 1707 1518 1739 Deucalion
1532 1718 1608 1739 cum
1627 1718 1728 1739 uxore
1740 1719 1800 1739 sua

1035 1753 1159 1794 Pyrrha
1190 1762 1357 1792 oppressus
1382 1751 1447 1782 fuit
1481 1751 1620 1782 diluvio:
1663 1754 1799 1793 Pyrr-lm

1032 1807 1107 1828 cum
1123 1796 1247 1828 delectu
1263 1806 1334 1836 pro:
1363 1794 1588 1832 Deumlioniz3
1605 1794 1709 1826 multo
1725 1805 1800 1836 gra-

1033 1841 1135 1872 viores
1149 1839 1234 1871 enim
1249 1838 1509 1870 muliercularum
1521 1838 1555 1868 in
1565 1838 1660 1869 rebus
1669 1838 1800 1878 trepidis

1035 1884 1182 1925 querelae.
1218 1881 1477 1924 Ceterum‚quod
1488 1881 1800 1914 Deumlioffls-noe

1034 1928 1132 1959 fuisse
1154 1927 1334 1966 perhibetur
1355 1925 1528 1964 diluvium,
1554 1924 1606 1956 vel
1631 1926 1683 1957 ex*
1698 1925 1798 1958 ovid.

1037 1972 1120 2003 Met.
1150 1966 1273 2002 1.·2'60
1300 1980 1385 2012 seqq.
1410 1969 1485 2000 satis
1511 1974 1635 2000 notum.
1718 1981 1800 2001 nova

1035 2021 1178 2047 monstra
1196 2015 1227 2045 h.
1247 2025 1274 2046 e.
1291 2013 1468 2045 inauditam
1487 2012 1522 2044 in
1543 2012 1666 2044 diluvio
1680 2011 1739 2044 illo
1750 2023 1803 2044 η-

1035 2069 1108 2090 rum
1119 2058 1378 2099 permixtionem;
1393 2057 1471 2088 vidit
1483 2056 1570 2088 enim
1583 2057 1704 2097 Pyrrha
1719 2055 1803 2088 Pm-

1038 2109 1136 2140 teum,
1152 2103 1268 2142 phocas
1289 2101 1324 2132 in
1345 2100 1417 2132 ultis
1435 2100 1598 2134 montibus
1612 2105 1800 2140 pascenoem,

1038 2146 1116 2177 vidit
1137 2146 1246 2186 pisces,
1268 2146 1423 2176 hereum
1442 2144 1478 2175 in
1496 2143 1668 2179 arboribus,
1692 2149 1725 2174 et
1746 2143 1803 2174 aa·

1037 2199 1115 2228 mas,
1141 2195 1285 2221 natantes
1304 2189 1340 2219 in
1365 2197 1500 2229 equore.
1589 2192 1730 2219 monam
1751 2186 1803 2217 di-

1037 2241 1165 2271 cuntur,
1185 2243 1259 2275 quae
1275 2243 1294 2263 a
1312 2231 1436 2273 vulgari
1456 2241 1564 2263 rerum
1584 2229 1696 2262 ordine
1714 2240 1804 2261 rece-

1037 2277 1128 2315 dunt,
1149 2287 1222 2318 quae
1235 2285 1400 2317 nunquam
1414 2274 1489 2312 visa,
1507 2279 1672 2316 nunquam
1683 2273 1804 2305 'audita

1037 2326 1123 2352 sunt.
1136 2337 1182 2346 --
1198 2319 1252 2351 De
1274 2322 1396 2357 Proteo,
1418 2317 1479 2349 deo
1498 2318 1632 2356 marino,
1648 2317 1803 2358 Neptuni

1036 2370 1188 2401 armenta,
1203 2363 1392 2394 nominatim
1405 2362 1531 2403 phocas,
1545 2368 1700 2403 pusoenoe,
1718 2360 1803 2392 confi

1039 2406 1142 2438 Hom.
1178 2407 1293 2447 Odyss.
1327 2405 1390 2437 lv.
1427 2405 1493 2437 386
1523 2411 1623 2448 seqq.‘
1642 2411 1677 2437 et
1705 2404 1800 2447 Virg-

1041 2451 1158 2494 Georg.
1180 2451 1243 2482 lv.
1262 2449 1329 2481 395
1343 2459 1427 2491 seqq.

1082 2505 1111 2525 v.
1143 2493 1280 2526 13-16,
1296 2496 1438 2537 flavum,
1464 2492 1606 2524 sol-ue
1635 2491 1759 2524 'riba-is
1781 2502 1804 2522 a

1037 2538 1119 2570 flavo
1132 2548 1300 2570 arenarum
1315 2538 1420 2569 colore
1432 2537 1602 2577 epitheton.
1683 2537 1805 2567 raonis

1038 2588 1111 2614 cett.
1133 2582 1222 2613 littus
1243 2591 1358 2622 nempe
1379 2581 1475 2613 maris
1497 2579 1626 2612 Etrusci
1638 2579 1706 2610 aive
1719 2578 1803 2620 Tyr-

1038 2626 1139 2664 rheni,
1161 2626 1197 2657 in
1210 2625 1297 2667 quod
1313 2625 1437 2656 Tiberis
1457 2623 1642 2661 effunditur,
1662 2631 1738 2672 cum
1752 2622 1804 2652 ni-

1038 2670 1138 2701 miam
1166 2679 1257 2711 aquae
1284 2669 1409 2710 copiam
1433 2677 1499 2699 non
1522 2673 1656 2708 cuperet,
1680 2675 1711 2696 νι
1731 2675 1803 2696 eum

1037 2713 1219 2754 repellebat.
1306 2722 1450 2745 monum.
1479 2713 1575 2751 Regiz
1588 2710 1610 2741 i.
1627 2720 1656 2741 e.
1682 2708 1803 2740 Numae

1042 2755 1210 2797 Pompilii;
1232 2767 1304 2798 quae
1325 2755 1446 2787 fuerint
1457 2761 1567 2786 nutem
1586 2753 1644 2785 ina
1655 2764 1676 2786 a
1691 2753 1803 2784 Numa

1039 2807 1198 2831 exstructa
1233 2805 1450 2835 monumenta.
1485 2797 1592 2829 snum
1625 2796 1801 2840 subjicitur,

1039 2853 1155 2883 nempe
1175 2847 1326 2886 templum
1353 2845 1469 2879 Vestem·
1495 2840 1650 2882 paucula
1671 2852 1734 2883 que
1757 2841 1803 2881 σᾷ

1039 2889 1154 2927 templa
1181 2889 1322 2918 subnexa
1346 2886 1411 2917 vim
1435 2884 1614 2926 explicandi
1634 2885 1740 2923 habet,
1764 2888 1804 2914 ut

1042 2929 1099 2960 sit:
1118 2941 1244 2970 nempe.
1260 2930 1324 2962 vid.
1341 2930 1503 2962 Drahenb.
1521 2927 1562 2960 ad
1574 2927 1644 2961 Liv.
1662 2928 1726 2960 vl.
1746 2925 1797 2958 16.

1011 2973 1061 3044 ll§
1079 2972 1110 3004 8.
1131 2974 1225 3007 Tom.
1246 2975 1295 3006 11.
1314 2985 1346 3015 p.
1362 2972 1438 3005 33).
1719 2992 1721 2997 ι
