1904 3250
237 193 322 233 542

854 192 1176 237 ›HORATII

1627 203 1737 251 [Lm.
1760 203 1810 240 ιι.

354 317 597 360 Silvestrem
617 318 796 359 flammis
817 325 860 359 et
878 318 993 360 ferro
1013 319 1177 378 mitiget
1196 335 1358 378 agrum,

354 387 444 429 Scit
466 387 642 437 Genius,
664 387 803 429 natale
824 402 964 430 comes
985 389 1059 445 qui
1079 397 1286 446 temperat
1304 400 1476 444 astrum,

352 458 528 501 Naturae
549 459 654 501 deus
676 459 890 511 humanae,
916 461 1107 503 mortalis
1127 462 1172 503 in
1192 477 1345 504 unum-

353 531 567 588 Quodque
587 540 728 588 caput,
749 532 871 574 vultu
890 533 1117 585 mutabilis,
1140 533 1260 576 albus
1282 543 1325 577 et
1343 543 1445 578 ater.

238 603 318 641 190
352 600 475 651 Utar,
498 609 541 643 et
560 617 616 643 ex
635 602 818 653 modico,
840 611 1046 660 quantum
1066 618 1134 645 res
1154 611 1313 659 poscet,
1335 620 1486 647 acervo

350 671 547 724 Tollam3
578 689 658 716 nec
677 683 876 725 metuam,
900 675 1004 733 quid
1023 675 1080 718 de
1101 691 1171 718 me
1185 676 1349 733 judicet
1367 677 1519 730 haeres,

351 741 482 791 Quod
502 756 589 784 non
608 743 734 800 plura
754 743 863 786 datis
884 745 1092 786 invenerit
1103 761 1114 795 3
1146 753 1189 787 et
1208 754 1349 788 tamen
1369 747 1483 788 idem

351 815 468 857 Scire
488 816 641 868 volam,
664 825 869 874 quantum
890 818 1072 874 simplex
1093 818 1325 876 hilarisque
1345 820 1490 876 nepoti

348 883 589 941 Discrepet3
612 894 655 928 et
675 895 881 943 quantum
901 887 1117 929 discordet
1135 902 1289 944 parcus
1310 903 1451 930 avaro.

237 959 316 998 195
347 956 494 999 Distat
514 959 640 1010 enim,
663 974 837 1018 spargas
858 957 933 1002 tua
952 960 1174 1018 prodigus,
1197 976 1252 1002 an
1271 976 1409 1018 neque
1431 969 1614 1004 sumtum

349 1026 513 1069 Invitus
534 1027 676 1079 facias,
697 1044 837 1086 neque
856 1029 981 1091 plura
1000 1045 1155 1086 parare
1175 1030 1343 1072 labores
1358 1047 1371 1081 ;

349 1097 416 1138 Ac
435 1097 591 1153 potius,
612 1113 721 1154 puer
741 1106 790 1140 ut
807 1098 924 1140 festis
944 1100 1268 1156 quinquatribus
1289 1100 1404 1151 olim,

349 1168 521 1228 Exiguo
540 1178 747 1228 gratoque
767 1170 920 1213 fruaris
941 1182 1134 1228 tempore
1155 1173 1324 1229 raptim.

350 1238 596 1297 Pauperies,
618 1241 838 1283 immunda
857 1242 1023 1293 domus,
1046 1242 1197 1299 procul
1217 1242 1349 1285 absit:
1381 1258 1476 1301 ego,
1497 1251 1639 1286 utrum

231 1315 318 1354 200
350 1311 471 1355 Nave
490 1312 602 1356 ferar
623 1330 791 1372 magna,
815 1330 869 1357 an
889 1330 1034 1371 parva„
1056 1315 1170 1357 ferar
1191 1330 1301 1357 unus
1322 1323 1365 1357 et
1384 1315 1511 1358 idem.

273 1466 303 1486 v.
324 1454 397 1487 186.
415 1467 531 1496 agrum
544 1457 723 1493 silvestrem,
746 1456 888 1487 sentibus
902 1462 934 1487 et
948 1467 1002 1487 ve-

230 1499 339 1540 pribus
371 1499 519 1531 obsitum.
597 1501 756 1542 flammis,
787 1500 1003 1531 comburendo

231 1553 279 1580 ea,
307 1553 380 1584 quae
408 1542 603 1574 fertilitatem
628 1543 816 1583 impediunt.
894 1544 1001 1584 ferro,

230 1594 339 1617 rastro.
425 1587 555 1627 mitiget,
571 1587 703 1624 molliat,
719 1587 836 1623 domet,
862 1588 915 1627 (ut
934 1599 1003 1618 ras-

229 1631 287 1661 tris
311 1637 428 1662 terram
451 1631 578 1662 domare
603 1630 691 1670 apud
717 1630 808 1672 Virg.
829 1630 907 1660 AEn.
936 1630 1004 1661 IX.

231 1672 327 1714 608.)
363 1673 551 1704 foecundum
587 1673 706 1705 reddat.
743 1675 812 1705 Cic.
844 1674 884 1704 de
922 1674 999 1704 Nat.

231 1717 332 1749 Deor.
353 1717 404 1747 ΙΙ.
422 1715 476 1747 52.
514 1719 618 1749 Indus
638 1729 718 1754 vero,
733 1719 787 1759 qui
801 1723 845 1749 esc
858 1719 1004 1749 omnium

218 1763 404 1804 fluminum
417 1763 582 1798 maximus,
605 1773 672 1793 non
693 1773 778 1802 aqua
799 1763 899 1792 solum
914 1770 1005 1801 agros

229 1806 368 1844 Ioetificat
381 1810 412 1835 et
428 1805 559 1844 mitigat,
575 1807 627 1835 sed
641 1806 734 1836 etiam
749 1815 798 1836 eos
812 1806 954 1836 conserit.

1046 1458 1130 1488 Scire
1143 1458 1254 1494 volam,
1278 1463 1310 1488 et
1324 1465 1432 1489 tamen
1452 1458 1539 1489 idem
1563 1469 1624 1501 ego
1649 1460 1815 1499 probatum

1045 1499 1108 1537 ibo,
1125 1510 1178 1530 me
1191 1502 1271 1531 scire
1284 1507 1317 1532 et
1330 1501 1484 1536 didicisse.
1499 1511 1655 1543 quantum
1672 1504 1791 1534 homo
1782 1514 1815 1533 m

1046 1543 1120 1574 vitae
1133 1543 1334 1582 simplicitate
1352 1551 1385 1575 et
1398 1544 1554 1576 hilaritate
1575 1545 1775 1587 acquiescens
1796 1558 1816 1577 a

1046 1586 1179 1627 prodigo
1193 1593 1226 1617 et
1240 1587 1413 1626 luxurioso,
1439 1594 1471 1619 et
1491 1599 1603 1620 avarus
1627 1591 1667 1620 ab
1688 1590 1817 1620 homine

1046 1640 1140 1670 parce
1154 1630 1278 1661 vivente
1291 1630 1425 1662 differat.
1469 1631 1648 1663 Horatius*
1637 1632 1735 1674 igitur
1748 1643 1817 1663 me·

1046 1672 1136 1704 dium
1151 1674 1233 1704 inter
1238 1681 1418 1723 utrumque
1431 1675 1482 1706 vel
1500 1685 1629 1707 auream
1650 1675 1817 1707 mediocri-

1046 1723 1143 1747 tatem
1158 1716 1248 1757 sequi
1261 1717 1340 1748 vult.
1379 1718 1530 1750 Similiter
1542 1729 1638 1759 supra
1654 1719 1760 1760 Epod.
1784 1718 1812 1750 l.

1047 1759 1091 1791 32
1117 1770 1199 1801 seqq.
1221 1763 1307 1792 haud
1329 1772 1491 1801 paravero,
1519 1764 1607 1798 Quod
1620 1769 1687 1800 aue,
1702 1775 1817 1795 auarus

1045 1811 1082 1836 ut
1099 1806 1254 1842 Chremes,
1269 1811 1353 1836 terra
1371 1816 1527 1846 premam,
1550 1807 1736 1838 Diacincmae
1757 1813 1815 1839 aut

273 1845 521 1878 v.187—189.
555 1849 620 1880 Scit
652 1850 782 1885 Genius,
812 1854 885 1878 cett.
914 1847 1003 1878 locus
1042 1850 1171 1888 perdam
1186 1853 1223 1877 ut
1238 1859 1339 1888 nepos.

230 1890 379 1922 classicus
406 1890 447 1921 de
481 1893 599 1928 Genim
638 1901 715 1922 nam
743 1890 823 1932 quid
851 1891 1005 1922 senserint

230 1934 460 1975 statuerintque
475 1940 595 1965 veteres
609 1933 649 1964 de
665 1935 724 1965 hoc
738 1935 808 1971 deo,
819 1935 920 1965 tribus
935 1944 1003 1965 ver-

230 1979 316 2009 sibus
331 1978 516 2018 complexus
537 1984 584 2008 est
609 1978 782 2009 Horatius.
827 1977 856 2014 l,
881 1978 1005 2009 Genius

232 2021 405 2059 hominem,
436 2022 489 2052 cui
516 2021 644 2053 additus
673 2029 720 2051 est
741 2031 855 2057 comes,
886 2020 1004 2062 ubique

231 2065 374 2107 sequitur
383 2076 393 2102 ;
428 2064 459 2100 2,
479 2067 617 2107 (astrum
631 2066 739 2096 natale
753 2064 920 2105 temperat)
936 2075 1005 2094 ma-

231 2109 272 2145 la,
288 2118 360 2149 quae
374 2108 534 2148 portendit
549 2115 679 2145 astrum,
703 2110 762 2139 sub
776 2118 842 2149 quo
855 2110 927 2149 quis
948 2118 1004 2138 na-

232 2159 286 2183 tus
310 2158 367 2190 est,
394 2152 544 2182 amolitur
567 2158 599 2182 et
621 2159 787 2191 procurat;
815 2153 907 2188 bona,
934 2162 1007 2192 quae

232 2195 398 2236 affulgent,
415 2201 578 2236 promovet
592 2202 624 2226 et
638 2195 786 2237 adjuvan
816 2194 849 2231 3,
867 2197 1008 2226 Naturae

233 2242 312 2271 deus
334 2242 492 2276 numam,
520 2239 599 2269 mire
621 2239 688 2269 haec
711 2240 805 2270 verba
825 2238 1007 2278 explicant3

233 2281 502 2323 simplicissimum
532 2289 627 2322 puto:
669 2282 748 2312 deus
780 2282 920 2323 quidem,
950 2281 1006 2312 sed

235 2327 385 2357 humanae
407 2333 540 2363 nmurae,
566 2326 598 2355 h.
617 2336 644 2356 e.
669 2326 773 2363 morti,
799 2336 889 2366 aeque
910 2331 1006 2366 atque

234 2371 342 2405 homo,
365 2370 541 2407 obnoxius;
565 2369 641 2400 hinc
663 2369 790 2400 additur
811 2371 950 2401 mortalis
971 2371 1007 2400 in

235 2415 484 2454 unumquodque
497 2419 601 2453 caput,
617 2414 648 2443 h.
664 2423 692 2443 e.
707 2412 848 2443 mortalis
861 2420 918 2449 est,
928 2422 1005 2443 cum

235 2466 438 2497 unoquoque,
458 2466 554 2497 quem
569 2456 603 2486 in
617 2456 681 2486 vita
694 2457 863 2487 comitatus
883 2463 939 2493 est,
956 2466 1006 2486 re·

233 2501 284 2532 dit
298 2511 347 2537 eo,
372 2499 458 2530 unde
474 2499 588 2530 missus
602 2505 669 2538 est;
703 2497 735 2536 4«,
754 2501 936 2541 (mutabilis,
959 2501 1006 2530 al·

234 2546 293 2576 bus
307 2550 335 2574 ει
359 2543 441 2583 ater)
466 2542 565 2574 iratus
589 2549 646 2580 est,
673 2543 699 2573 si
721 2544 817 2574 homo
838 2550 1006 2585 repugnat,

235 2587 330 2622 mitis,
347 2587 373 2616 si
389 2587 485 2617 homo
499 2597 531 2617 se
544 2586 612 2628 regi
627 2586 754 2626 patitur.

281 2642 310 2663 v.
333 2629 406 2661 190.
431 2632 523 2667 Utar,
538 2629 626 2660 fruar
640 2640 683 2660 sc.
701 2629 850 2670 quaesitis.

281 2685 311 2705 v.
332 2673 405 2705 191.
423 2685 481 2705 nec
494 2680 647 2710 metuam,
662 2683 720 2704 nec
735 2674 862 2704 curabo.

279 2729 310 2749 v.
331 2716 496 2759 192,193.
521 2729 586 2749 mm
609 2719 705 2758 plura
726 2718 817 2754 datis,
841 2716 910 2747 vel.
940 2727 1005 2747 non

237 2761 332 2802 plura
353 2762 400 2799 iis,
426 2771 498 2803 quae
522 2760 603 2791 mihi
623 2760 706 2796 data,
727 2770 786 2791 nec
807 2771 827 2790 a
840 2770 893 2790 me
914 2767 1006 2791 aucta

238 2813 323 2843 sunt,
341 2805 527 2847 (plurimam
548 2806 714 2842 bonorum,
737 2814 808 2844 quoe
829 2802 1007 2843 possidebat

241 2850 407 2886 Horatius,
417 2855 544 2887 partem
566 2850 693 2880 dederat
716 2847 886 2883 Maecenas,
912 2857 1007 2887 supra

241 2893 347 2932 Epod.
370 2892 397 2923 l.
416 2891 469 2923 31.
515 2894 594 2924 Sacis
608 2902 758 2932 superque
771 2901 822 2922 me
834 2892 1009 2930 benignitas

240 2942 298 2966 tua
314 2937 452 2975 Ditavit)
469 2935 539 2967 velt
564 2945 635 2973 non,
652 2935 743 2975 plura
763 2934 813 2972 iiS,
829 2944 901 2974 quae
923 2944 942 2964 a
957 2944 1008 2965 mc

242 2981 315 3010 data
331 2986 414 3019 sunt,
429 2985 505 3012 cum
519 2978 666 3012 viverem.
755 2984 784 3010 et
807 2983 912 3010 tamen
925 2979 1008 3009 idem

1092 1901 1122 1921 v.
1157 1888 1229 1921 197.
1267 1893 1516 1933 quinquatribus,
1545 1913 1591 1918 —
1615 1894 1816 1934 quinquatria

1050 1936 1132 1976 (um,
1159 1934 1279 1974 orum),
1303 1934 1371 1966 dies
1393 1935 1466 1967 festi
1483 1942 1516 1967 et
1529 1935 1593 1967 laeti
1607 1936 1642 1967 in
1658 1937 1816 1968 Minerva

1049 1977 1162 2008 natalis
1175 1978 1328 2009 honorem
1342 1978 1500 2016 celebrati,
1521 1986 1563 2016 et,
1585 1979 1661 2021 quia
1673 1980 1707 2011 id
1722 1979 1817 2011 fiebat

1048 2031 1104 2060 per
1129 2021 1272 2062 quinque
1292 2021 1372 2060 dies,
1398 2022 1448 2053 vel
1469 2029 1541 2062 post
1560 2023 1644 2054 diem
1665 2023 1816 2064 quintum

1050 2064 1174 2095 Iduum
1193 2064 1392 2101 Martiarum,
1406 2068 1609 2107 quinquatria
1629 2066 1726 2105 dicti3
1749 2067 1813 2098 vid.

1051 2107 1147 2139 ovid.
1168 2107 1426 2141 Fast.111.809
1441 2119 1524 2150 seqq.
1541 2110 1673 2141 fuerunt
1693 2111 1729 2141 hi
1749 2110 1817 2141 dies

1050 2150 1156 2191 pueris
1171 2152 1339 2192 gratissimi
1347 2152 1642 2194 jucundksimique,
1657 2153 1743 2194 quia,
1758 2154 1814 2185 do-

1050 2205 1111 2225 nec
1136 2196 1341 2244 quinquatria
1365 2196 1530 2234 durabant,
1553 2196 1664 2227 feriae
1653 2207 1688 2227 m
1702 2198 1816 2228 scholis

1051 2245 1160 2276 erant;
1183 2238 1308 2278 copiose
1321 2238 1361 2270 de
1382 2241 1624 2281 quinquatribus
1646 2239 1816 2280 disputavit

1049 2283 1152 2314 Marc.
1167 2283 1314 2314 Donatus
1326 2282 1368 2314 ad
1383 2283 1455 2314 Liv.
1471 2282 1668 2314 XL1V0ffl
1731 2287 1815 2322 olim,

1049 2325 1187 2364 exempli
1201 2335 1304 2363 causa,
1321 2337 1393 2357 noe:
1411 2332 1509 2363 etwa;
1536 2336 1632 2366 supra
1647 2327 1712 2358 Sat.
1733 2328 1764 2359 Ι.
1782 2326 1811 2358 l.

1050 2368 1104 2399 25.
1137 2375 1173 2399 uc
1195 2371 1306 2409 pueris
1333 2371 1405 2402 olim
1433 2372 1512 2401 dam
1539 2373 1681 2403 mascula
1708 2373 1816 2404 blandi

1047 2415 1207 2445 Doctores.

1092 2466 1120 2486 v.
1149 2453 1221 2486 198.
1247 2458 1373 2497 raptim,
1398 2466 1494 2496 supra
1520 2456 1625 2498 Epod.
1654 2456 1705 2489 13.
1730 2457 1762 2496 3,
1778 2457 1809 2489 4ι.

1048 2510 1324 2573 ’.(1ξωὶηόῧὲἲέὃῖ
1331 2502 1518 2580 Οὲἰσεηιίυε,
1540 2503 1814 2577 ἕιῗῐὲιῗεϋεὶωωιιι

1048 2585 1264 2617 mediocritate
1274 2586 1416 2636 metiens,
1428 2586 1476 2617 uti
1486 2597 1553 2618 non
1560 2588 1815 2628 exsplendescere

1046 2628 1228 2660 divitiarum
1252 2630 1353 2670 copia,
1375 2630 1420 2661 ita
1441 2640 1506 2661 non
1527 2641 1609 2662 saeva
1630 2639 1813 2673 paupertate

1047 2673 1158 2713 premi,
1174 2672 1238 2710 sed,
1254 2679 1292 2704 ut
1305 2673 1437 2713 pulchre
1450 2684 1479 2704 v.
1497 2673 1572 2705 204.
1591 2675 1679 2714 dicit,
1694 2678 1814 2717 pn‘nw-

1047 2728 1121 2749 rum
1134 2722 1300 2754 extremm,
1315 2725 1344 2748 ee
1354 2719 1444 2757 prior
1456 2720 1596 2751 atr-emis
1608 2730 1671 2752 esse
1683 2722 1790 2752 voluit.

1090 2770 1120 2791 v.
1138 2758 1213 2790 200.
1217 2761 1324 2802 ferar,
1340 2761 1445 2791 vehar.

1090 2814 1118 2834 v
1138 2801 1214 2834 201.
1232 2805 1455 2842 tumidisvelis,
1476 2804 1553 2836 felix
1575 2812 1623 2837 est
1642 2806 1811 2848 navigatio,

1048 2857 1123 2878 cum
1137 2846 1237 2878 ventis
1257 2847 1402 2878 secundis
1423 2847 1654 2888 adspirantibus
1672 2849 1741 2881 vela
1761 2857 1813 2881 tu-

1050 2898 1160 2929 ment;
1182 2900 1258 2921 cum
1272 2891 1331 2922 hac
1345 2897 1419 2930 apte
1438 2900 1639 2942 cmnparatur
1651 2893 1728 2924 felix
1741 2894 1813 2924 vitae

1051 2944 1161 2965 cursus
1185 2943 1305 2971 eorum,
1331 2935 1447 2975 quibus
1474 2936 1564 2966 omui
1588 2946 1693 2968 rerum
1722 2938 1812 2977 copia

1046 2977 1282 3015 abundantibus
1296 2978 1403 3010 omnia
1417 2989 1503 3018 nunc
1520 2989 1560 3012 ex
1582 2987 1654 3012 voto
1670 2980 1811 3018 cedum3
