1904 3250
169 220 303 251 cmm.
323 208 389 256 x.]

780 198 1118 242 CARMINA.

223 335 249 373 5
279 330 428 379 Audis,
451 342 534 384 quo
556 327 730 382 strepitu
744 327 885 382 janua,
904 341 988 382 quo
1008 340 1154 367 nemus

279 403 394 445 Inter
413 400 559 458 pulcra
581 407 715 441 satum
737 407 846 440 tecta
866 398 1072 455 remugiat

278 472 459 516 Ventis?
490 481 531 514 et
550 461 707 528 posiias
729 481 774 512 ut
795 471 946 529 glaciet
966 471 1081 512 nives
1098 507 1103 509 γ

684 544 799 585 Puro
820 544 990 585 numine
1009 540 1208 598 Jupiter?

279 619 493 676 Ingratam
516 617 671 659 Veneri
692 632 802 672 pone
825 615 1061 672 superbiam
1078 631 1089 664 ;

199 691 249 729 10
282 687 348 730 Ne
369 696 563 730 currente
584 694 676 728 rota
696 686 805 728 funis
826 693 894 727 eat
913 693 1038 727 retro.

280 757 379 799 Non
402 766 442 799 te
466 757 706 812 Penelopen
725 755 935 798 difficilem
957 755 1096 810 procis

683 825 931 881 Tyrrhenus
950 825 1097 882 genuit
1117 838 1280 880 parens.

160 953 286 984 tandm
293 952 411 983 victum
418 962 483 983 non
493 951 629 991 amplius
637 950 723 981 illam
734 955 915 981 curaturum

161 1006 227 1027 ense
262 995 514 1027 minatum—Est
554 1000 656 1026 totum
699 994 759 1024 hoc
790 1003 915 1024 carmen

162 1039 449 1083 τιςικλινσίθνςοι,
464 1039 494 1069 h.
513 1048 542 1068 e.
556 1047 691 1074 carmen,
714 1043 787 1068 ante
800 1036 915 1076 puellae

155 1083 286 1124 januam
301 1083 341 1113 ab
354 1089 491 1113 amatore
502 1091 565 1111 non
576 1079 751 1111 intromisso
762 1078 916 1111 flebilibus

160 1125 262 1156 modia
274 1125 483 1161 decantatum¹
498 1123 673 1165 cujusmodi
687 1123 833 1154 carminis
846 1133 915 1162 par-

160 1168 289 1200 ticulam
309 1169 375 1209 jam
393 1178 487 1208 supra
509 1168 624 1198 Noster
643 1166 715 1197 libri
736 1167 828 1207 primi
849 1176 916 1197 ear-

159 1211 239 1242 mini
253 1211 402 1254 vigesimo
419 1211 530 1253 quinto
553 1212 596 1253 (v.
623 1210 655 1241 8.
684 1209 734 1249 9.)
760 1209 914 1248 intexuit;

160 1255 275 1286 similit
289 1254 559 1298 περιελινσιδῦςον
572 1253 716 1293 exempla
723 1253 792 1295 jam
807 1252 915 1284 lauda-

161 1305 238 1329 runt
250 1297 314 1335 nlii,
332 1298 438 1329 Plnut.
455 1298 550 1330 Curc-
565 1297 594 1328 1.
613 1296 645 1328 2.
662 1296 706 1327 60
720 1307 803 1337 seqq.
823 1295 918 1328 Ovid.

163 1342 239 1372 Am.
273 1341 302 1372 1.
329 1340 361 1372 6.
562 1341 590 1372 1.
617 1339 667 1372 16.
697 1339 737 1371 17
772 1349 855 1382 seqq.
883 1339 918 1370 in

163 1384 284 1416 Graecis
297 1384 453 1416 Theocrit.
473 1384 544 1415 111.
562 1391 594 1415 et
610 1384 758 1415 XXIII.
771 1389 804 1414 et
825 1382 912 1414 Aris.

160 1429 246 1467 toph.
273 1427 394 1460 Eoclae.
420 1425 579 1458 945—67.
597 1427 637 1459 cf.
658 1430 783 1468 δωρον.
802 1428 911 1468 Sagin.

160 1473 197 1503 de
209 1473 285 1504 «ἴση.
309 1473 385 1503 Ven.
403 1481 430 1503 c.
446 1470 500 1502 37.

202 1525 232 1544 v.
255 1513 348 1545 1-4.
395 1516 533 1546 Extrem-
575 1516 698 1546 Tanain
735 1516 761 1546 si
796 1515 917 1550 biberes,

162 1559 259 1599 Lyce,
280 1565 351 1589 cett.
372 1558 505 1589 Sensus:
535 1558 698 1595 Quamvis,
716 1557 747 1589 0
764 1557 861 1596 Lyce,
883 1563 919 1587 ut

161 1600 275 1632 mulier
288 1602 353 1633 fera
366 1608 399 1632 et
413 1603 542 1633 barbara
555 1601 672 1632 viveres
685 1602 720 1631 in
735 1600 871 1640 Scythia,
886 1606 918 1630 et

162 1643 309 1677 timendae
329 1644 454 1675 sevitioe
478 1645 589 1676 marito
614 1644 656 1675 ibi
681 1644 793 1685 juncta
815 1654 916 1681 esen

161 1693 267 1718 tamen
279 1687 422 1718 animum
442 1697 533 1718 tuum
549 1687 621 1722 mei,
648 1694 722 1718 ante
742 1687 825 1718 fores
845 1694 917 1718 tuas

161 1730 314 1770 prostati,
343 1737 375 1761 et
400 1737 564 1761 ventorum
589 1730 745 1761 vio1eutiae
774 1729 916 1770 expositi,

162 1773 279 1804 subiret
302 1773 466 1805 miseratio.
570 1775 703 1810 Tanain,
728 1780 841 1804 notum
856 1771 916 1803 flu-

160 1825 236 1857 men
251 1815 284 1846 in
296 1816 429 1856 Scythia.
474 1823 655 1859 extremum,
667 1822 825 1854 exn-emae,
835 1817 867 1847 h.
885 1827 912 1846 e.

161 1859 373 1890 remotissimae
393 1859 538 1900 regionis.
586 1857 730 1890 Sic⁴infr.
762 1859 864 1899 Epist.
885 1859 913 1890 1.

165 1899 193 1931 1.
210 1899 263 1932 45.
281 1905 406 1934 ectr-emi
419 1904 504 1934 Indi.
518 1902 621 1942 Epist.
640 1903 670 1933 Ι.
686 1902 717 1933 6.
743 1902 774 1932 6.
793 1905 918 1934 utrensi

162 1946 288 1976 Arabes.
305 1952 337 1976 et
353 1945 416 1976 od.
437 1945 508 1976 111.
528 1944 543 1975 l
554 1944 578 1976 Ι.
595 1944 648 1977 47.
661 1948 786 1977 extremi
802 1947 919 1978 Numi-

162 1990 278 2020 darum
289 1990 360 2029 agri
368 2004 381 2025 ,·
403 1995 438 2019 ut
452 1989 566 2029 passim
579 1989 665 2029 apud
676 1989 828 2020 Nostrum
842 1991 916 2021 uui-

162 2042 254 2068 mun
275 2042 304 2062 v.
317 2041 346 2063 c.
363 2042 447 2072 supr.
463 2032 491 2063 1.
505 2031 560 2063 36.
576 2030 607 2063 4·-
622 2034 731 2064 ultima
747 2034 916 2072 Hesperia,-

163 2073 214 2105 II-
229 2072 279 2105 18.
296 2073 328 2106 4
346 2077 457 2107 ultima
467 2077 578 2117 Asi-ica
589 2092 601 2113 ,·
628 2076 656 2106 Ι.
670 2074 723 2106 35.
739 2074 791 2105 29.
807 2077 918 2107 ultima

162 2115 340 2150 B'aeicanm
420 2119 540 2155 biberes,
560 2118 668 2158 populi
678 2118 763 2149 enim
773 2129 793 2149 a
807 2118 918 2155 fluviis,

160 2171 241 2201 quoe
249 2161 404 2197 accolunt,
417 2161 462 2192 ite
531 2162 539 2168 “
627 2168 689 2200 tur,
704 2168 803 2192 uteos
816 2162 919 2192 bibere

161 2203 326 2243 dieantur3
359 2204 432 2235 hinc
454 2215 539 2244 supr.
568 2205 596 2236 Ι.
626 2205 679 2236 20.
695 2204 748 2236 ᾖ).
773 2206 918 2237 Rhodani

156 2253 268 2288 potor-,-
291 2247 416 2279 etrinfr.
437 2248 498 2279 IV.
517 2247 635 2283 l5-2l.
650 2251 705 2291 qui
720 2250 918 2291 profimdum

162 2291 351 2323 Danubium
374 2292 491 2323 bibunt.
590 2304 676 2328 saevo,
709 2292 801 2333 cujus
828 2299 917 2323 atrox

161 2331 218 2364 tibi
230 2332 266 2364 in
278 2333 396 2366 furtim
408 2345 514 2365 amore
527 2335 607 2367 forte
617 2335 777 2376 deprensae
786 2335 916 2366 extime-

161 2375 311 2408 scendum
325 2386 405 2408 esset
416 2378 590 2419 ingenium.
678 2390 812 2420 afferas,
834 2380 866 2409 h.
886 2390 914 2409 e.

163 2418 265 2455 duras,
288 2419 498 2462 significanter
511 2432 588 2461 pro:
614 2429 694 2453 tuas.
779 2424 917 2463 plorares

162 2463 312 2538 ἕω...
325 2514 358 2538 22
369 2465 844 2550 ἔῶἓὲῗέᾞῗῷζῗῖῗὲθ
853 2465 917 2540 ΞΖ·

905 2532 916 2547 2

163 2547 252 2589 cw‘us
274 2556 307 2580 te
329 2550 494 2587 misereret,
523 2552 762 2591 intromitteres3
799 2554 916 2590 incolis,

163 2597 320 2632 perpetuo,
348 2599 496 2635 tanquam
532 2594 566 2625 in
595 2595 753 2627 domicilio
781 2606 848 2632 suo,
883 2597 917 2626 in

166 2633 289 2676 Scythi-
301 2635 541 2668 dominantibus.

165 2712 191 2725 .-
206 2687 236 2722 v.
251 2677 346 2710 5-8.
370 2692 481 2712 nemus
495 2684 577 2713 inter
586 2679 701 2722 pulcra
711 2689 791 2714 tecta
800 2689 916 2720 salum,

165 2718 303 2767 manige
315 2723 494 2754 viridarium
514 2724 548 2754 in
562 2725 636 2756 tecti
650 2726 802 2766 impluvio
815 2726 915 2757 consi-

166 2766 244 2799 tum,
265 2765 356 2806 quale
372 2766 485 2798 Noster
506 2767 650 2800 desuibit
661 2769 734 2799 infr.
754 2769 855 2809 Epist.
882 2770 912 2800 1.

171 2802 219 2835 1⁰·
234 2806 286 2838 22.
333 2811 454 2850 Nempe
467 2812 549 2842 inter
569 2813 670 2844 varias
682 2814 827 2844 nutritur
841 2815 915 2844 silva

168 2849 335 2883 columm-
362 2852 403 2883 cf.
433 2853 552 2884 Tibull.
582 2855 654 2886 111.
680 2855 711 2886 3.
744 2854 793 2886 15.
819 2862 851 2887 et
870 2856 914 2887 ibi

170 2891 273 2939 {leyn-
286 2893 462 2925 Lnurorum
474 2896 615 2936 inprimis
627 2899 661 2928 in
675 2899 827 2938 impluvio
840 2910 914 2930 con-

169 2939 296 2967 sutum
310 2937 420 2976 passim
435 2937 470 2968 fit
494 2940 619 2970 mentio.
647 2941 736 2983 Virg.
758 2943 832 2973 AEn.
861 2943 910 2973 ΙΙ.

169 2973 296 3022 512.ἐῐ
322 2979 403 3027 VII.
431 2979 482 3012 59.
581 2986 700 3023 pulcra,
730 2986 912 3025 splendida;

962 949 1046 980 unde
1062 950 1171 990 Lycen
1198 951 1359 980 honestam
1384 955 1560 981 matronam
1580 956 1611 981 et
1632 951 1665 980 in
1687 961 1720 981 re

959 992 1045 1024 lauta
1077 993 1277 1023 constitutam
1302 992 1399 1024 fuisse
1434 993 1592 1033 probabile
1617 994 1661 1024 fit.
1676 1012 1720 1019 —

957 1038 1062 1071 ventis,
1091 1042 1265 1073 ventorum,
1290 1037 1375 1067 hunc
1397 1037 1560 1076 strepitum
1581 1037 1723 1068 excitan-

958 1080 1048 1115 tium,
1077 1079 1215 1119 impetu;
1303 1086 1333 1111 et
1360 1086 1395 1111 ue
1417 1082 1538 1120 glaciet,
1568 1086 1601 1111 et
1623 1080 1720 1118 vidoe,

959 1123 1008 1153 vel
1037 1122 1143 1160 sentis,
1174 1130 1210 1153 ut
1237 1122 1351 1164 glaciet
1375 1131 1446 1154 cett.
1487 1134 1560 1154 nam
1590 1125 1719 1154 verbum

960 1168 1130 1201 audisnon
1146 1165 1179 1195 in
1193 1165 1317 1206 propria
1338 1166 1564 1207 significatione
1578 1174 1720 1207 repeten-

958 1209 1047 1246 dum,
1058 1209 1111 1240 sed
1120 1219 1159 1240 ex
1168 1217 1244 1240 noto
1254 1209 1403 1250 loquendi
1410 1220 1534 1251 genere,
1545 1218 1719 1252 zeugmate,

959 1252 1047 1284 aliud
1061 1254 1190 1284 verbum
1206 1252 1250 1283 rei
1273 1253 1545 1285 accommodatum
1569 1254 1643 1285 inde
1665 1254 1721 1285 eli-

959 1295 1107 1327 ciendum
1122 1302 1154 1327 et
1167 1295 1379 1336 supplendum
1395 1303 1451 1327 est.
1500 1298 1670 1337 Apponam
1685 1299 1719 1328 in

959 1341 1041 1371 hanc
1068 1349 1136 1370 rem
1164 1339 1271 1370 locum
1296 1339 1372 1370 huic
1399 1340 1595 1371 simillimum
1627 1341 1718 1372 Nost.

957 1393 1051 1423 supra
1088 1383 1137 1414 11.
1177 1381 1205 1414 l.
1245 1381 1362 1413 21—4.
1424 1385 1547 1415 Audire
1594 1396 1720 1425 magnos

947 1427 1023 1467 jam
1036 1428 1139 1458 videm-
1153 1428 1244 1469 duces
1260 1429 1339 1458 Non
1353 1428 1494 1460 imlecoro
1512 1429 1642 1467 pulvere
1655 1439 1719 1459 sor-

961 1472 1058 1508 didos,
1097 1471 1141 1502 Ee
1157 1477 1274 1502 cuncta
1299 1477 1456 1501 terrarum
1470 1472 1605 1507 subacta,
1633 1474 1721 1503 Prae-

961 1521 1008 1545 ter
1021 1519 1156 1545 atrocem
1169 1515 1311 1545 animum
1328 1516 1462 1550 Catonis,
1486 1514 1539 1544 ubi
1555 1514 1669 1554 pariter
1681 1516 1721 1546 ad

961 1564 988 1588 ee
1005 1566 1069 1587 non
1090 1558 1198 1588 audire
1220 1557 1254 1586 in
1268 1557 1394 1597 propria
1407 1556 1645 1598 significatione,
1668 1559 1721 1590 sed

960 1599 1071 1636 simile,
1095 1611 1124 1630 v.
1141 1610 1169 1631 c-
1183 1602 1349 1641 percipere,
1371 1611 1558 1641 cognoscere,
1583 1602 1721 1642 suppleri

961 1642 1062 1674 debet.
1121 1643 1338 1674 Nihilominus
1366 1646 1526 1676 Bemleius
1555 1644 1614 1675 sibi
1643 1655 1722 1676 tem-

959 1697 1066 1726 perare
1081 1696 1145 1717 non
1159 1686 1273 1726 potuit,
1296 1686 1373 1728 quin
1387 1687 1471 1718 facta
1484 1693 1556 1727 post
1569 1692 1721 1730 remugiat

961 1729 1212 1769 interpunctione
1225 1729 1394 1772 corrigeret
1407 1743 1414 1761 :
1449 1733 1552 1763 Sentis
1566 1738 1596 1763 et
1607 1735 1722 1772 positas

958 1780 996 1805 ut
1018 1775 1129 1814 glaciet
1151 1780 1222 1804 cett.
1241 1779 1278 1804 ut
1302 1773 1381 1804 nihil
1405 1773 1446 1805 de
1470 1774 1604 1805 aliorum
1629 1787 1723 1816 super

959 1817 1019 1847 hoc
1047 1816 1117 1847 loco
1141 1816 1272 1858 argutiis
1299 1817 1411 1849 dicam.
1507 1820 1635 1858 positas,
1666 1831 1723 1860 pro

960 1859 1102 1901 vulgari:
1134 1860 1286 1902 jacentes.
1321 1872 1403 1902 puro
1432 1863 1563 1893 numine
1585 1864 1720 1904 Jupiter,

961 1903 1101 1934 ornatius
1126 1914 1201 1943 pro:
1236 1914 1336 1942 purus
1356 1904 1493 1944 Jupiter,
1519 1906 1551 1936 h.
1570 1916 1597 1936 e.
1622 1917 1722 1946 purus

962 1956 1065 2020 εει-ἒ]
1058 1956 1137 1986 puro
1151 1947 1236 1996 enim
1251 1957 1322 1978 aere
1342 1947 1391 1979 vis
1411 1947 1537 1990 frigoris
1556 1955 1604 1980 est
1624 1950 1723 1981 acrior

963 1996 995 2020 et
1008 2000 1026 2019 v
1067 1997 1228 2021 nent-ror.

1004 2043 1033 2063 v.
1060 2031 1177 2063 9-12.
1217 2035 1342 2074 Ingrut.
1376 2036 1450 2066 Ven-
1477 2046 1560 2076 pone
1587 2047 1656 2078 sup.
1682 2037 1722 2068 de

964 2075 1098 2112 Venere,
1114 2075 1267 2116 superbiae
1282 2077 1403 2116 ultrice,
1424 2077 1485 2108 vid.
1504 2080 1654 2112 Lambin.
1679 2081 1721 2111 ad

961 2119 993 2149 h.
1011 2118 1033 2150 1.
1055 2120 1105 2151 Cl.
1129 2121 1255 2151 Musclz.
1278 2119 1387 2152 laudat
1413 2122 1531 2162 Agath.
1559 2123 1663 2155 XIX.
1686 2123 1716 2155 7.

964 2163 1065 2193 Anth.
1088 2163 1190 2194 Graec.
1218 2164 1257 2194 T.
1283 2163 1347 2194 IV.
1371 2175 1403 2204 p.
1431 2163 1483 2196 10.
1572 2169 1627 2199 Ne
1648 2179 1721 2200 cur-

960 2212 1048 2237 rente
1062 2213 1129 2237 rota
1137 2208 1218 2249 sian.
1242 2213 1292 2239 eat
1306 2213 1397 2244 reiro,
1419 2209 1581 2250 vulgarem
1596 2218 1720 2242 semen·

960 2250 1057 2280 tiam:
1087 2260 1129 2280 ne
1150 2260 1169 2280 e
1194 2260 1320 2281 summo
1333 2251 1403 2282 loco
1427 2258 1510 2283 retro
1530 2254 1651 2284 veharis
1673 2255 1720 2285 vel

960 2303 1099 2332 praeoeps
1112 2293 1214 2334 agaris
1226 2294 1268 2325 ad
1289 2294 1458 2334 infimum3
1492 2297 1539 2338 (h.
1558 2307 1586 2328 e.
1611 2308 1652 2328 ne
1667 2308 1719 2328 su-

960 2335 1075 2375 pabiae
1096 2342 1160 2368 ωε
1185 2348 1292 2377 poenas
1317 2337 1398 2378 dos)
1425 2339 1520 2375 funis,
1546 2341 1602 2381 qui
1622 2341 1719 2371 nimia

960 2379 1028 2420 ejus
1040 2380 1215 2412 intentione
1227 2387 1339 2420 ruptus
1352 2382 1530 2420 revolvitur,
1552 2383 1718 2414 adumbra-

960 2423 1005 2454 vit
1031 2423 1179 2464 imagine.
1241 2424 1473 2466 Intelligendus
1500 2434 1605 2457 autem
1635 2427 1720 2457 funis

959 2466 1123 2508 ejusmodi,
1146 2478 1210 2508 quo
1222 2468 1468 2507 permachinam
1494 2476 1562 2500 rota
1587 2470 1719 2500 instruc-

959 2515 1035 2546 tam,
1051 2510 1103 2540 cui
1118 2510 1171 2541 ille
1185 2511 1446 2548 circumvolvitur,
1462 2513 1560 2543 moles
1574 2513 1718 2553 quaedam

960 2552 994 2583 in
1009 2553 1110 2584 altum
1124 2555 1297 2585 attrahitur.
1347 2555 1430 2586 Cum
1446 2556 1597 2596 ejusmodi
1620 2556 1718 2596 igitur

958 2597 1046 2633 fune,
1062 2603 1157 2636 rupto
1171 2608 1285 2638 nempe
1298 2597 1398 2629 nimio
1411 2605 1487 2629 rotae
1502 2609 1595 2629 cursu
1617 2606 1648 2629 et
1669 2609 1718 2630 re-

959 2643 1009 2670 tro
1044 2641 1163 2682 voluto,
1190 2647 1388 2681 comparatur
1415 2652 1480 2672 sors
1506 2651 1625 2678 eorum,
1662 2642 1720 2683 qui

960 2683 1058 2715 nimio
1072 2685 1143 2715 nisu
1156 2684 1197 2715 'ad
1218 2684 1327 2715 altiora
1348 2684 1510 2715 tendentes
1523 2683 1628 2714 subito
1641 2695 1716 2717 mu

957 2727 999 2758 nd
1019 2727 1165 2758 inferiora
1191 2734 1274 2759 retro
1300 2727 1453 2759 feruntur.
1514 2727 1603 2757 Hinc
1617 2729 1717 2770 fimi:

958 2773 1116 2811 rumpitur
1130 2771 1186 2804 vel.
1200 2778 1282 2803 retro
1304 2773 1329 2803 it
1353 2770 1535 2810 proverbiali
1560 2770 1717 2809 locutione

957 2813 1079 2844 dictum
1102 2821 1150 2845 est
1171 2814 1204 2845 in
1230 2815 1372 2846 homines
1394 2815 1550 2852 superbos,
1580 2824 1715 2854 quorum

947 2856 1090 2894 altiores,
1111 2868 1191 2899 quos
1212 2858 1351 2892 trahunt,
1381 2856 1506 2895 spiritus
1526 2857 1628 2888 subita
1651 2858 1714 2890 for.

958 2906 1044 2931 tunae
1055 2902 1255 2932 conversione
1265 2901 1465 2940 franguntur.
1506 2893 1585 2931 Hui:
1593 2901 1714 2933 ficiunt

957 2943 1023 2973 duo
1037 2944 1175 2983 apprime
1198 2945 1276 2980 loca,
1302 2954 1321 2973 a
1348 2943 1396 2972 cl.
1425 2944 1549 2974 Mitsclz.
1578 2943 1712 2983 laudata,

959 2986 1091 3030 Lucian.
1114 2987 1197 3018 Dial.
1219 2988 1345 3017 Mer-etr.
1373 2996 1402 3025 p.
1421 2984 1493 3017 286.
1520 2986 1592 3020 edit.
1614 2989 1714 3029 Gean
