1904 3250
183 159 268 196 326

821 154 1129 198 HORATII

1600 165 1722 214 [Lim
1736 177 1764 204 1.

304 278 359 320 Et
380 279 664 336 quodcunque
685 278 815 319 semel
836 278 992 320 chartis
1013 279 1204 332 illeverit,
1226 297 1374 326 omnes

303 351 469 394 Gestiet
489 368 514 393 a
533 351 660 392 furno
681 350 908 392 redeuntes
930 351 1037 393 scire
1058 351 1250 409 lacuque,

301 422 358 464 Et
378 438 533 478 pueros
554 430 596 463 et
617 436 736 462 anus.

799 422 1012 479 Agedum,
1035 438 1173 479 pauca
1192 426 1334 482 accipe
1355 436 1503 470 contra
1516 445 1530 470 τ

302 492 492 534 Primum
513 506 595 549 ego
614 506 684 533 me
704 490 889 542 illorum,
912 492 1105 534 dederim
1125 494 1278 550 quibus
1299 511 1391 538 esse
1410 499 1563 554 poetis,

209 569 265 606 40

299 565 540 620 Excerpam
562 579 765 615 numero}
796 580 935 622 neque
956 566 1070 607 enim
1090 566 1346 610 concludere
1365 584 1535 613 versum

297 637 474 679 Dixeris
496 652 588 679 esse
609 638 732 687 satis;
764 653 916 695 neque,
940 639 975 679 si
996 639 1089 695 quis
1112 639 1281 691 scribat,
1303 641 1367 682 uti
1386 656 1483 693 nos,

298 710 494 752 Sermoni
514 710 730 766 propiora,
753 718 876 766 putes
895 710 1013 771 vhunc
1034 726 1125 753 esse
1146 703 1331 768 poetam.

295 780 522 838 Ingenium
543 781 612 822 cui
634 781 700 832 sit,
723 781 793 822 cui
813 796 933 823 mens
955 781 1150 833 divinior,
1173 789 1300 838 atque
1320 797 1369 824 os

295 851 460 910 Magna
481 855 742 905 sonaturum,
766 854 841 896 des
863 854 1045 895 nominis
1066 854 1192 911 hujus
1213 855 1435 901 honorem.

206 925 262 962 45

296 921 464 964 Idcirco
486 923 671 980 quidam,
695 924 918 974 comoedia,
940 938 1086 974 necne,
1109 938 1263 979 poema

293 994 431 1046 Esset,
455 997 711 1052 quaesivere3
744 997 859 1054 quod
880 1012 977 1039 acer
999 997 1170 1052 spiritus
1192 1012 1242 1039 ac
1262 999 1323 1039 vis

293 1067 385 1110 Nec
406 1069 559 1121 verbis,
583 1085 662 1112 nec
683 1069 810 1111 rebus
831 1071 940 1111 inest
952 1086 964 1119 ;

290 1140 450 1183 Differt
471 1143 669 1192 sermoni,
694 1157 833 1184 sermo
852 1157 1006 1184 merus.

995 1070 1075 1110 nisi
1097 1070 1213 1126 quod
1233 1070 1344 1126 pede
1364 1079 1487 1113 certo

1071 1142 1131 1184 At
1150 1150 1272 1198 pater
1292 1143 1446 1185 ardens

292 1210 433 1261 Saevit,
457 1211 572 1267 quod
592 1212 814 1253 meretrice
835 1227 967 1267 nepos
989 1212 1161 1253 insanus
1183 1212 1318 1254 amica

200 1286 256 1324 50

291 1282 436 1334 Filius,
460 1299 639 1326 uxorem
659 1285 813 1343 grandi
835 1300 931 1326 cum
953 1284 1052 1327 dote
1073 1293 1251 1335 recuset,

289 1354 445 1397 Ebrius
466 1363 509 1398 et
532 1359 753 1414 (magnum
775 1357 890 1413 quod
911 1357 1117 1408 dedecus)
1145 1357 1335 1399 ambulet
1354 1366 1454 1399 ante

288 1424 471 1467 Noctem
492 1442 590 1468 cum
610 1426 784 1469 facibus.

288 1495 472 1538 Audiret
491 1496 663 1548 leviora,
686 1505 807 1553 pater
829 1497 862 1537 si
883 1495 1073 1538 viveret?

846 1426 1068 1483 Numquid
1092 1426 1353 1482 Pomponius
1374 1428 1463 1469 istis

1135 1496 1252 1554 Ergo

288 1568 388 1610 Non
409 1571 508 1611 satis
529 1577 606 1621 esu
629 1571 747 1626 puris
767 1585 936 1612 versum
957 1570 1220 1625 perscribere
1241 1570 1403 1620 verbis3

168 1695 271 1727 amico
285 1701 402 1735 parcet,
425 1695 602 1728 dummodo
615 1697 812 1737 voluptatem
827 1696 940 1727 vitium

119 1739 122 1742 ⁴
158 1738 295 1780 taliquod
320 1739 414 1770 amici
439 1739 605 1771 deridendi
627 1740 684 1771 sibi
707 1751 816 1781 parare
830 1740 936 1780 possit.

166 1800 213 1808 —
224 1784 293 1821 sihi,
308 1781 433 1814 dativus
443 1783 623 1815 commodi:
642 1783 674 1814 in
691 1794 783 1815 suam
798 1784 943 1824 volupta-

167 1832 243 1858 tem.

210 1880 240 1900 v.
264 1868 311 1900 36
331 1879 396 1911 seq.
421 1882 529 1902 omnes
554 1872 638 1903 Gest.
656 1873 806 1908 —scire‚
830 1871 944 1911 gestiet

166 1919 244 1944 nota
268 1913 336 1944 fieri
359 1914 508 1944 omnibus
533 1914 582 1946 vel
606 1914 726 1945 infimae
751 1913 942 1946 conditionis

164 1956 358 1992 hominibus,
375 1957 425 1988 vel
437 1969 456 1988 a
470 1957 568 1988 furno
589 1957 640 1988 vel
654 1969 673 1988 a
687 1958 760 1989 lacu
779 1957 941 1989 redeunti-

166 2001 247 2038 bus;
264 2011 319 2039 per
332 2002 441 2032 lacum
455 2000 598 2042 intellige
612 2001 750 2039 alveum,
759 2001 846 2032 unde
860 2012 942 2042 aqua

165 2054 223 2084 per
237 2044 444 2085 aquaeductus
458 2044 501 2075 ibi
516 2045 648 2076 collecta
657 2046 888 2083 arcessebatur;
906 2045 940 2075 hi

165 2089 264 2125 lacus,
279 2098 415 2128 quorum
431 2098 548 2129 magna
566 2089 680 2119 Romae
693 2088 758 2119 fuit
772 2088 873 2127 copia,
884 2099 939 2128 pe-

166 2130 297 2162 culiaria
311 2131 441 2162 nomina
455 2133 617 2172 gerebant,
640 2138 677 2162 ut
691 2134 777 2164 lacus
793 2134 940 2164 Servilius

165 2174 251 2214 apud
267 2176 447 2206 Ciceronem
463 2185 519 2213 pro
539 2175 634 2206 Rosc.
658 2175 733 2206 Am.
750 2186 779 2206 c.
796 2174 849 2206 32.

210 2228 238 2248 v.
256 2216 311 2249 39.
329 2219 480 2250 Dederim
494 2236 539 2243 —·
548 2221 655 2259 poetis,
672 2229 753 2260 quos
766 2225 868 2259 poetae
883 2229 941 2249 no-

166 2261 255 2292 mine
268 2261 383 2303 dignos
396 2272 463 2292 ease
477 2262 703 2301 concesserim3
719 2265 828 2303 poetis,
847 2262 938 2293 Grae-

164 2315 209 2380 ἓξ
223 2315 300 2345 pro:
327 2311 454 2346 poetas3
475 2305 559 2336 conf.
585 2316 680 2346 supra
705 2305 747 2337 ad
771 2306 835 2337 Sat.
856 2306 886 2337 I.
906 2304 937 2336 l.

209 2402 238 2422 v.
256 2390 311 2423 40.
329 2393 510 2424 comludere
532 2403 669 2429 versum,
696 2403 823 2423 versum
846 2392 896 2430 iis,
919 2404 938 2424 e

164 2435 280 2477 quibus
294 2435 349 2467 ille
363 2442 505 2467 constare
520 2435 621 2471 debet,
638 2436 833 2478 adstringere
847 2436 935 2476 pedi·

163 2481 235 2511 bus.

206 2534 236 2553 v.
253 2521 308 2553 41.
326 2524 353 2554 .ςί
365 2524 489 2564 quis—
500 2524 655 2563 propiora,
672 2522 698 2552 si
719 2522 792 2564 quis
810 2532 930 2559 versus,

163 2573 201 2597 ut
215 2577 283 2603 nos,
300 2566 424 2602 scribat,
439 2576 517 2597 usus
531 2565 651 2597 scilicet
671 2566 812 2597 oratione
827 2566 932 2605 proxi-

163 2620 216 2640 me
230 2610 270 2641 ad
286 2619 463 2641 sermonem
484 2609 646 2651 vulgarem
663 2615 696 2640 et
709 2606 932 2650 quotidianum

159 2653 342 2684 accedente.

205 2707 234 2727 v.
251 2696 307 2728 43.
325 2708 414 2729 mem
429 2697 569 2731 divinior,
584 2706 656 2736 quae
671 2695 778 2726 divino
793 2693 930 2736 quodam

161 2740 269 2771 afflatu
296 2741 434 2782 agitatur
455 2747 487 2771 et
507 2738 678 2771 incalescit.
777 2745 870 2780 atque
899 2750 932 2769 os

161 2786 287 2825 Magna
310 2790 497 2816 semitarum
519 2782 729 2826 (insolentiori
749 2782 853 2813 forma
874 2791 932 2821 pro

160 2828 354 2867 sonituram)
370 2827 546 2867 explicant:
569 2837 619 2864 os,
632 2825 720 2867 quod
734 2835 845 2856 sonare
859 2835 930 2865 pos-

159 2870 220 2907 sit;
238 2872 346 2902 malim
358 2885 364 2902 :
385 2881 430 2906 os,
441 2870 527 2912 quod
539 2881 656 2912 magna
669 2869 848 2900 soniturum
864 2879 930 2899 esse

114 2929 117 2931 >
156 2915 314 2951 expectari
341 2915 457 2954 possit;
489 2926 604 2955 magna
630 2925 739 2945 sonare
763 2913 831 2954 jam
861 2919 924 2943 est:

157 2956 356 2989 sublimiores
372 2969 464 2989 sonos
479 2965 510 2990 et
524 2957 635 2989 modos
657 2956 768 2995 ederc;
796 2962 827 2987 at
847 2955 929 2987 infra

988 1697 1053 1728 Sat.
1072 1696 1100 1727 Ι.
1119 1696 1152 1727 6.
1168 1695 1223 1727 43.
1241 1695 1282 1727 de
1302 1696 1435 1738 ingente
1454 1705 1570 1727 vocum
1591 1696 1756 1729 altissima-

984 1750 1058 1770 rum
1072 1739 1205 1780 strepitu
1220 1739 1348 1770 dicitur.

1031 1793 1059 1813 v.
1074 1780 1216 1814 45-48.
1234 1784 1358 1815 Idcirco
1370 1789 1445 1815 cett.
1461 1792 1590 1814 sensus:
1611 1783 1758 1816 Fuerunt

985 1825 1094 1868 igitur,
1110 1826 1178 1868 qui,
1194 1833 1303 1858 utrum
1317 1825 1472 1858 comoedia
1480 1836 1594 1865 poema
1606 1834 1688 1858 esset
1701 1837 1757 1859 vo-

986 1869 1136 1908 candum,
1152 1880 1212 1902 nec
1225 1881 1276 1907 ne,
1292 1877 1478 1911 quaererent,
1489 1869 1576 1910 quod
1589 1870 1624 1901 in
1637 1879 1757 1902 comoe-

984 1913 1046 1944 diis
1070 1924 1130 1945 nec
1153 1914 1265 1951 verbis,
1292 1923 1352 1944 nec
1375 1914 1481 1951 rebus,
1510 1923 1584 1954 quae
1607 1920 1755 1956 agantur,

985 1956 1162 1988 sublimitas
1183 1964 1216 1988 et
1229 1957 1365 1998 gravitas
1377 1957 1478 1995 inest,
1492 1964 1524 1987 et
1538 1957 1625 1998 quod
1638 1967 1753 1995 sermo,

985 2000 1041 2042 qui
1062 2001 1096 2031 in
1122 2000 1285 2031 comoediis
1308 2011 1426 2038 merus,
1451 2001 1484 2031 h.
1507 2011 1535 2031 e.
1561 2000 1700 2042 vulgaris
1721 2009 1755 2033 et

984 2044 1188 2086 quotidianus
1216 2051 1273 2082 est,
1303 2054 1322 2075 a
1351 2053 1507 2094 sermone,
1535 2054 1600 2085 quo
1627 2045 1663 2075 in
1692 2044 1756 2076 vita

984 2087 1148 2119 commun'i
1161 2087 1294 2124 utimur,
1305 2097 1370 2118 non
1380 2086 1442 2118 nisi
1451 2093 1538 2118 certo
1547 2086 1629 2127 pede
1639 2087 1754 2119 differt.

986 2132 1176 2172 opportune
1201 2133 1380 2163 Lambinus
1393 2141 1540 2171 compara
1541 2137 1554 2161 t
1571 2131 1638 2162 Cic.
1659 2131 1750 2163 Orat.

983 2174 1036 2206 20.
1061 2179 1084 2195 ‘⁸
1098 2174 1190 2206 video
1211 2175 1314 2206 visum
1329 2185 1397 2206 ωε
1417 2141 1590 2210 nonnullis,
1609 2174 1754 2206 Platonis

985 2227 1018 2250 et
1034 2218 1213 2249 Democriti
1226 2218 1431 2253 locutionem,
1446 2217 1505 2248 etsi
1518 2218 1600 2248 absit
1612 2228 1632 2248 a
1646 2228 1750 2256 versu,

982 2269 1101 2300 tamen,
1117 2261 1205 2303 quod
1220 2261 1381 2293 incitatius
1392 2261 1512 2292 feratur
1526 2267 1558 2292 et
1571 2260 1751 2292 clm-issimis

982 2307 1151 2336 verborum
1175 2305 1352 2337 luminibus
1375 2310 1494 2342 utatur,
1517 2305 1624 2344 potius
1636 2315 1750 2345 poema

980 2348 1166 2388 putandam.
1203 2359 1302 2390 quam
1334 2348 1536 2380 Comicorum

967 2392 1066 2432 'apud
1080 2402 1172 2432 quos,
1195 2392 1256 2422 nisi
1276 2392 1363 2433 quod
1385 2391 1530 2423 versiculi
1557 2398 1640 2428 sunt,
1667 2391 1748 2422 nihil
1777 2429 1786 2438 ¹

978 2441 1027 2466 est
1041 2434 1129 2466 aliud
1143 2435 1319 2476 quotidiani
1332 2434 1484 2466 dissimile
1496 2434 1687 2465 sermonis.”

1022 2489 1051 2509 v.
1083 2476 1225 2509 48-52.
1255 2481 1300 2510 At
1324 2485 1394 2519 pat.
1419 2485 1493 2509 cett.
1522 2484 1556 2508 at
1583 2477 1746 2509 sententiae

977 2527 1042 2552 tuae
1065 2526 1089 2563 ‘f
1100 2521 1246 2561 spiritum
1261 2532 1367 2553 acrem
1381 2527 1414 2552 et
1427 2521 1491 2552 vim
1502 2531 1522 2551 a
1536 2520 1637 2551 verbis
1649 2527 1683 2552 et
1695 2531 1745 2552 re-

976 2565 1037 2596 bus
1050 2564 1085 2595 in
1099 2564 1262 2595 comoediis
1282 2564 1423 2601 ΜΓ
1437 2573 1596 2604 opponere
1617 2574 1745 2604 possum

975 2607 1158 2648 exemplum
1183 2608 1278 2647 senis,
1303 2608 1350 2639 ira
1373 2606 1512 2639 ardentis
1537 2614 1570 2638 et
1589 2607 1746 2639 saevientis

976 2650 1182 2692 (Menedemi
1204 2662 1255 2691 ap.
1283 2651 1412 2683 Terent.
1440 2650 1563 2682 Heaut-
1595 2651 1670 2682 Act.
1697 2651 1740 2682 V.

978 2695 1027 2725 Sc.
1045 2694 1104 2734 L),
1116 2693 1202 2734 quod
1216 2694 1310 2731 filius,
1326 2706 1419 2735 nepos
1435 2693 1657 2736 (dissolutioris
1670 2694 1744 2726 vitae

970 2737 1124 2779 juvenis),
1139 2737 1252 2768 insano
1264 2747 1372 2768 amore
1392 2737 1587 2768 meretricem
1609 2738 1745 2770 amicam

975 2781 1149 2821 deperiens
1164 2791 1297 2812 uxorem
1311 2790 1386 2811 cum
1401 2780 1515 2823 grandi
1525 2780 1598 2812 dote
1608 2788 1742 2818 recuset,

974 2832 1008 2855 et.
1020 2824 1126 2855 ebrius
1140 2830 1212 2855 cett.
1303 2826 1384 2856 omb-
1401 2831 1477 2856 ante
1490 2835 1559 2856 noc.
1577 2827 1659 2868 ⁶·f·
1671 2825 1743 2857 vul-

972 2878 1016 2909 go
1032 2878 1095 2898 non
1111 2876 1185 2898 ante
1206 2874 1342 2905 noctem,
1365 2868 1421 2899 sed
1442 2869 1628 2908 intempesta
1649 2875 1742 2900 nocte

973 2918 1043 2951 post
1057 2911 1293 2942 comissationes
1312 2911 1346 2941 in
1362 2913 1440 2942 urbe
1453 2922 1528 2942 cum
1542 2911 1664 2943 facibus
1677 2912 1740 2943 dis-

973 2965 1096 2986 currere
1110 2955 1251 2987 solebant
1265 2955 1343 2986 ebrii
1358 2962 1389 2986 et
1404 2954 1510 2987 lascivi
1531 2956 1681 2997 juvenes;
1706 2955 1738 2986 in
