1904 3250
227 162 311 203 466

858 165 1167 209 HORATII

1638 173 1749 221 [Lm.
1771 182 1802 210 1.

348 289 528 346 Inspice,
552 292 586 332 si
606 306 779 346 possum
800 292 958 334 donata
978 308 1184 350 reponere
1204 294 1339 336 laetus.

255 361 313 399 40

346 359 478 403 Haud
497 363 606 404 male
628 362 923 413 Telemachus,
946 363 1087 419 proles
1107 364 1303 419 patientis
1327 363 1520 421 Ulyssei:

347 431 446 474 Non
467 442 530 475 est
550 442 672 490 aptus
694 435 813 491 equis
835 434 981 477 Ithace
1001 435 1118 477 locus
1133 451 1145 486 ;
1176 443 1225 477 ut
1242 451 1379 493 neque
1398 436 1537 492 planis

347 502 573 544 Porrectus
595 504 752 559 spatiis,
774 520 912 561 neque
931 505 1076 547 multae
1097 504 1303 563 prodigus
1323 505 1492 549 herbae:

344 575 510 626 Atride,
532 577 667 634 magis
688 585 788 633 apta
806 578 883 630 tibi
905 586 979 620 tua
999 578 1112 620 dona
1131 578 1380 634 relinquam.

345 642 532 686 Parvum
552 661 684 702 parva
703 646 855 689 decent
871 664 880 689 :
913 647 1017 689 mihi
1031 649 1122 704 jam
1141 663 1228 689 non
1248 648 1366 705 regia
1387 647 1539 700 Roma,

256 716 311 754 45

346 715 431 756 Sed
452 731 633 758 vacuum
654 717 794 759 Tibur
813 718 964 774 placet,
987 726 1060 760 aut
1080 717 1250 760 imbelle
1272 717 1520 763 Tarentum.

346 785 552 828 Strenuus
574 795 618 831 et
636 787 769 839 fortis,
792 789 1013 846 causisque
1036 788 1262 844 Philippus
1282 787 1460 845 agendis

346 854 512 907 Clarus,
536 857 591 898 ab
610 857 757 899 officiis
779 866 971 900 octavam
991 858 1157 900 circiter
1177 858 1329 899 horam

344 927 464 970 Dum
484 930 608 981 redit,
631 938 770 987 atque,
792 931 886 972 foro
906 932 1085 973 nimium
1106 931 1263 972 distare
1286 930 1479 981 Carinas,

344 996 442 1038 Jam
462 999 635 1056 grandis
656 1007 759 1041 natu
780 1000 984 1056 queritur,
1007 1000 1242 1056 conspexit,
1265 1007 1312 1041 ut
1332 999 1467 1049 aiunt,

257 1072 312 1110 50
345 1069 560 1113 Abrasum
581 1072 794 1129 quendam
815 1088 947 1115 vacua
968 1073 1151 1114 tonsoris
1172 1073 1215 1113 in
1237 1071 1402 1121 umbra,

347 1138 532 1182 Cultello
552 1142 748 1198 proprios
768 1150 1021 1200 purgantem
1042 1142 1192 1184 leniter
1211 1156 1390 1199 ungues-

225 1318 258 1349 in
281 1318 407 1351 aviario.
494 1324 579 1354 divit.
605 1324 702 1353 Arab.
736 1332 830 1361 supra
862 1322 926 1354 od.
962 1322 991 1353 Ι.

226 1362 280 1394 29.
302 1361 330 1393 l.
349 1365 444 1395 beatae
458 1367 604 1398 Arabum
616 1378 713 1406 gazae.

271 1418 299 1438 v-
318 1406 372 1445 37,
388 1407 442 1438 38.
468 1411 552 1449 Saepe
566 1421 658 1441 verec.
678 1415 764 1446 cett,
780 1415 816 1439 tu
830 1409 897 1449 ipse
912 1419 995 1450 saepe

227 1461 280 1481 me
302 1457 340 1482 ut
359 1452 523 1483 hominem
551 1452 766 1484 verecundum
795 1452 942 1490 laudasti,
967 1459 998 1483 et

227 1505 288 1536 ego
302 1501 334 1525 te
349 1505 412 1526 non
428 1501 553 1527 tantum
568 1506 684 1532 coram,
700 1496 756 1527 sed
771 1495 866 1526 etiam
887 1498 998 1527 absens

225 1549 329 1579 regem
343 1545 375 1569 et
386 1545 508 1579 patrem
523 1540 675 1570 celebravi
687 1547 719 1570 et
729 1545 894 1570 veneratus
905 1550 994 1577 sum;

226 1583 319 1613 audit
332 1582 447 1623 aliquis
459 1595 522 1620 rex,
538 1583 594 1624 qui
610 1583 738 1614 nomine
758 1584 842 1624 regis
863 1583 995 1625 insigni-

226 1632 290 1663 tur,
305 1636 363 1665 pro
377 1636 452 1665 rege
467 1627 609 1657 habetur.

271 1679 300 1699 v.
325 1668 378 1700 39.
400 1672 535 1710 Inspice,
558 1672 584 1702 si
605 1676 689 1707 cett,
711 1669 777 1700 dixi
802 1670 908 1707 modo,
933 1680 994 1705 me,

227 1712 254 1742 si
269 1712 350 1743 forte
365 1723 426 1753 ego
446 1713 504 1744 tibi
525 1713 631 1744 videar
652 1713 764 1744 similis
784 1713 934 1744 nitedulae
957 1724 998 1744 ex

226 1756 355 1793 fabulis,
371 1763 486 1788 cuncta
500 1759 660 1797 resignare
674 1759 747 1788 velle
755 1773 767 1794 ;
794 1756 866 1788 vide
888 1757 997 1798 igitur,

229 1799 285 1841 (si)
301 1810 342 1830 an
357 1810 403 1834 ea,
420 1811 492 1840 quae
509 1801 588 1830 mihi
603 1801 736 1838 donasti,
755 1801 874 1842 (laetus)
894 1811 998 1840 prom-

226 1850 261 1874 to
275 1850 446 1884 paratoque
459 1843 568 1874 animo
583 1844 759 1886 (reponere)
776 1844 906 1874 reddere
926 1854 996 1883 pos-

228 1887 299 1917 sim.
370 1898 528 1927 reponere,
558 1898 636 1926 pro:
662 1887 804 1925 reddere,
834 1887 940 1918 Plaut.
965 1887 1000 1918 in

230 1930 319 1961 Pers.
339 1931 367 1961 Ι.
388 1929 416 1960 l.
435 1930 488 1961 38.
543 1933 587 1962 Ut
602 1933 679 1962 milti
692 1933 744 1962 des
765 1942 910 1962 nummos
932 1942 996 1963 sea·-

227 1980 332 2006 centos
343 1992 387 1998 —
405 1976 490 2010 Quos
503 1977 649 2006 continuo
665 1976 719 2005 tibi
732 1986 879 2015 reponam
893 1976 929 2006 in
943 1977 999 2006 hoc

228 2020 343 2053 triduo,
366 2025 423 2049 aue
445 2020 626 2059 quatriduo.
675 2018 784 2049 Seuec.
814 2018 854 2049 de
880 2018 994 2049 Benef-

230 2061 293 2092 IV.
322 2061 376 2092 32.
428 2063 512 2097 Quid
537 2064 650 2103 cuique
675 2063 808 2099 debeam,
833 2063 906 2096 scio,
930 2063 999 2093 aliis

222 2113 294 2146 post
309 2107 439 2148 longum
462 2106 544 2137 diem
567 2117 690 2146 repono,
715 2107 784 2137 aliis
806 2107 842 2137 in
859 2112 997 2137 anteces-

228 2160 311 2181 sum.

273 2203 302 2223 v.
327 2191 467 2223 40-43.
503 2192 714 2223 Telemachus
738 2202 866 2234 quoque
891 2202 998 2233 equos,

229 2236 314 2267 dono
329 2237 387 2267 sibi
402 2248 421 2267 a
437 2236 589 2268 Menelao
603 2235 733 2274 oblatos,
755 2246 908 2278 generoso
931 2236 1000 2267 ani-

227 2290 284 2311 mo
311 2280 475 2311 recusavit.
561 2281 718 2320 patientis,
750 2280 999 2322 (πολυτλήμοης,

230 2323 466 2362 τολύτλαντος,)
497 2322 607 2353 eodem
637 2333 732 2354 sensu
761 2323 888 2363 Ulysses
907 2333 1003 2362 supra

233 2367 338 2407 Epod.
371 2366 422 2398 17.
451 2366 501 2398 16.
532 2366 647 2397 dicitur
674 2368 850 2399 laboriosus.
924 2369 1002 2399 Non

228 2418 273 2443 est
287 2418 380 2452 aptus
393 2413 480 2452 equis
494 2412 603 2442 Ithace
616 2412 701 2442 locus
726 2417 812 2447 cett„
836 2420 902 2441 non
926 2420 999 2450 pos-

229 2465 301 2485 sum
316 2465 414 2494 equos
428 2455 506 2484 mihi
528 2453 649 2484 oblatos
674 2454 822 2493 accipere,
843 2464 919 2484 nam
942 2464 998 2493 pa-

230 2498 290 2529 tria
303 2508 374 2528 mea
391 2498 500 2528 Ithaca
515 2507 579 2527 non
594 2503 668 2536 apta
682 2504 728 2527 est
742 2497 863 2528 alendis
885 2497 996 2538 equis;

230 2541 364 2581 aptiores
378 2541 500 2572 alendis
513 2540 603 2581 equis
617 2547 692 2571 sunt
712 2541 769 2571 lati
794 2541 907 2580 campi,
929 2541 1000 2581 qui-

230 2587 291 2616 bus
304 2591 341 2615 tu
365 2585 509 2624 imperas.
559 2583 724 2623 Expressit
747 2583 901 2614 Horatius
927 2584 1000 2614 Ho-

230 2638 355 2659 merum
384 2628 498 2668 Odyss.
534 2627 596 2658 IV.
621 2626 684 2657 601
711 2637 795 2668 seqq.
827 2628 953 2661 “Ia-‹ovf
975 2626 999 2658 δ’

231 2673 269 2706 εἷς
285 2673 398 2706 Ἰθάκην
413 2672 464 2703 οὐκ
479 2673 596 2713 ἄξομαι,
613 2672 701 2702 ἀλλά
722 2684 762 2702 σοι
784 2671 867 2711 αὐτῷ
888 2669 1000 2702 Ἐνθάδε

231 2716 331 2754 λείψω
346 2715 495 2755 ἄγαλμα·
511 2716 546 2746 σὺ
561 2716 621 2756 ’γὰρ
634 2713 736 2745 πεδίοιο
747 2716 876 2748 ἀνάσσεις
891 2714 998 2756 litigios.

233 2761 332 2790 -Ἐν
347 2758 481 2802 δ’Ἰθᾶκῃ
497 2758 556 2790 οὔτ’
579 2757 616 2800 εἲς
642 2756 734 2801 δξόμοι
758 2757 855 2799 εὐρέες,
879 2757 942 2788 οὔτε
970 2771 999 2788 τι

234 2802 349 2842 λειμῶν.
439 2809 478 2834 ut
499 2819 544 2827 —
569 2804 746 2837 Ferreolus,
786 2806 904 2840 utpote,
949 2801 999 2830 vel

233 2846 351 2886 quippe
365 2853 536 2885 porrectus,
553 2851 713 2885 porrectus
738 2854 873 2883 nempe;
897 2844 941 2874 sic
963 2851 999 2875 ut

235 2889 320 2928 apud
352 2889 458 2920 Plaut.
491 2888 620 2921 Curcul.
647 2888 700 2919 ΙΙ.
726 2886 755 2918 l.
780 2886 812 2917 2.
866 2889 907 2919 Ut
932 2890 997 2928 qui,

233 2940 306 2962 cett.
323 2933 440 2972 quippe
454 2933 518 2973 qui.

278 2986 303 3006 v.
320 2974 372 3006 44„
399 2979 481 3017 regia
499 2980 612 3015 Roma,
628 2981 664 3008 ut
679 2985 774 3017 supra
790 2974 853 3007 Od.
869 2974 931 3006 IV.
950 2972 999 3006 14.

1038 1321 1092 1353 44«.
1118 1324 1244 1354 domina
1268 1325 1373 1354 Roma
1387 1326 1420 1352 et
1437 1319 1501 1352 Od-
1522 1320 1588 1352 IV.
1605 1320 1637 1352 3.
1660 1320 1710 1353 13.
1745 1325 1809 1355 Ro-

1038 1378 1091 1398 ma
1101 1367 1247 1407 princeps
1259 1367 1398 1398 urbium·

1082 1421 1111 1441 v.
1141 1407 1195 1440 45.
1221 1421 1368 1446 vacuum,
1393 1405 1434 1440 υἱ
1456 1407 1540 1439 infra
1566 1407 1671 1447 Epist.
1698 1409 1751 1442 11.
1775 1409 1809 1442 2.

1041 1452 1094 1484 81.
1120 1465 1228 1484 vacuoe
1251 1455 1408 1490 Athenae‚-
1431 1451 1502 1483 loca
1527 1451 1677 1483 dicuntur
1697 1464 1809 1491 vacua,

1041 1498 1096 1528 ubi
1110 1507 1130 1527 a
1143 1498 1236 1527 rebus
1259 1496 1423 1537 negotium
1445 1494 1672 1526 facessentibus
1695 1498 1809 1528 remoti

1039 1540 1074 1570 in
1088 1541 1172 1571 bono
1186 1540 1251 1571 otio
1265 1540 1356 1570 nobis
1378 1538 1480 1570 vivere
1502 1543 1534 1569 et
1559 1538 1671 1569 studiis
1695 1540 1810 1571 nostris

1039 1593 1149 1614 vacare
1162 1593 1351 1622 possumus3
1371 1583 1514 1613 similiter
1526 1591 1621 1621 supra
1639 1582 1749 1623 Epod:
1769 1583 1804 1614 5.

1041 1626 1094 1658 43.
1143 1627 1290 1667 Neapolis
1303 1626 1420 1657 dicitur
1433 1627 1539 1658 ociosa.
1608 1627 1726 1658 imbelle
1746 1630 1810 1659 Τα-

1040 1677 1182 1707 rentum,
1197 1670 1252 1701 ubi
1267 1670 1436 1711 tranquilla
1449 1676 1482 1701 et
1494 1673 1605 1709 pacata
1625 1676 1714 1701 erant
1738 1681 1809 1703 om-

1041 1715 1094 1745 nia
1110 1714 1363 1755 (ztasffiedficke,
1378 1715 1456 1745 stille
1475 1714 1627 1753 Terent).

1084 1768 1114 1788 v.
1139 1756 1184 1787 46
1209 1767 1292 1797 seqq.
1318 1759 1474 1788 Strenuus
1487 1762 1560 1787 cett·
1605 1755 1683 1787 Jam
1700 1757 1809 1789 Hora-

1041 1800 1114 1838 tius,
1141 1808 1178 1831 ut
1198 1800 1353 1838 ostendat,
1377 1810 1474 1841 quam
1497 1798 1720 1841 stulte‘agant,
1742 1801 1810 1842 qui,

1041 1855 1108 1875 non
1122 1844 1353 1886 acquiescentes
1366 1843 1401 1873 in
1414 1853 1463 1881 ea,
1477 1853 1541 1885 qua
1554 1847 1701 1881 utuntur,
1715 1851 1809 1882 sorte,

1043 1887 1177 1919 lautiora
1198 1893 1230 1918 et
1243 1886 1398 1927 ampliora
1411 1893 1574 1927 appetunt,
1589 1896 1719 1918 suavem
1738 1897 1811 1918 nar-

1041 1931 1194 1962 rationem
1224 1930 1383 1971 adspergit
1410 1930 1452 1961 de
1482 1939 1628 1970 praecone
1658 1930 1809 1974 quodam,

1044 1975 1176 2006 Vulteio
1191 1975 1301 2011 Mena,
1316 1975 1382 2015 qui,
1398 1983 1473 2004 cum
1487 1983 1508 2004 a
1526 1972 1685 2014 Philippo,
1711 1975 1812 2006 nobili

1041 2018 1288 2055 Jurisconsulto‚
1318 2028 1352 2049 se
1374 2016 1490 2048 adduci
1511 2026 1621 2057 passus
1649 2024 1739 2054 esset,
1761 2025 1809 2056 ut,

1041 2061 1182 2104 agellum
1205 2061 1264 2092 sibi
1293 2066 1459 2096 mercatus,
1489 2070 1530 2091 ex
1558 2070 1702 2100 praecone
1723 2061 1811 2093 fleret

1041 2105 1188 2142 rusticus,
1203 2104 1347 2141 stultum,
1362 2104 1449 2146 quod
1462 2109 1597 2144 ceperat,
1609 2102 1710 2134 fuisse
1733 2114 1810 2135 con-

1043 2149 1161 2186 silium,
1187 2147 1380 2188 experientia
1401 2147 1532 2179 edoctus
1549 2153 1606 2178 est.
1689 2149 1812 2189 Philip-

1041 2204 1112 2233 ρας,
1127 2193 1152 2222 si
1168 2199 1289 2232 spectes
1310 2191 1429 2229 laudes,
1454 2201 1533 2232 quas
1557 2190 1669 2222 Cicero
1693 2192 1811 2230 passim

1045 2238 1086 2268 L.
1101 2238 1244 2276 Philippo
1263 2237 1300 2271 Q.
1319 2236 1362 2266 F.
1378 2247 1396 2267 e
1418 2235 1550 2266 Marciis
1571 2232 1649 2276 (vid.
1677 2235 1808 2266 Ernest-

1048 2279 1136 2311 Clav.
1158 2280 1225 2310 Cic.
1244 2289 1268 2309 s.
1287 2289 1316 2310 v.
1335 2280 1377 2310 L.
1398 2277 1576 2319 Philippus)
1599 2276 1718 2314 tribuit,
1735 2278 1810 2319 jure

1044 2322 1219 2365 meritoque
1249 2323 1318 2364 jam
1345 2329 1474 2352 vocatur
1505 2327 1653 2352 strenuus
1680 2326 1713 2351 et
1733 2322 1810 2363 sor.

1046 2369 1095 2399 tis.

1085 2421 1113 2440 v.
1132 2408 1184 2446 47,
1207 2407 1262 2439 48.
1287 2410 1325 2440 ab
1348 2409 1465 2450 «ficiis,
1492 2417 1564 2448 quae
1587 2406 1754 2448 Philippus
1775 2407 1809 2439 in

1041 2455 1111 2485 foro
1124 2463 1234 2484 causas
1248 2462 1304 2492 pro
1325 2451 1491 2482 clientibus
1511 2450 1647 2482 dicendo
1668 2451 1809 2489 obierat;

1041 2515 1086 2523 —
1099 2498 1240 2532 Carinas,
1270 2494 1413 2536 intellige
1440 2494 1527 2525 urbis
1554 2493 1728 2536 regionem,
1753 2495 1809 2526 ubi

1044 2540 1202 2571 habitabat
1225 2538 1413 2578 Philippus3
1435 2537 1554 2568 ibidem
1574 2537 1706 2569 fuerunt
1726 2538 1812 2570 aedes

1047 2583 1216 2620 Ciceronis,
1232 2593 1252 2613 a
1265 2581 1435 2623 majoribus
1458 2581 1641 2612 haereditate
1662 2589 1809 2622 acceptae.

1043 2635 1075 2658 et
1092 2626 1246 2667 Pompeii.
1264 2625 1337 2655 Vet.
1358 2624 1462 2655 Schol.
1482 2627 1606 2656 Carinoe
1618 2627 1703 2657 locus
1723 2629 1811 2669 opud

1050 2673 1216 2712 Tellurem,
1233 2670 1287 2701 ubi
1300 2675 1343 2700 est
1360 2670 1550 2709 Pompeiana
1564 2671 1683 2700 domus.

1086 2725 1115 2745 v.
1127 2712 1181 2748 49,
1197 2711 1251 2743 50.
1276 2713 1438 2752 conspexit,
1453 2718 1490 2743 ut
1510 2714 1601 2744 aiunt
1623 2718 1696 2743 cett.
1721 2713 1808 2743 hunc

1043 2758 1149 2789 locum
1163 2757 1207 2787 ita
1222 2755 1383 2797 intelligo:
1412 2754 1589 2795 Philippus,
1604 2755 1683 2786 dum
1704 2756 1810 2797 queri-

1043 2809 1095 2833 tur
1117 2801 1157 2832 de
1178 2799 1330 2834 molestia,
1357 2809 1454 2840 quam
1477 2800 1536 2830 sibi
1558 2798 1728 2841 grandaevo
1751 2799 1810 2830 do-

1042 2855 1133 2875 mum
1154 2843 1297 2874 redeunti
1317 2848 1401 2873 creet
1426 2842 1475 2873 via
1499 2842 1634 2884 longior,
1656 2842 1809 2883 conspicit

1042 2888 1178 2929 aliquem
1204 2886 1302 2917 otiose
1321 2885 1355 2916 in
1377 2886 1532 2916 tonstrina
1552 2886 1722 2923 sedentem,
1745 2896 1807 2917 un-

1041 2941 1182 2973 guesque
1196 2930 1254 2961 sibi
1271 2928 1410 2971 (leniter)
1426 2930 1551 2969 placido
1576 2928 1807 2971 tranquilloque

1041 2975 1148 3006 animo
1172 2980 1369 3016 purgantem.
1429 2973 1558 3005 Invidia
1583 2979 1685 3013 tactus
1711 2972 1808 3015 hujus
