1904 3250
171 201 256 240 532

811 197 1119 241 HORATII

1566 201 1683 250 [Lm.
1695 209 1761 245 11.-

285 324 411 366 Dura
431 324 505 365 sed
526 337 727 367 emovere.
739 322 835 364 loco
855 328 1136 379 meTtempora
1155 333 1290 382 gram,

286 393 515 450 Civilisque
536 391 687 433 rudem
705 391 807 433 belli
826 392 923 433 tulit
942 400 1070 434 aestus
1090 393 1136 434 in
1156 408 1286 445 arma,
1308 404 1311 408 ’
1354 406 1357 408 “

284 466 465 508 Caesaris
489 465 672 522 Augusti
692 479 779 506 non
799 480 1055 521 responsura
1073 465 1267 511 lacertis.
1331 503 1333 506 Α

286 535 415 578 Unde
437 535 561 576 simul
580 535 766 590 primum
786 550 855 577 me
876 535 1074 578 dimisere
1098 535 1300 592 Philippi,

197 609 252 646 50
284 605 450 648 Decisis
471 605 676 647 humilem
696 605 861 661 pennis,
884 605 1141 662 inopemque
1161 606 1328 662 paterni

284 674 341 716 Et
361 674 461 719 laris
482 682 524 716 et
543 673 677 725 fundi,
700 682 928 731 paupertas
949 675 1118 730 impulit
1138 675 1292 726 audant,
1477 718 1481 722 ,

285 743 349 786 Ut
369 759 515 786 versus
535 744 731 787 facerem.
796 745 895 796 Sed,
919 745 1035 802 quod
1056 761 1142 788 non
1163 746 1286 797 desit,
1308 745 1576 798 habentem,s

282 813 394 863 Quae
414 822 615 870 poterunt
635 829 823 871 unquam
844 815 943 857 satis
970 830 1211 873 expurgare
1233 816 1395 867 cicutae,
1417 825 1420 828 ’
1488 803 1491 805 Α

283 882 342 924 Ni
361 884 511 937 melius
533 884 717 926 dormire
737 892 896 941 putem,
920 901 1047 942 quam
1068 886 1251 928 scribere
1271 885 1452 928 versus?

191 955 247 994 55
281 952 459 1011 Singula
478 953 532 995 de
552 954 675 1003 nobis
697 954 797 995 anni
817 954 1066 1010 praedantur
1087 963 1234 997 euntes
1249 971 1261 1005 3

276 1023 484 1080 Eripuere
499 1025 633 1081 jocos,
651 1024 882 1075 Venerem,
905 1026 1109 1077 convivia,
1131 1026 1281 1069 ludum
1300 1044 1313 1077 3

282 1093 487 1136 Tendunt
506 1102 762 1152 extorquere
781 1103 989 1151 poemata.
1055 1096 1173 1146 Quid
1192 1096 1343 1139 faciam
1357 1095 1457 1147 vis?

280 1165 480 1224 Denique
501 1182 588 1210 non
608 1182 754 1209 omnes
775 1167 923 1210 eadem
943 1169 1152 1211 mirantur
1172 1177 1422 1226 amantque:

206 1305 235 1325 v.
254 1293 308 1326 45.
333 1297 416 1328 inter
429 1297 518 1328 silvas
534 1299 686 1328 Academi
700 1315 744 1322 —
758 1299 933 1329 Academia

162 1338 259 1377 enirn,
277 1339 376 1381 (dicta
389 1339 434 1370 ita
448 1341 487 1371 ab
501 1341 595 1371 heroe
609 1340 747 1381 quodam
763 1343 933 1378 Academo‚

161 1389 199 1413 ut
220 1382 315 1414 tradit
339 1383 444 1414 Laert.
466 1383 537 1414 111.
557 1383 607 1424 7.)
624 1384 689 1415 sive
711 1386 931 1426 Gymnasium,

163 1426 199 1463 in
213 1437 278 1468 quo
292 1427 413 1458 scholas
427 1427 539 1458 habuit
563 1428 666 1464 Plato,
682 1427 744 1458 fuit
757 1427 792 1458 in
808 1438 932 1459 amoeno

102 1488 106 1492 -
160 1479 290 1501 nemore
303 1471 375 1501 urbi
390 1471 503 1501 vicino.

176 1543 178 1545 .
204 1524 234 1545 v·
250 1513 304 1545 46.
329 1516 427 1546 Dura
443 1516 494 1546 sed
509 1520 580 1545 cett.
611 1514 687 1546 ‚Sed
697 1504 838 1552 ¹infausta
851 1522 932 1546 tem-

160 1567 239 1597 pora
252 1568 304 1589 me
321 1560 440 1600 (locum
452 1558 596 1598 gratum)
616 1559 770 1596 Athenas
787 1560 843 1590 ubi
858 1570 931 1590 sua·
937 1581 939 1583 >

159 1601 239 1631 viter
253 1601 481 1639 delitescebam,
494 1602 671 1643 relinquere
685 1609 880 1643 coegerunt;
897 1603 932 1633 iu

159 1646 255 1676 verbo
281 1656 419 1677 emovere
438 1646 624 1686 exprimitur
647 1645 701 1682 vis,
724 1656 788 1687 qua
815 1646 886 1688 quis
915 1657 933 1678 e

158 1687 230 1719 loco
255 1688 363 1731 aliquo
387 1688 423 1719 in
444 1689 543 1720 alium
558 1688 749 1728 depellitur;
773 1689 929 1721 Liv.V1.

158 1731 212 1763 38.
238 1738 308 1764 tum
319 1734 458 1773 percitus
477 1735 525 1764 ira
547 1734 700 1770 Camillus
721 1734 852 1770 lictores,
876 1735 932 1774 qui

157 1778 197 1807 de
224 1778 323 1807 medio
350 1778 470 1816 plebem
498 1783 680 1810 emoverem.
712 1779 805 1808 misit.
855 1777 932 1808 Fre-

119 1819 121 1821 ’
157 1829 260 1860 quens
282 1820 376 1861 hujus
401 1819 487 1851 verbi
508 1830 586 1850 usus
599 1819 686 1860 apud
701 1819 852 1858 Livium;
876 1831 931 1851 ex-

157 1873 291 1937 Σιὲιρὸ
211 1862 278 1903 p-la
291 1862 420 1905 collegit
444 1864 607 1896 Drakenb.
639 1862 680 1894 ad
703 1863 776 1894 Lib.
806 1844 928 1895 XLII.

200 1960 229 1980 v.
254 1948 396 1981 47-49.
438 1950 560 1992 Civilisq
562 1961 602 1982 ue
637 1952 750 1982 rudem
779 1957 866 1988 cett„
897 1957 930 1982 et

158 1994 271 2035 (civilis
285 1993 395 2034 restas)
420 1994 538 2024 civium
551 1994 642 2024 furor
655 1999 687 2024 et
703 1994 839 2033 impetus
856 1996 928 2035 (ru-

157 2039 228 2068 dem
253 2037 337 2073 belli)
365 2046 427 2073 me,
454 2037 529 2067 artis
550 2036 670 2067 bellicae
684 2036 789 2067 adhuc
802 2036 930 2076 imperi-

156 2087 239 2117 tum,
267 2079 369 2122 (tulit)
397 2079 527 2111 abstulit
545 2085 585 2118 ‚et
606 2079 756 2120 protrusit
777 2080 811 2110 in
834 2090 931 2117 arma,

158 2125 239 2165 (mm
253 2123 455 2165 responsura)
471 2133 537 2154 non
558 2123 646 2163 paria
666 2124 776 2154 futura
801 2124 933 2155 caesm’s

159 2168 304 2208 Augusti
321 2167 470 2210 (lacertis)
487 2166 591 2198 robori
605 2173 637 2198 et
650 2166 777 2198 viribus.
824 2174 929 2205 oestus,

157 2211 254 2242 maris
267 2211 427 2242 tumultus
448 2216 484 2241 et.
499 2210 603 2241 fervor
625 2210 740 2250 saepius
765 2210 807 2242 ad
831 2192 930 2242 animi

156 2254 312 2286 fervorem
327 2261 359 2285 et
373 2254 560 2290 tumultum,
584 2259 617 2284 et
637 2254 769 2293 proinde
783 2253 824 2285 ad
838 2254 928 2285 furo-

155 2308 224 2330 rem
239 2308 375 2340 quoque,
388 2307 453 2339 quo
466 2297 550 2329 bella
563 2297 667 2328 civilia
681 2298 800 2332 moveri
815 2297 927 2329 dicun-

157 2348 221 2380 tur,
243 2341 438 2373 transfertur.
527 2343 563 2372 in
585 2353 686 2378 arma,
713 2352 733 2372 a
764 2341 869 2372 Bruto
897 2348 930 2373 et

160 2385 271 2417 Cassio
299 2391 409 2416 contra
441 2384 623 2416 Antonium
653 2391 685 2415 et
715 2385 928 2416 Octavianum

157 2435 270 2469 capta3
293 2428 436 2460 delatum
449 2434 557 2459 autem
580 2434 627 2459 est
650 2428 789 2459 Horatio
810 2439 930 2460 munus

155 2473 298 2511 tribuni;
321 2472 384 2503 vid.
413 2481 509 2512 supra
533 2471 597 2502 Sat.
624 2471 653 2502 I.
680 2471 710 2502 6.
737 2469 790 2502 48.
843 2474 930 2508 Quod

155 2518 234 2548 milri
243 2521 370 2557 pareret
387 2517 462 2556 legio
485 2517 632 2547 Romana
653 2517 787 2548 tribuno.
877 2528 927 2548 re-

155 2558 391 2601 sponsurquui
406 2558 502 2590 alicui
515 2558 560 2589 rei
575 2569 632 2598 par
647 2566 704 2597 est,
721 2559 771 2590 vel
787 2559 927 2590 resistere

156 2609 267 2644 potest,
285 2602 314 2634 ei
328 2614 362 2634 re
492 2614 509 2634 e
523 2601 574 2633 vel
587 2613 768 2642 responsare
789 2602 924 2641 dicitur;

156 2647 220 2678 vid.
240 2657 336 2688 supra
357 2646 399 2678 ad
423 2646 486 2677 Sat.
503 2645 554 2677 ΙΙ.
573 2644 604 2676 ’7.
623 2645 677 2677 85.
699 2646 766 2678 Cic.
780 2647 813 2676 in
832 2646 925 2677 Catil.

156 2689 281 2722 11.11.
328 2692 404 2723 Jam
428 2701 496 2722 vero
523 2691 614 2721 urbes
635 2691 871 2731 provinciarum
895 2696 927 2721 et

155 2736 401 2780 municipiorum
415 2735 641 2775 respondebunt
659 2735 802 2766 Catilinae
817 2739 927 2765 tumu-

155 2780 193 2809 lis
221 2772 419 2810 silvestribus·
526 2779 627 2814 Unde,
656 2787 676 2808 a
703 2787 768 2818 qua
795 2776 926 2817 quidem

155 2821 290 2860 militia;
379 2823 476 2853 simul
505 2822 659 2862 primum,
700 2820 855 2858 simulac;
881 2838 926 2846 —

155 2876 205 2896 me
226 2867 374 2897 demisere
396 2866 544 2906 Philippi,
571 2875 646 2896 cum
675 2863 830 2895 Horatius
856 2870 925 2903 post

155 2906 315 2939 funestam
344 2908 386 2940 ad
417 2908 582 2949 Philippos
604 2918 746 2950 pugnam
770 2907 805 2937 in
831 2907 925 2938 celeri

154 2949 234 2992 fuga
247 2951 438 2993 quaesivisset
451 2951 597 2990 salutem,
613 2953 723 2994 (supra
739 2950 803 2983 Od.
824 2951 875 2982 11.
889 2950 919 2982 7.

157 2992 210 3026 10
262 2997 380 3028 Tecum
411 2997 566 3038 Philippos
594 3002 623 3028 et
655 2997 786 3028 celerem
799 2996 923 3038 fugam

978 1300 1075 1335 Sensi,
1086 1301 1191 1332 relicta
1207 1311 1272 1332 non
1286 1301 1361 1331 bene
1369 1297 1549 1340 parmula‚)
1564 1283 1691 1338 lepide·
1675 1308 1743 1340 Jam

948 1342 1146 1382 Philippos
1160 1354 1193 1374 se
1207 1343 1360 1374 dimisisse
1372 1342 1426 1374 ait.
1468 1357 1471 1359 >

1019 1397 1046 1417 v.
1066 1386 1120 1417 50.
1144 1389 1266 1418 Decisis
1287 1388 1438 1418 humilem
1450 1387 1562 1427 pennis
1576 1403 1620 1409 —
1633 1385 1688 1427 qui
1703 1397 1744 1417 ex

976 1429 1046 1461 loco
1060 1430 1170 1461 altiore
1183 1430 1323 1472 dejectus
1345 1436 1391 1460 est
1412 1431 1445 1460 in
1469 1428 1678 1466 humiliorem,
1694 1430 1745 1460 vel

976 1484 1015 1504 ex
1030 1481 1112 1504 sorte
1134 1474 1253 1504 laetiore
1269 1474 1434 1512 depressus
1448 1480 1495 1504 est
1510 1474 1549 1504 ad
1566 1473 1744 1510 tristiorem,

976 1517 1005 1547 ei
1020 1517 1204 1557 proverbiali
1226 1517 1397 1554 locutione,
1420 1517 1454 1547 in
1477 1515 1644 1548 vernacula
1663 1526 1751 1556 quo·,

975 1571 1038 1601 que
1051 1562 1136 1600 apud
1146 1571 1209 1597 ,uos
1224 1561 1344 1596 usitata,
1357 1571 1471 1600 pennae
1486 1560 1537 1590 vel
1557 1563 1615 1591 alae
1636 1561 1744 1591 decisoe

975 1615 1037 1636 esse
1066 1605 1236 1642 dicuntum
1343 1605 1479 1641 humilis,
1508 1602 1752 1636 accommodate.

976 1647 1017 1678 ad
1030 1657 1108 1685 rem,
1124 1648 1189 1689 qui,
1205 1647 1316 1678 decisis
1329 1647 1450 1687 pennis,
1466 1657 1531 1678 non
1553 1646 1689 1687 amplius
1703 1657 1743 1677 ex

975 1692 1075 1722 humo
1088 1691 1122 1721 in
1137 1691 1237 1722 altum
1252 1690 1366 1729 volare,
1380 1691 1413 1721 h.
1427 1701 1456 1721 e.
1472 1690 1513 1722 ad
1526 1696 1743 1731 paupertatem

974 1735 1119 1765 redactus
1134 1745 1198 1767 non
1212 1734 1348 1775 amplius
1373 1745 1407 1765 se
1427 1734 1593 1767 extollere
1600 1739 1634 1766 et
1656 1732 1744 1764 laute

974 1778 1078 1808 vivere
1093 1785 1215 1816 potest.
1750 1803 1754 1810 ,

1018 1832 1046 1852 v.
1065 1820 1119 1852 51.
1139 1827 1313 1863 paupertas
1334 1820 1461 1859 audate,
1475 1830 1629 1861 pauperes
1649 1820 1743 1855 euim

974 1864 1015 1896 ad
1054 1865 1173 1896 famem
1210 1865 1388 1904 pellendam
1417 1870 1540 1896 tentant
1566 1867 1745 1906 audentque

974 1909 1091 1940 omnia.
1139 1909 1181 1940 In
1211 1910 1292 1940 hanc
1312 1909 1378 1940 sere
1402 1907 1588 1939 sententiam
1614 1906 1748 1943 Persius

971 1953 1006 1982 in
1024 1952 1165 1994 Prologo
1179 1963 1207 1983 v.
1226 1951 1269 1983 87
1284 1963 1369 1993 seqq.
1420 1953 1496 1988 Quis
1509 1953 1655 1992 capedivit
1662 1953 1751 1992 psit-i

972 2002 1040 2027 taco
1053 2008 1150 2028 suum
1168 2000 1230 2027 xa?
1217 2009 1266 2040 agr,
1283 1998 1435 2038 Picusque
1449 1997 1553 2027 docuit
1567 1997 1656 2027 venba
1670 2006 1744 2027 nos-

972 2045 1021 2069 tra
1035 2039 1175 2070 conari?
1220 2041 1374 2080 Magister
1394 2041 1483 2077 artie,
1498 2037 1664 2080 ingensque
1677 2041 1751 2072 lar-i

972 2084 1081 2122 gilon
1100 2084 1223 2119 Venter,
1248 2089 1378 2122 negatas
1402 2089 1464 2114 art
1452 2084 1513 2132 fia.-
1540 2084 1628 2124 sequi
1647 2093 1742 2114 voces·

979 2126 1129 2156 Ceterum
1154 2125 1310 2156 Horatius
1324 2125 1526 2165 paupertatis,
1541 2135 1605 2166 qua
1619 2125 1659 2156 ad
1674 2135 1751 2156 verm

972 2179 1027 2199 sus
1055 2168 1235 2200 scribendos
1262 2179 1297 2200 se
1325 2168 1473 2199 adactum
1501 2179 1591 2199 osse
1603 2168 1746 2206 simulat,-

972 2211 1164 2252 profaesione
1178 2218 1285 2252 poetas
1304 2212 1464 2243 famelieos
1477 2218 1586 2243 notare
1606 2218 1639 2243 et
1658 2211 1742 2243 deri-

972 2257 1046 2287 dere
1061 2255 1197 2287 voluisse
1214 2255 1359 2287 videtur.

988 2330 991 2332 .
1014 2310 1044 2330 v.
1074 2298 1214 2340 52—54.
1256 2302 1323 2336 Sed,
1347 2301 1429 2341 quod
1455 2310 1522 2331 mm
1550 2279 1728 2336 άεείὶ,οεῒῐ

971 2343 1058 2373 hunc
1080 2343 1199 2380 locum,
1221 2343 1275 2383 qui
1302 2343 1408 2382 plures
1429 2342 1614 2382 interpretes
1627 2341 1741 2376 misere

971 2387 1070 2424 torsit,
1085 2386 1129 2418 ita
1143 2386 1349 2426 interpretor:
1378 2385 1439 2417 Sed
1461 2394 1547 2416 nunc
1567 2395 1620 2416 me
1641 2385 1740 2435 possi-

973 2431 1111 2467 dentem,
1129 2431 1225 2472 (quod
1238 2441 1303 2463 ποη
1316 2429 1408 2470 desit)
1423 2435 1578 2470 quantum
1600 2428 1674 2460 satis
1687 2431 1738 2465 sit,

973 2474 1033 2504 nisi
1048 2474 1080 2504 in
1095 2474 1154 2504 hac
1168 2483 1275 2504 rerum
1289 2483 1431 2503 mearum
1453 2471 1632 2503 conditione
1655 2474 1745 2514 (ἀοι-οξ

970 2519 1057 2554 mire,
1073 2516 1168 2554 ιυδιιν,
1185 2516 1246 2547 vid.
1260 2517 1388 2548 Slanlei.
1404 2515 1601 2556 adAEsehyl.
1617 2516 1734 2557 Agam.

970 2559 1066 2601 345.)
1087 2559 1185 2602 quieti
1209 2559 1385 2601 indulgere,
1414 2566 1511 2601 quam
1535 2569 1645 2594 versus¹
1663 2559 1746 2592 scri-2

969 2605 1042 2635 bere
1056 2603 1175 2639 malim,
1202 2613 1275 2644 quae
1303 2602 1443 2633 taudem-
1457 2612 1600 2643 unquam
1625 2602 1745 2635 cicutae.

969 2649 1009 2678 ab
1023 2647 1144 2678 insania
1165 2646 1285 2686 poetica
1306 2645 1460 2677 me.satis
1483 2655 1619 2687 purgare
1648 2653 1737 2686 pote-

969 2691 1067 2722 runt?
1084 2716 1086 2718 .
1102 2691 1244 2722 brevius:
1284 2689 1340 2720 sed
1375 2699 1449 2720 cum
1477 2699 1566 2723 nunc
1594 2690 1736 2726 habeam.

939 2734 941 2736 ’
969 2740 1124 2775 quantum
1145 2743 1225 2773 opus
1239 2738 1295 2770 est,
1314 2733 1401 2775 (satis
1422 2732 1508 2763 enim
1523 2744 1685 2774 superque,
1699 2740 1739 2765 ut

969 2788 1064 2818 supra
1079 2776 1184 2817 Epod.
1203 2775 1232 2807 1.
1250 2775 1308 2813 31.
1323 2775 1374 2812 ait,
1396 2778 1546 2809 dicaverat
1561 2787 1636 2807 eum
1652 2777 1738 2808 Me-

968 2821 1085 2852 ceuatis
1107 2819 1294 2861 benignitas)
1321 2818 1382 2850 nisi
1404 2819 1501 2851 vitam
1535 2820 1668 2851 otiosam
1703 2826 1737 2852 et

967 2865 1100 2896 inertem
1115 2873 1244 2914 poeseos
1258 2862 1363 2894 studio
1377 2863 1553 2903 praeferam,
1570 2873 1736 2905 nunquam

966 2910 1006 2939 ab
1033 2908 1154 2939 insania
1178 2907 1301 2947 poetica
1325 2906 1428 2938 curari
1442 2913 1563 2947 potero.
1656 2909 1736 2943 Quae

965 2969 1009 2978 —
1024 2953 1135 2984 cicun
1152 2968 1197 2976 —
1211 2952 1314 2983 cicuta
1335 2956 1383 2981 est
1402 2951 1507 2983 herba
1512 2949 1603 2982 caule
1617 2949 1688 2981 laevi
1702 2957 1742 2982 et

965 2995 1047 3027 binis
1082 2994 1195 3028 cubitis
1231 3004 1461 3036 nonnunquam
1495 2993 1616 3033 altiore,
1653 3004 1727 3025 nos.
