1904 3250
189 119 245 156 46

822 115 1126 158 HORATII

1599 121 1706 168 [Lm.
1731 131 1759 158 1.

309 241 395 282 Vos
420 241 582 298 Tempe
604 242 778 283 totidem
800 241 932 283 tollite
953 242 1162 292 laudibus,

225 317 276 356 10
309 314 601 371 Natalemque‚
624 330 774 364 mares,
798 314 940 355 Delon
967 314 1179 370 Apollinis

367 387 666 445 Insignemque
686 387 886 443 pharetra

427 457 713 513 Fraternaque
733 456 957 497 humerum
977 455 1080 511 lyra.

307 527 393 569 Hic
413 527 570 569 bellurn
591 526 873 575 lacrimosum,
895 524 964 566 hic
985 524 1179 565 miseram
1199 524 1352 567 famem

310 600 576 656 Pestemque,
598 615 623 640 a
643 598 817 654 popule,
839 597 1031 653 principe
1055 597 1236 648 Caesare,
1258 598 1302 638 in

224 677 274 714 15
367 674 516 715 Persas
538 680 662 728 atque
687 671 913 712 Britannos

424 745 576 786 Vestra
596 752 735 786 motus
757 753 853 801 aget
874 758 1012 800 prece.

747 955 1014 999 CARMEN
1048 956 1205 998 XXII.

689 1071 758 1103 AD
784 1070 1031 1102 ARISTIUM
1056 1069 1207 1102 FUSCU
1215 1070 1262 1100 M.

308 1174 514 1216 INTEGER
533 1172 630 1213 vitae
653 1171 904 1229 scelerisque
924 1186 1056 1228 purus

308 1244 407 1286 Non
428 1251 524 1301 eget
547 1242 712 1284 Mauris
728 1241 891 1298 jaculis,
915 1257 1051 1299 neque
1072 1256 1187 1291 arcu,

306 1313 400 1356 Nec
419 1313 632 1355 venenatis
652 1312 827 1371 grayida
848 1312 1022 1370 sagittis,

717 1382 865 1434 Fusce,
885 1381 1110 1439 pharetra:

189 1542 347 1584 pmcipue
368 1543 403 1574 in
427 1543 585 1575 montium
607 1543 705 1586 jugiS,
732 1554 796 1585 quo
817 1549 956 1585 spectare

190 1586 315 1618 videtur
338 1588 373 1618 τὸ
394 1590 570 1628 prr-ominem
608 1588 708 1629 possis
733 1588 800 1619 haec
825 1600 955 1620 nemora

191 1640 302 1662 vocare
315 1633 413 1662 saltus
429 1633 609 1669 reconditos,
628 1631 776 1663 Catullus
790 1638 873 1663 certe
887 1631 909 1662 l.
927 1631 950 1662 l.

191 1684 222 1705 v.
236 1673 260 1705 9
270 1685 354 1716 seqq.
386 1676 545 1707 Montium
560 1677 687 1707 domina
701 1676 840 1717 utsores,
857 1677 956 1707 Silva-

134 1731 136 1733 *
190 1729 326 1759 rumque
345 1719 524 1755 virentium,
556 1721 763 1760 Saltuumque
785 1721 956 1751 recondito-

190 1771 274 1792 rum.
303 1761 352 1793 Cl.
372 1763 496 1794 Mitsclz.
521 1762 557 1792 in
581 1761 678 1793 Auel.
701 1762 741 1794 T.
762 1762 814 1793 ΙΙ.
830 1773 862 1803 p.
881 1761 956 1794 688.

190 1804 332 1845 apposite
355 1815 430 1836 cum
451 1806 483 1836 1³.
500 1805 523 1836 l.
548 1812 711 1846 comparat
727 1806 828 1846 Orph.
850 1806 952 1847 Hym-

192 1846 267 1879 XX
275 1848 338 1879 XI.
351 1847 381 1879 4.
392 1848 423 1879 5.
493 1851 760 1891 Qmonte,
773 1859 871 1890 prope
889 1849 957 1881 Ro-

190 1902 288 1929 mam,
302 1892 336 1922 in
351 1892 402 1923 via
418 1892 535 1933 Appia.
625 1894 830 1940 Εῃῃηαηιήἰζ
841 1892 958 1924 montis

190 1935 224 1965 in
241 1934 390 1972 Arcadia,
400 1936 453 1967 ubi
469 1936 613 1976 inprimis
626 1936 802 1968 venationis
814 1936 957 1968 studium

190 1988 334 2010 exercere
348 1979 466 2010 solebat
482 1980 609 2017 Diana3
634 1980 738 2011 Hom.
757 1980 873 2021 Odyss.
889 1981 953 2011 VI.

186 2018 267 2053 ⁷103.
294 2025 355 2054 Cra
382 2025 387 2030 “
412 2022 519 2063 Lyciae
534 2023 673 2062 montis;
695 2025 803 2056 vin’dis
817 2024 957 2055 consitus

190 2066 289 2108 igitur
317 2059 369 2098 Huc
396 2077 489 2097 mons
516 2067 579 2098 fuit
608 2067 780 2106 arboribus,
818 2078 954 2108 quarum

190 2109 318 2141 frondes
331 2119 396 2140 non
411 2110 512 2151 nigro,
528 2117 565 2141 ut
579 2109 665 2142 silvae
683 2111 884 2152 Erymanthi,
899 2111 955 2142 sed

192 2152 284 2184 viridi
321 2153 425 2185 colore
460 2154 550 2185 fuere
578 2155 767 2195 conspicuae.
857 2165 886 2187 v.
920 2154 954 2185 9.

140 2228 146 2235 ,
197 2198 321 2238 Tempe,
332 2196 429 2238 hujus
438 2197 658 2228 amoenissimae
668 2198 701 2228 in
715 2197 878 2230 Thessalia
890 2198 956 2236 val÷

189 2239 241 2279 lis,
255 2239 312 2271 ubi
330 2240 449 2280 Apollo
462 2241 598 2272 suaviter
611 2241 770 2273 interdum
786 2252 860 2273 cum
879 2243 957 2273 Mu-

191 2283 235 2315 sis
248 2283 428 2315 delitescere
450 2284 579 2321 solebat,
602 2284 843 2325 descriptionem
869 2285 957 2317 dedit

194 2325 344 2359 AElianus
360 2327 436 2358 Var.
457 2327 546 2358 Hist.
561 2327 633 2358 ΙΙΙ.
651 2325 680 2359 l.
785 2335 834 2361 rat

154 2373 273 2412 ‚Q
286 2369 388 2412 lyram
401 2370 488 2401 enim
506 2371 624 2411 Apollo
639 2371 772 2403 debebat
791 2373 880 2404 fiatri
898 2383 958 2404 suo

192 2413 369 2489 ἒᾷεπυτίο,
384 2415 441 2455 qui
455 2424 540 2454 supr.
562 2415 591 2446 1.
613 2412 662 2446 10.
677 2414 707 2446 6.
755 2417 832 2458 lyrae
841 2428 958 2458 parens

215 2457 318 2490 icitur.

236 2512 266 2532 v.
286 2499 424 2532 13-16.
453 2502 529 2538 Hic,
554 2500 683 2541 Apollo,
706 2501 785 2534 deus
807 2513 955 2534 averrun-

194 2555 262 2584 cus,
277 2546 391 2578 bellum
412 2545 623 2582 lacrimosum,
647 2545 744 2584 triste,
767 2547 952 2578 exitiosum:

194 2588 300 2620 Hom.
341 2589 351 2601 ¹
429 2587 464 2620 ιδ
540 2589 620 2620 beve-a
645 2589 757 2626 bellum
769 2592 959 2631 lagvg'mqbzlg

193 2632 274 2663 dixit
329 2642 357 2663 ir
380 2633 388 2639 '
415 2642 453 2663 us
526 2641 558 2662 u.
585 2631 616 2662 V
642 2627 670 2663 Ῐ.
689 2630 764 2663 604«.
854 2644 883 2664 v.
904 2624 954 2665 Ϊ5.

195 2678 309 2708 Persas
329 2677 362 2707 h.
385 2686 414 2707 e.
449 2674 593 2711 Parthos,
619 2675 774 2706 Romanis
794 2675 957 2707 infestissi-

193 2729 271 2750 mos.
362 2721 545 2754 Britannos,
561 2724 599 2750 ut
611 2718 766 2759 populum
788 2721 957 2750 remotissi-

194 2772 296 2801 mum,
323 2765 400 2796 orbis
416 2763 468 2806 (ut
488 2761 639 2794 dicuutur
659 2762 732 2793 infr.
760 2762 789 2794 I.
812 2762 866 2794 35.
883 2763 955 2804 29.)

194 2807 328 2838 ultimos.
412 2813 481 2848 aget
509 2805 711 2846 propulsabit.
777 2806 861 2837 Cum
893 2807 958 2838 fine

194 2849 290 2889 hujus
315 2850 463 2882 carminis
486 2849 536 2882 el.
555 2851 680 2882 Mitsch.
698 2855 858 2889 comparat
883 2850 958 2881 Phi-

194 2890 272 2931 lippi
289 2893 429 2925 Thessal.
457 2893 520 2935 Ep.
536 2891 693 2925 XLVII.
713 2893 813 2924 Anth.
837 2893 894 2924 Gr.
914 2893 953 2924 T.

196 2933 249 2965 11.
264 2946 294 2976 p.
313 2935 388 2970 208.
438 2938 520 2974 Zmo's
537 2938 590 2971 na)
606 2937 714 2973 Aue-vs
729 2937 894 2981 θηροσιόπε
911 2951 957 2970 το-

999 1543 1061 1584 gia-1
1090 1542 1187 1587 κούρη,
1216 1542 1367 1586 ’Ἄρτεμιὴ
1389 1542 1409 1577 ἢ
1429 1543 1587 1584 θαλάμους
1604 1541 1668 1579 τοὺς
1685 1541 1763 1588 rigia!

998 1589 1123 1629 ἔλαχες,
1154 1587 1259 1618 Νυῧιον
1289 1588 1340 1621 τὴν
1368 1588 1509 1630 στυγερὴν
1537 1588 1656 1627 αὒθημε
1673 1588 1700 1618 ὃν
1729 1588 1761 1619 in

998 1631 1139 1687 {31:032305
1160 1631 1371 1663 ’Busan-airon
1393 1630 1532 1672 πέμψεις
1550 1631 1638 1675 ὶῖχςις
1670 1637 1761 1675 True-

1000 1678 1112 1719 ssogun.

1200 1761 1412 1793 CARMEN
1436 1760 1563 1792 XXII.

1046 1848 1161 1881 Poetas
1182 1848 1298 1888 pietate
1322 1855 1354 1880 et
1375 1847 1556 1879 innocentia
1578 1857 1637 1879 sua
1660 1847 1763 1880 multo

1001 1891 1124 1930 fortius,
1139 1891 1167 1922 si
1187 1891 1221 1922 in
1243 1891 1315 1923 vitae
1340 1891 1517 1932 periculum
1539 1890 1668 1923 adducti
1691 1890 1764 1923 fue-

999 1934 1072 1971 rint.
1089 1946 1186 1977 quam
1201 1935 1310 1967 ceteris
1329 1935 1425 1967 armis
1445 1934 1602 1972 omnibus,
1623 1933 1762 1972 defendi,

999 1979 1033 2010 id
1048 1990 1081 2010 se
1095 1978 1200 2019 ipsum
1222 1988 1330 2020 nuper.
1354 1989 1429 2011 cum
1451 1977 1615 2010 horrendae
1637 1978 1761 2020 magni-

999 2021 1120 2054 tudinis
1133 2023 1230 2062 lupus
1243 2028 1353 2063 sponte
1374 2032 1449 2054 eum
1473 2021 1508 2052 in
1532 2022 1611 2054 silva
1637 2021 1762 2059 Sabina.

998 2067 1054 2098 ubi
1069 2066 1193 2097 defixus
1206 2067 1241 2097 in
1256 2066 1458 2098 meditatione
1472 2063 1620 2097 carminis
1641 2071 1762 2096 amato-

997 2110 1038 2141 rii
1060 2110 1143 2141 ultra
1165 2110 1338 2141 terminum
1362 2119 1544 2151 progressus
1565 2114 1653 2146 esset,
1679 2108 1762 2139 iner-

999 2164 1085 2184 mem
1113 2153 1193 2184 adeo
1221 2152 1347 2195 fugerit,
1376 2158 1540 2193 expertum
1573 2161 1650 2190 esse,
1687 2161 1763 2183 cum

1000 2198 1104 2229 amico
1117 2207 1176 2228 suo
1193 2197 1296 2228 Fusco
1318 2196 1353 2227 in
1373 2197 1434 2228 hoc
1456 2195 1594 2227 carmine
1617 2204 1763 2226 commu-

1001 2240 1095 2272 nicat.
1160 2241 1235 2278 Qua
1262 2240 1392 2282 quidem
1413 2238 1604 2280 experientia
1627 2237 1707 2270 adeo
1726 2236 1762 2269 in

999 2284 1200 2324 persuasione
1229 2283 1270 2315 de
1297 2282 1460 2325 singulari,
1489 2293 1553 2324 qua
1586 2281 1633 2323 pii
1659 2287 1762 2323 poene
1801 2302 1806 2306 ·

998 2327 1155 2364 fruantur.
1185 2327 1318 2359 deorum
1345 2326 1446 2358 tutela
1480 2336 1514 2358 se
1542 2324 1763 2358 confirmatum

1000 2382 1067 2403 esse
1088 2370 1142 2408 ait,
1163 2377 1200 2403 ut
1221 2371 1330 2404 nullus
1354 2369 1486 2407 dubitet,
1511 2369 1591 2412 quin
1613 2375 1701 2401 tutus
1722 2370 1764 2401 ab

1001 2414 1089 2447 omni
1104 2414 1254 2454 periculo,
1268 2414 1384 2455 ubique
1395 2420 1558 2452 ten-arum,
1570 2423 1680 2445 securo
1694 2413 1763 2444 ani-

1001 2469 1056 2490 mo
1069 2458 1228 2490 amoribus
1240 2457 1306 2489 suis
1319 2455 1467 2489 canendis
1480 2467 1589 2489 vacare
1609 2456 1762 2497 possit.—

1003 2501 1112 2535 simile
1139 2501 1209 2534 vitae
1274 2500 1422 2538 ticulum,
1450 2499 1537 2542 quod
1555 2500 1623 2542 jam
1645 2498 1722 2532 olim
1742 2510 1764 2531 a

1000 2557 1034 2578 se
1052 2556 1160 2586 puero,
1175 2551 1213 2577 ut
1247 2551 1341 2576 uturo
1365 2550 1467 2584 poeta,
1494 2543 1662 2586 singularis
1685 2542 1762 2574 deo-

1002 2600 1074 2621 rum
1088 2600 1165 2622 cura
1178 2588 1332 2627 averterit,
1346 2593 1452 2620 narrat
1471 2586 1544 2618 infr.
1574 2586 1647 2620 111.
1669 2585 1702 2618 4.
1727 2582 1760 2617 9.

1002 2644 1085 2675 seqq.
1117 2654 1162 2660 -
1191 2633 1342 2665 Ceterum
1368 2630 1411 2663 ad
1438 2630 1577 2663 eundem
1605 2631 1763 2663 Aristium

1003 2679 1158 2714 Fuscum,
1195 2675 1436 2718 grammaticum
1471 2681 1504 2706 et
1534 2675 1701 2712 rhetorem,
1731 2680 1764 2704 et

1002 2719 1142 2752 Horatio
1169 2719 1404 2757 amicissimum,
1433 2717 1547 2758 scripta
1568 2727 1696 2760 quoque
1716 2723 1764 2748 est

1003 2764 1148 2805 Epistola
1160 2763 1282 2796 decima
1296 2763 1369 2795 Lib.
1386 2761 1417 2794 I·
1434 2761 1476 2793 cf.
1491 2761 1555 2793 Sat.
1574 2762 1603 2793 Ι.
1617 2760 1649 2792 9.
1662 2758 1715 2792 61.

1045 2818 1074 2839 v.
1095 2807 1188 2839 1-8.
1235 2809 1362 2848 Integer
1374 2807 1452 2842 vitae,
1470 2814 1529 2846 pro
1549 2804 1690 2847 vulgari:
1715 2804 1763 2837 vir

1003 2852 1130 2892 integrae
1143 2854 1222 2884 vitae.
1247 2851 1292 2882 sic
1305 2849 1378 2882 infr.
1399 2849 1464 2881 Sat.
1483 2846 1534 2880 II.
1555 2847 1587 2880 3.
1612 2847 1688 2880 200.
1712 2850 1763 2880 in-

1004 2901 1087 2935 teger
1101 2897 1202 2929 animi
1215 2901 1247 2926 et
1258 2893 1343 2936 apud
1359 2893 1454 2926 Ovid.
1483 2891 1565 2924 Met.
1593 2892 1660 2924 1x.
1685 2891 1760 2923 440.

1004 2938 1123 2979 integer
1152 2940 1208 2972 aem'
1235 2943 1308 2979 μοι
1334 2937 1395 2969 ¹vir
1419 2935 1519 2969 aetatis
1550 2935 1653 2969 adhuc
1682 2935 1763 2968 inw-
