1904 3250
185 190 223 230 vi
830 201 1106 236 PRAEFATIO.

186 307 317 358 chius,
341 308 393 349 ad
415 316 499 350 tam
522 308 788 364 splendidum
810 323 916 364 opus
937 315 1165 359 excrescat,
1196 317 1244 350 ut
1273 309 1417 365 paucis
1452 308 1506 350 ad
1538 308 1643 350 illud
1675 307 1765 349 sibi¹

186 388 517 444 comparandum
553 403 619 429 res
655 395 878 443 suppetere
913 387 1127 437 videatur3
1174 387 1437 430 desideratur
1472 387 1624 438 adhuc,
1650 402 1752 443 ·quae

187 469 372 525 plurium
392 470 597 512 lectorum
618 469 849 511 rationibus
871 467 1187 509 accommodata
1207 469 1272 519 sit,
1290 468 1431 510 editio.
1497 469 1607 510 Cum
1626 468 1755 525 igitur

188 558 285 591 ante
305 558 390 591 tres
412 565 543 591 annos
566 549 644 589 Vir
677 548 1023 598 Honestissimus,
1060 547 1291 603 bibliopola
1323 548 1569 605 Lipsiensis,
1594 548 1756 604 Caspar

190 632 434 683 Fritschius,
472 640 519 673 ut
554 630 808 673 satisfaceret
840 629 1046 686 ejusmodi
1081 629 1276 671 editionis
1312 630 1535 682 desiderio,
1574 617 1756 673 Gesneri

187 718 414 760 editionem
434 718 552 758 novis
575 716 743 758 dotibus
765 716 1012 758 instructam
1039 715 1270 757 recudendi
1301 717 1479 772 cepisset
1510 716 1754 766 consilium3

188 804 303 854 mihi,
327 812 373 845 ut
394 819 485 845 eam
507 818 865 861 recognoscerem,
889 811 942 853 et,
966 802 1056 844 aliis
1078 801 1263 852 resectis,
1295 801 1386 843 aliis
1407 801 1593 858 adjectis,
1616 803 1756 845 diffin-

189 899 350 942 gerem,
373 883 514 925 oblata
534 892 597 925 est
617 884 670 925 ab
691 883 764 924 illo
794 882 992 924 conditio.
1057 881 1142 923 Sed
1174 897 1228 922 ex
1261 882 1409 932 causis,
1441 897 1544 939 quas
1575 897 1758 925 comme-

187 983 352 1009 morare
373 967 478 1008 nihil
500 967 659 1017 attinet,
683 982 775 1008 eam
797 965 1028 1021 repudiavi,
1047 974 1088 1006 et
1108 965 1162 1006 ad
1183 981 1280 1006 eum
1300 966 1441 1021 potius
1461 965 1663 1018 laborem,
1685 967 1758 1024 qui

175 1047 309 1096 xnovae
329 1054 455 1110 plane
476 1053 649 1095 editioni
669 1052 975 1109 impendendus
997 1053 1062 1103 sit,
1092 1068 1159 1093 me
1179 1051 1413 1108 proclivem
1433 1068 1523 1095 esse
1543 1052 1756 1109 professus

134 1133 138 1137 ⁸
188 1153 293 1180 sum.
357 1137 533 1180 Placuit.
598 1137 706 1178 Rem
743 1137 919 1191 suscepi,
957 1144 999 1177 et
1034 1143 1240 1191 susceptae
1269 1136 1332 1178 rei
1360 1144 1502 1192 partes
1531 1152 1612 1193 pro
1646 1137 1756 1179 virili

188 1217 392 1259 sustinere
414 1216 567 1258 studui.
1321 1199 1324 1202 ¹

249 1389 366 1431 Nihil
388 1399 527 1432 autem
547 1393 663 1447 prius
684 1391 787 1432 mihi
807 1390 1045 1432 faciendum
1065 1405 1156 1431 esse
1186 1388 1343 1446 putavi,
1375 1404 1504 1446 quam
1524 1396 1572 1430 ut
1592 1396 1755 1431 textum

188 1472 334 1515 darem
369 1474 764 1516 emendatissimum.
827 1474 976 1530 Itaque
1003 1474 1048 1514 in
1079 1472 1182 1514 locis
1203 1471 1342 1514 dubiis
1362 1486 1450 1513 non
1471 1479 1598 1513 certae
1618 1473 1756 1528 cujus-

189 1556 288 1598 dam
308 1557 501 1599 editionis
523 1559 810 1600 auctoritatem
834 1566 1000 1599 secutus
1022 1572 1128 1607 sum,
1147 1556 1221 1598 sed
1242 1556 1332 1612 ipse
1352 1555 1557 1598 lectiones
1578 1555 1756 1614 diligen-

188 1647 253 1681 ter
283 1641 460 1691 excussi,
498 1649 551 1691 et,
587 1657 681 1698 quae
711 1649 797 1682 tam
816 1641 973 1698 linguae
994 1655 1119 1697 quam
1140 1647 1278 1695 poetae
1297 1639 1468 1697 ingenio
1486 1640 1669 1681 maxime
1689 1653 1756 1681 re-

189 1723 398 1779 spondere
418 1724 642 1775 videretur,
680 1740 771 1766 eam
792 1725 945 1781 recepi.
1008 1724 1079 1766 Ab
1114 1724 1234 1765 initio
1269 1723 1441 1780 quidem
1473 1724 1636 1765 animus
1665 1731 1756 1765 erat

189 1811 353 1845 textum
373 1805 431 1846 ita
451 1805 665 1856 exhibere,
698 1814 745 1847 ut
763 1805 834 1848 ille
865 1821 890 1846 a
924 1806 990 1847 Cl.
1026 1804 1364 1846 Mitscherlichio
1397 1805 1647 1847 constitutus
1677 1811 1754 1856 est,

191 1886 278 1937 sed,
302 1902 397 1928 cum
417 1888 461 1928 in
481 1888 679 1930 lectiones
700 1889 951 1940 incidissem,
975 1889 1126 1946 quibus
1147 1897 1194 1930 ut
1214 1888 1470 1939 accederem,
1493 1904 1517 1930 a
1537 1903 1605 1930 me
1624 1888 1756 1944 impe-

188 1977 301 2010 trare
321 1984 407 2010 non
428 1978 631 2025 poteram,
655 1971 707 2012 ab
728 1971 810 2013 hoc
831 1971 1004 2013 consilio
1025 1971 1190 2021 recessi,
1214 1978 1256 2012 et
1275 1985 1371 2011 meo
1390 1970 1522 2026 ipsius
1535 1968 1697 2025 judicio
1710 1969 1755 2010 in

190 2053 415 2111 seligendis
436 2054 684 2097 lectionibus
704 2072 771 2098 me
792 2057 882 2115 regi
902 2072 1050 2113 passus
1072 2072 1177 2098 sum.
1211 2055 1343 2105 Quod
1363 2055 1398 2096 si
1412 2054 1529 2111 prius
1549 2053 1753 2104 fecissem,

190 2136 280 2177 sine
300 2131 562 2179 haesitatione
583 2153 621 2178 v.
644 2154 679 2179 c.
702 2154 798 2180 cum
828 2139 1021 2181 Bentleio
1051 2140 1078 2180 i.
1109 2142 1150 2180 3.
1178 2141 1242 2180 18.
1276 2140 1395 2179 rectis
1423 2151 1526 2193 pro:
1562 2138 1692 2186 siccis,
1714 2143 1756 2177 et

188 2217 216 2258 i.
238 2221 278 2258 6.
307 2220 371 2258 18.
393 2221 546 2259 strictis
565 2234 668 2275 pro:
699 2223 815 2260 sectis
845 2220 1114 2276 scripsissem.
1179 2218 1247 2260 Ne
1267 2226 1408 2260 tamen
1426 2216 1605 2258 levitatis
1625 2224 1756 2258 teme-

189 2296 407 2354 ritatisque
441 2298 486 2338 in
520 2297 747 2339 lectionum
783 2298 949 2340 delectu
988 2299 1093 2340 mihi
1128 2299 1296 2355 culpam
1331 2296 1636 2348 contraherem,
1669 2311 1756 2338 non

189 2379 327 2421 solum
346 2379 524 2422 lectores
546 2380 599 2422 de
620 2381 1028 2427 lectionisvarietate
1049 2383 1272 2441 diligenter
1302 2384 1347 2424 in
1365 2382 1476 2424 notis
1495 2381 1659 2438 monui,
1680 2379 1756 2423 sed

189 2463 395 2505 rationem
415 2479 595 2521 quoque,
619 2479 694 2505 cur
714 2480 863 2506 novam
887 2467 1082 2523 antiquae,
1116 2466 1183 2507 vel
1212 2466 1427 2523 antiquam
1445 2479 1568 2506 novae
1586 2463 1757 2506 lectioni

190 2547 449 2603 praeferrem,
472 2564 638 2605 semper
658 2549 815 2591 addidi.
880 2550 1048 2592 Horatii
1078 2552 1288 2593 editorum
1309 2560 1351 2593 et
1373 2536 1556 2593 aliorum'
1570 2549 1758 2591 virorum

190 2633 426 2685 doctorum,
448 2650 486 2676 v.
509 2650 545 2676 c.
569 2633 817 2676 Marklandi
851 2634 989 2691 Epod.
1013 2640 1052 2677 2.
1084 2640 1154 2678 27.
1186 2637 1436 2694 conjecturis
1465 2643 1557 2678 tum
1586 2634 1756 2677 demum

191 2715 331 2758 locum
364 2716 687 2774 relinquendum
717 2731 808 2758 esse
839 2718 995 2768 censui,
1028 2733 1137 2769 cum,
1159 2719 1210 2760 iis
1234 2719 1422 2775 receptis,
1445 2725 1650 2775 apertum,
1671 2731 1756 2774 quo

191 2800 409 2843 laborabat
441 2802 589 2852 oratio,
624 2801 840 2843 tolleretur
874 2802 1034 2843 vitium.
1097 2802 1147 2843 In
1182 2818 1266 2844 uno
1295 2803 1390 2845 loco
1410 2803 1464 2844 iv.
1487 2806 1527 2844 8.
1554 2804 1619 2844 1¹7.
1640 2800 1713 2857 qui
1732 2815 1759 2841 a

192 2886 493 2928 recentioribus
526 2885 823 2942 interpretibus
857 2893 903 2927 ut
933 2885 1050 2927 locus
1073 2894 1289 2942 suspectus
1311 2894 1353 2928 et
1373 2886 1541 2942 spurius
1561 2883 1758 2927 asterisco

924 2994 945 3024 8
