1904 3250
174 147 260 190 504,
318 185 319 188 ,

815 145 1126 194 HORATII

1584 155 1699 203 [Lm.
1714 165 1755 198 ⁴1.-

295 271 444 322 Quid?
474 273 509 313 si
530 273 624 328 quis
645 270 764 312 vultu
783 277 908 313 torvo
926 270 1055 322 ferus,
1077 279 1121 319 et
1138 272 1248 328 pede
1267 274 1398 326 nudo,

295 345 559 402 Exiguaeque
581 352 693 401 togae
715 343 883 385 simulet
902 351 1071 387 textore.
1091 344 1311 397 Catonem,

292 413 559 454 Virtutemne
579 420 857 468 repraesentet
876 428 1101 470 moresque
1125 407 1331 456 Catonis?

207 487 257 526 15
292 485 426 541 Rupit
447 485 653 526 Iarbitam
675 480 924 543 Tiniagenis
945 485 1100 528 aemula
1119 485 1282 543 lingua,

291 558 411 600 Dum
432 557 573 599 studet
593 558 795 609 urbanus,
817 558 1037 616 tenditque
1058 559 1239 601 disertus
1259 559 1420 604 haberi.

293 631 467 686 Decipit
488 630 706 686 exemplar
725 631 836 672 vitiis
857 631 1082 674 imitabile:
1115 632 1233 689 quod
1251 633 1287 674 si

292 700 502 742 Pallerem
524 716 637 751 casu,
659 701 856 749 biberent
875 690 1092 760 exsangue
1113 703 1343 746 cuminum.

290 769 332 812 Ο
353 770 597 820 imitatores,
621 785 789 812 servum
808 786 953 827 pecus,
976 779 1024 813 ut
1045 771 1148 817 mihi
1169 788 1283 829 saepe

200 846 256 884 20
290 842 442 893 Bilem,
465 858 578 898 saepe
593 844 740 899 jocum
760 845 890 888 vestri
910 859 1079 889 movere
1100 844 1305 890 tumultus
1325 844 1337 889 l

289 915 448 957 Libera
467 930 546 971 per
566 930 746 957 vacuum
766 916 890 971 posui
911 917 1087 974 vestigia
1106 917 1303 973 princeps
1320 933 1331 959 ε

287 984 387 1026 Non
409 984 548 1026 aliena
565 1000 661 1027 meo
681 986 817 1041 pressi
835 986 958 1042 pede.

285 1054 393 1097 Dux
413 1056 523 1113 regit
543 1071 735 1097 examen.

1022 986 1110 1036 Qui
1132 987 1212 1029 sibi
1232 987 1340 1039 fidit,

800 1055 949 1098 Parios
970 1071 1051 1114 ego
1070 1057 1233 1113 primus
1254 1057 1417 1100 iambos

287 1125 471 1167 Ostendi
492 1126 632 1177 Latio,
653 1141 855 1168 numeros
876 1128 1123 1183 animosque
1145 1135 1313 1169 secutus

197 1197 254 1236 25
287 1194 550 1247 Archilochi,
571 1211 658 1238 non
679 1211 747 1239 res
768 1205 811 1237 et
831 1197 1000 1254 agentia
1019 1196 1150 1239 verba
1171 1196 1433 1254 Lycamben.

167 1334 335 1377 indulgere
363 1344 536 1377 coeperunt.
586 1337 685 1369 Ridet
709 1337 807 1378 igitur
835 1337 943 1369 Hora-

167 1380 232 1410 tius
245 1380 412 1412 stultitiam
427 1392 548 1418 eorum,
560 1382 627 1422 qui,
643 1380 740 1413 modo
755 1381 829 1411 vino
844 1391 877 1411 se
892 1381 943 1411 in-

166 1423 408 1465 gurgitaverint,
423 1435 457 1456 se
471 1432 573 1466 poetae
587 1431 690 1465 partes
703 1425 829 1464 explere
851 1435 942 1464 posse

166 1467 392 1499 existimarent.
496 1471 665 1501 Nocturno
695 1476 813 1500 certare
842 1480 938 1505 mero,

984 1339 1049 1369 beri
1063 1340 1176 1376 studet,
1191 1336 1351 1381 tenditque
1361 1340 1487 1382 (omnes
1500 1338 1581 1372 vires
1594 1340 1755 1385 intendit).

985 1399 1029 1405 —
1043 1383 1208 1420 Iarbitam,
1223 1399 1267 1407 —
1285 1383 1358 1414 Vet.
1380 1384 1483 1415 Schol.
1511 1386 1626 1417 ,Facete
1649 1389 1755 1427 posuit

984 1426 1138 1456 Iarbitam
1164 1437 1222 1465 pro
1235 1439 1246 1457 .·
1283 1428 1456 1466 Maurum,
1479 1439 1555 1459 nam
1583 1435 1612 1460 et
1642 1431 1754 1463 Iarbas

983 1471 1118 1500 emulus
1131 1476 1198 1500 erae
1213 1472 1338 1502 AEneoe.
1381 1472 1448 1503 Hic
1469 1473 1589 1503 Iar-bita
1614 1474 1755 1506 Maurus

159 1517 271 1550 putere
299 1513 344 1548 d„
374 1511 415 1542 ad
444 1512 578 1543 eandem
620 1511 769 1543 orationis
804 1511 939 1542 formam
970 1512 1046 1554 suit
1064 1514 1191 1547 cordus.
1207 1515 1272 1556 qui,
1296 1516 1371 1545 dum
1394 1516 1596 1555 Timagenem
1611 1518 1755 1548 imitaba-

166 1554 359 1594 compositus
372 1561 419 1585 est
440 1555 624 1586 notissimus
645 1566 752 1586 versus
773 1557 808 1586 in
833 1555 935 1594 Epist.

164 1597 205 1627 ad
224 1597 288 1629 Pis.
303 1608 332 1628 v.
353 1597 428 1629 269.
454 1601 509 1631 Vos
523 1601 705 1640 exemplaria
725 1601 836 1631 Graeca
852 1601 939 1631 Noc-

167 1647 264 1672 turna
279 1648 398 1673 versate
411 1654 524 1679 manu,
542 1650 657 1674 versate
672 1645 798 1674 diurna.

210 1695 240 1715 v.
261 1683 399 1716 12-14.
430 1686 544 1722 Quid?
569 1688 679 1727 siquis
694 1693 766 1717 cett.
817 1685 941 1723 Quem-

164 1727 338 1759 admodum
362 1739 457 1760 nemo
485 1736 587 1769 poetae
615 1729 744 1760 laudem
774 1729 842 1760 solo
870 1729 937 1759 vini

121 1784 123 1787 ⁴
165 1777 254 1810 potu,
285 1772 329 1803 ita
357 1783 453 1804 nemo
477 1773 608 1805 catonis
637 1773 786 1804 virtutem
814 1773 936 1813 assequi

164 1822 268 1854 potest
287 1815 357 1848 solo
377 1816 420 1847 ad
449 1825 618 1847 externum
639 1817 708 1858 ejus
736 1816 880 1847 habitum
902 1827 935 1847 se

163 1859 375 1899 componendi
408 1860 522 1890 studio.
573 1860 635 1890 Sed
667 1859 763 1901 vulgo
792 1859 937 1890 homines

164 1903 241 1933 vitia
255 1903 371 1942 potius,
387 1913 459 1944 quae
473 1903 568 1934 alicui
584 1903 756 1940 adhaerent,
771 1913 866 1944 quam
890 1904 938 1942 ip-

164 1956 213 1975 sas
228 1945 358 1977 virtutes
373 1947 554 1984 imitantur3
637 1948 726 1978 vultu
741 1953 824 1978 torvo
826 1948 937 1989 ferus,

166 1989 238 2019 Vet.
261 1989 366 2020 Schol.
388 1990 484 2031 Cruq.
514 1993 599 2027 Cato,
622 1997 746 2022 senator
771 1994 939 2022 Romanus

164 2034 283 2075 (sermo
298 2041 344 2064 est
359 2033 399 2064 de
418 2034 540 2065 catone
558 2034 729 2074 Uticensi),
751 2041 787 2066 ut
809 2036 940 2066 severior

164 2084 334 2116 appareret.
352 2079 477 2108 intonsa
492 2079 584 2109 barba
607 2080 785 2119 capillisque
796 2080 940 2119 prodibat

163 2122 196 2150 in
215 2122 389 2160 publicum,
413 2123 552 2162 duroque
574 2124 779 2153 calceamento
805 2129 834 2154 et
858 2133 938 2162 saepe

165 2165 263 2200 nullo,
284 2171 417 2205 togaque
436 2167 557 2205 exigua.
609 2165 771 2196 Plutarch.
797 2165 831 2196 in
863 2165 939 2197 Vita

169 2207 239 2237 Cat.
250 2207 335 2238 Utic.
377 2209 571 2249 Exiguoeque
586 2215 666 2249 togae
679 2215 798 2245 textore,
815 2216 847 2240 et
861 2220 938 2240 usus

164 2252 291 2291 exiguae
306 2259 390 2292 togae
408 2259 538 2290 textore,
562 2253 593 2282 h.
612 2264 640 2283 e.
668 2252 800 2283 indutus
821 2253 938 2294 exigua

163 2301 249 2334 toga,
273 2305 330 2334 pro
351 2295 512 2335 simplice:
538 2297 573 2327 in
593 2302 664 2336 toga
678 2297 788 2336 exigua
799 2313 811 2333 ;
835 2303 939 2327 textor

163 2339 271 2376 panni,
281 2349 300 2368 e
314 2349 378 2380 quo
393 2338 511 2380 exigua
526 2339 681 2370 Catonem
697 2340 850 2370 simulans
863 2348 939 2381 toga

164 2381 309 2412 confecta
330 2389 385 2418 est,
405 2382 473 2424 jam
495 2383 592 2422 ipsius
608 2389 686 2422 togae
701 2385 820 2423 exigua»
841 2390 937 2415 textor

165 2432 303 2456 vocatur.
373 2425 569 2465 Comparant
596 2436 670 2456 cum
700 2427 761 2456 hoc
786 2427 938 2468 loquendi

162 2478 279 2508 genere
301 2478 396 2508 supra
421 2469 524 2508 Epist.
550 2469 576 2500 1.
601 2468 630 2500 1.
657 2467 709 2500 94.
758 2472 791 2501 Si
805 2478 935 2502 curatus

164 2514 314 2553 maequali
327 2518 448 2544 tonsore
462 2514 593 2553 capillus
604 2529 615 2549 ;
640 2513 696 2543 sed
718 2523 766 2543 res
780 2513 823 2544 ibi
838 2513 935 2553 paulo

162 2555 254 2586 aliter
274 2565 308 2586 se
328 2556 431 2592 habet,
455 2566 530 2586 nam
551 2555 680 2587 additur
701 2567 762 2587 vox
790 2564 932 2595 curatus,

163 2598 213 2628 vel
228 2605 371 2631 curtatus
381 2615 393 2637 ‚·
417 2605 557 2630 ceterum
580 2602 733 2640 exiguam,
749 2600 799 2630 vel
814 2607 935 2632 arctum

165 2642 215 2691 (in
234 2642 334 2682 Epist.
351 2643 482 2682 praeced.
501 2653 531 2673 v.
549 2642 621 2682 30.)
644 2649 749 2683 togam
771 2645 936 2684 gestabant

164 2685 198 2722 in,
213 2687 268 2726 qui
285 2696 360 2717 cum
382 2686 628 2727 elegantioribus
642 2693 746 2727 togam
760 2688 864 2718 laxam
879 2694 936 2718 aut

163 2736 287 2770 gestare
311 2729 471 2767 nolebant,
503 2736 539 2760 ut
570 2731 661 2768 Cato,
690 2729 808 2770 priscos
836 2740 939 2761 mores

165 2780 295 2807 sectans,
311 2780 368 2804 aut
383 2784 440 2814 pro
454 2784 488 2804 re
503 2773 590 2805 tenui
605 2784 670 2804 non
686 2779 838 2814 poterant.

209 2827 237 2846 v.
260 2815 311 2853 15,
330 2816 380 2848 16.
414 2819 592 2858 Timagenis
605 2819 728 2858 lingua,
743 2816 893 2847 facundia
906 2823 938 2848 et

983 1561 1047 1592 tur,
1074 1562 1144 1596 post
1165 1558 1337 1589 convivium
1357 1564 1387 1589 et
1409 1560 1491 1590 incer
1511 1562 1626 1599 pocula
1653 1562 1754 1592 decla-

982 1605 1134 1635 mantem,
1154 1607 1279 1640 propter
1300 1602 1494 1634 insolentiam
1495 1603 1656 1645 faciendi,
1671 1606 1755 1646 quod

984 1644 1164 1678 conabatur,
1175 1655 1268 1684 paene
1281 1646 1442 1686 dier-uptun
1462 1652 1514 1677 ese.
1612 1648 1755 1688 Timage-

984 1694 1050 1722 nes,
1078 1685 1325 1725 Alexandrinus,
1348 1689 1570 1720 celeberrimus
1590 1689 1719 1729 Rham,
1734 1702 1755 1723 a

984 1728 1124 1760 Gabinio
1156 1730 1294 1761 Romam
1314 1731 1479 1769 abductus,
1509 1733 1553 1763 ibi
1581 1743 1682 1774 usque
1708 1735 1753 1766 ad

982 1773 1125 1814 Augusti
1147 1778 1289 1813 tempora
1302 1775 1488 1806 rhetorioem
1510 1775 1654 1808 docuisse
1674 1777 1756 1809 dici·

978 1822 1041 1847 tur.
1133 1818 1246 1857 Rupit,
1277 1824 1391 1861 notum
1418 1826 1467 1851 est
1493 1818 1574 1851 illud
1602 1820 1751 1862 Virgilii:

978 1865 1173 1900 rumpantur
1186 1867 1224 1892 ut
1239 1862 1292 1892 ilia
1311 1863 1418 1894 Codro.
1506 1866 1658 1900 urbanus,
1673 1865 1755 1896 Cor-

981 1902 1042 1933 dus
1074 1909 1140 1934 erat
1170 1904 1318 1942 Maurus,
1352 1905 1535 1938 Romanam
1563 1907 1753 1948 elegantiam

981 1946 1131 1977 orationis
1152 1953 1217 1978 tam
1240 1955 1414 1988 venustate,
1437 1960 1534 1991 quam
1564 1953 1754 1991 pronuncia-

982 1996 1069 2021 tione
1082 1990 1272 2022 imitaturus.

1026 2044 1055 2064 v.
1085 2032 1135 2072 17,
1162 2033 1212 2065 18.
1237 2037 1394 2078 eoeemplar
1417 2038 1497 2068 vitiis
1518 2039 1672 2075 imitabile,
1699 2047 1755 2069 ex.

983 2077 1138 2118 emplum,
1167 2078 1220 2109 cui
1249 2080 1411 2112 adhaerent
1435 2080 1521 2118 vitia,
1553 2092 1627 2123 quae
1655 2081 1752 2113 simul

982 2121 1096 2162 aliquis
1117 2121 1233 2153 imitari
1254 2123 1362 2163 possit,
1377 2123 1471 2165 facile
1484 2123 1601 2164 decipit
1613 2124 1752 2157 imitato-

982 2175 1042 2202 res,
1066 2166 1169 2209 magis
1189 2165 1231 2197 ad
1252 2167 1410 2204 vitiorum,
1433 2177 1529 2210 quam
1559 2168 1601 2199 ad
1629 2168 1752 2203 virtutis

981 2207 1192 2239 imitationem
1221 2220 1402 2250 propensos-
1504 2212 1653 2250 biberem,
1679 2212 1747 2243 scil.

981 2252 1175 2291 imitatores3
1270 2256 1435 2286 cuminum
1463 2265 1628 2295 exsangue,
1665 2255 1752 2296 quod

982 2295 1138 2336 sanguine
1157 2306 1298 2336 represso
1315 2297 1468 2337 pallorem
1488 2297 1630 2337 inducit3
1658 2297 1749 2332 Pers..

984 2339 1027 2370 V.
1044 2338 1098 2369 55.
1184 2341 1329 2380 pallentis
1353 2353 1456 2382 grana
1484 2343 1613 2376 cumini.
1641 2341 1682 2372 de
1708 2343 1751 2381 vi,

980 2393 1076 2425 quam
1090 2382 1133 2422 jn
1154 2384 1217 2414 oris
1238 2384 1375 2415 colorem
1390 2386 1556 2416 cuminum
1568 2385 1685 2416 habere
1699 2385 1749 2417 di-

980 2428 1072 2463 citur,
1087 2426 1149 2457 vid.
1170 2426 1347 2458 DioscorId.
1366 2426 1438 2459 111.
1457 2426 1509 2459 68.

1021 2480 1049 2500 v.
1068 2468 1119 2500 19.
1143 2477 1179 2502 ut
1194 2481 1284 2511 soepe,
1299 2481 1395 2511 quam
1410 2481 1503 2513 saepe.
1549 2507 1552 2510 ⁴

1021 2524 1051 2544 v.
1068 2512 1120 2544 20.
1145 2516 1312 2551 tumultus,
1327 2525 1393 2544 una
1406 2524 1483 2545 voce
1495 2514 1622 2557 egregie
1644 2516 1750 2555 expri-

977 2557 1077 2588 mitur
1091 2556 1220 2594 vanitas,
1234 2567 1298 2598 qua
1313 2557 1399 2588 stulti
1413 2557 1585 2590 imitatores
1598 2569 1665 2591 non
1679 2561 1749 2592 sine

979 2610 1097 2641 magno
1111 2600 1242 2640 strepitu
1257 2600 1363 2632 studia
1376 2611 1433 2632 sua
1442 2601 1574 2643 jactant,
1597 2609 1638 2637 et,
1663 2603 1750 2644 quod

978 2644 1012 2674 in
1027 2643 1188 2684 proverbio
1202 2643 1327 2682 dicitur,
1343 2644 1458 2675 fluctus
1479 2646 1514 2676 in
1534 2646 1672 2686 simpulo
1692 2657 1750 2679 ex»-

978 2687 1085 2718 citant.
1654 2714 1657 2715 ν

1025 2741 1054 2761 v.
1073 2728 1126 2761 21.
1150 2731 1266 2762 Libera
1287 2732 1411 2770 vestigia
1425 2740 1630 2773 opponuntur
1643 2743 1748 2765 servo.

981 2784 1063 2811 rum,
1077 2773 1280 2810 imitatorum,
1296 2775 1443 2816 vestigiis.
1530 2787 1590 2817 per
1603 2788 1748 2814 vacuum,

980 2827 1037 2856 per
1066 2827 1202 2857 cmpos,
1234 2817 1354 2848 nullius
1383 2819 1487 2850 adhuc
1516 2819 1597 2859 pede
1625 2828 1744 2859 tactos;

165 2869 223 2895 arS,
246 2863 375 2897 centula,
392 2861 628 2892 aemulationem
657 2862 807 2896 excitans,
836 2863 935 2901 Rupit
974 2872 1035 2900 per
1050 2863 1117 2892 avia
1133 2862 1298 2892 Pieridum
1313 2863 1387 2899 loca,
1405 2864 1457 2905 (ut
1470 2863 1611 2904 loquitur
1625 2864 1751 2901 Lucre.

165 2903 328 2940 Iarbitam,
341 2903 426 2941 fecit,
442 2911 478 2936 ut
495 2905 620 2936 Iarbitae
635 2903 689 2936 ilia
703 2911 934 2943 rumperentur,

165 2947 253 2976 Dum
271 2947 325 2977 ille
340 2949 482 2980 urbanus
501 2948 660 2992 (elegans)
676 2955 704 2980 et
724 2949 857 2981 disertus
878 2950 934 2979 Ιια-

978 2903 1042 2934 tius
1058 2904 1122 2935 IV.
1139 2902 1189 2944 L)
1217 2907 1338 2936 nullius
1359 2913 1434 2937 ante
1462 2909 1538 2938 trica
1565 2909 1649 2945 3010,-
1671 2908 1747 2939 hinc

982 2947 1136 2980 Horatius
1153 2958 1248 2988 supra
1272 2948 1354 2991 (od.
1376 2949 1447 2983 111.
1465 2949 1518 2982 30.
1541 2949 1610 2992 13.)
1627 2951 1666 2983 de
1687 2961 1742 2985 se:

1585 3107 1604 3127 0
