1904 3250
229 173 316 213 554

869 169 1180 214 HORATII

404 298 494 339 Aut
513 297 667 339 famam
688 310 876 351 sequere,
900 303 973 337 aut
993 295 1074 337 sibi
1093 298 1383 341 convenientia
1402 300 1530 357 finge,

234 371 314 409 120
348 370 550 424 Scriptor.

615 366 885 407 Honoratum
907 366 942 407 si
962 364 1070 407 forte
1091 368 1261 422 reponis
1282 367 1517 419 Achillem3

346 441 547 497 Impiger,
569 437 811 488 iracundus,
833 432 1118 489 inexorabilis,
1141 454 1249 490 acer,

345 511 450 553 Jura
470 517 596 566 neget
616 508 696 550 sibi
715 516 827 559 nata,
849 507 956 549 nihil
975 524 1062 551 non
1083 518 1253 568 arroget
1272 512 1421 554 armis:

348 584 411 626 Sit
433 581 593 623 Medea
612 581 734 623 ferox
754 582 1006 639 invictaque,
1028 582 1179 625 flebilis
1201 583 1295 635 Ino,

348 651 544 693 Perfidus
567 650 706 702 Ixion,
730 650 780 692 Io
801 666 922 708 vaga,
943 651 1074 693 tristis
1092 651 1279 694 Orestes.

233 724 312 762 125
347 721 392 762 Si
414 720 517 777 quid
537 720 808 776 inexpertum
829 735 966 762 scenae
988 722 1227 773 committis,
1250 730 1293 764 et
1312 722 1443 764 audes

347 789 579 832 Personam
599 789 783 831 formare
803 804 957 839 novam
970 806 980 831 ε

1014 798 1202 832 servetur
1223 791 1278 833 ad
1298 792 1442 843 imum,

346 862 497 912 Qualis
517 863 572 904 ab
591 863 761 918 incepto
782 864 1046 919 processerit,
1069 871 1112 906 et
1132 864 1211 906 sibi
1232 874 1407 907 constet.

344 936 530 979 Difficile
551 945 627 988 est,
649 937 822 993 proprie
843 939 1084 980 communia
1103 939 1258 991 dicere,
1281 948 1411 997 tuque

347 1006 520 1048 Rectius
543 1005 720 1047 Iliacum
741 1021 912 1048 carmen
932 1007 1098 1050 diducis
1118 1009 1162 1050 in
1183 1017 1315 1060 actus,

232 1080 312 1119 130
345 1076 488 1126 Quam
509 1077 543 1118 si
563 1076 775 1133 proferres
796 1077 941 1135 ignota
959 1078 1200 1135 indictaque
1220 1079 1396 1135 primus.

346 1146 525 1189 Publica
543 1146 738 1188 materies
759 1147 913 1203 privati
925 1148 1034 1204 juris
1056 1149 1149 1199 erit,
1172 1149 1207 1190 si

227 1290 308 1321 fictae
322 1296 467 1321 naturam
483 1291 523 1321 ab
536 1289 628 1321 initio
642 1299 743 1330 usque
758 1288 799 1320 ad
821 1289 917 1320 finem
933 1290 993 1321 sci-

223 1334 343 1365 tissime
367 1332 605 1365 accommodare
633 1333 736 1364 debet.
785 1332 890 1371 Idem,
919 1344 994 1365 curn

224 1377 353 1408 difficile
367 1377 418 1415 sit,
434 1383 565 1408 tractare
579 1376 668 1413 velle,
685 1387 757 1417 quae
768 1387 786 1407 a
798 1377 925 1408 nemine
939 1377 994 1408 ad-

223 1422 287 1452 huc
302 1427 434 1453 tractata
447 1427 532 1457 sunt,
555 1420 719 1451 materiam
740 1420 893 1451 scribendi
908 1427 995 1460 petat

223 1465 324 1502 abiis,
348 1465 404 1506 qui
425 1464 522 1495 divini
544 1463 665 1506 ingenii
690 1463 863 1503 specimina
887 1463 994 1494 edide-

222 1515 309 1546 runt,
333 1515 365 1539 et
385 1507 536 1539 doctrinae
560 1507 666 1547 copias
690 1506 818 1546 publice
839 1517 994 1547 exposue-

223 1558 309 1590 runt,
335 1552 379 1583 ita
403 1558 520 1588 tamen,
547 1557 585 1581 ut
610 1560 713 1591 neque
736 1551 836 1582 verbis
857 1550 994 1581 nimium

223 1596 393 1633 inhaereat;
426 1605 530 1635 neque
558 1594 710 1625 serviliter
731 1593 804 1625 illos
831 1594 972 1624 imitetur
980 1606 991 1633 ;

222 1649 326 1681 neque
341 1648 398 1678 pro
411 1638 547 1680 magnis,
566 1648 638 1679 quae
649 1637 862 1679 jactabundus
876 1637 994 1677 promi-

221 1683 272 1720 sit,
288 1681 403 1723 pusilla
417 1682 490 1713 edat
501 1694 511 1720 ;
536 1691 639 1722 neque
660 1681 817 1723 fulgentia
838 1682 991 1718 obscuret,

221 1726 276 1757 sed
302 1727 435 1757 obseura
458 1725 612 1763 illustret3
647 1735 752 1765 neque
774 1734 843 1755 rem
866 1725 906 1755 ab
930 1724 994 1755 alta

221 1769 344 1811 origine
369 1775 499 1810 repetat,
522 1768 578 1799 sed
599 1767 776 1799 auditorem
799 1767 833 1798 in
854 1767 994 1798 mediam

221 1823 289 1844 rem
311 1813 413 1853 rapiat
436 1819 468 1843 et
489 1811 530 1843 ad
547 1818 696 1842 eventum
718 1811 865 1848 festinet;
889 1821 993 1852 neque

219 1857 401 1898 quicquam,
415 1856 469 1886 cui
484 1855 587 1895 impar
600 1855 650 1890 sit,
667 1854 854 1885 moliaturffl

263 1911 292 1930 v.
322 1898 394 1930 ll9.
410 1901 552 1942 samam,
578 1908 651 1939 quae
676 1897 788 1929 litteris
808 1897 993 1939 consignata

221 1943 401 1975 tizaduntur

263 1998 291 2018 v.
315 1986 387 2017 120.
408 1988 620 2021 Honoratum,
636 1986 677 2016 ab
694 1984 841 2015 Homero
854 1984 992 2015 celebra-

220 2038 290 2062 tum
316 2029 477 2068 carmine3
501 2039 557 2069 per
581 2030 730 2062 λιτότητι
755 2038 832 2068 pro:
866 2029 995 2059 heroem

220 2075 400 2112 celebrare;
419 2074 487 2105 Cic.
505 2072 547 2103 de
563 2070 995 2113 Divinat.c.40.Ampl1ia-

220 2130 316 2150 raum
325 2120 368 2150 sic
377 2098 638 2158 lionoravitfama
654 2116 793 2153 Groeciae,
804 2117 881 2147 deus
892 2122 926 2147 ut
939 2117 995 2146 ka·

221 2164 354 2193 beretur.
443 2162 574 2207 reponis
591 2170 760 2199 -ponere
784 2158 930 2201 (ἱστάναι)
955 2158 996 2189 de

221 2205 395 2245 pictoribus
409 2214 485 2245 pro.
503 2201 696 2240 describere,
712 2202 911 2239 adumbrare,
928 2203 992 2233 vid.

221 2259 316 2288 supra
330 2248 371 2279 ad
389 2248 454 2279 od.
475 2247 537 2279 IV.
557 2246 587 2277 8.
603 2245 635 2276 8.
654 2257 800 2286 reponere
813 2246 913 2287 igitur
926 2256 996 2286 pro:

221 2293 262 2324 de
275 2292 400 2332 integro
415 2297 487 2331 post
503 2290 685 2321 Homerum
701 2289 884 2320 describere.

264 2347 294 2366 v.
317 2334 389 2366 121.
420 2336 562 2376 Impiger
589 2332 758 2375 (ἅκαμας),
783 2343 826 2364 sc.
845 2333 894 2370 sit,
911 2334 996 2374 quod

221 2391 249 2410 v.
283 2378 357 2411 123.
383 2379 536 2420 sequitur.
584 2377 636 2407 Sic
662 2387 757 2416 supra
786 2376 849 2408 Od.
877 2376 941 2406 IV.
960 2377 991 2408 8.

221 2423 275 2454 30.
308 2425 464 2455 Hercules
478 2422 616 2462 impiger,
634 2426 666 2449 et
685 2421 827 2451 Tiberius
845 2419 908 2451 od.
928 2420 991 2452 IV.

225 2466 275 2497 14.
293 2466 347 2497 22.
367 2467 497 2506 impiger
513 2466 663 2496 Hostium
678 2475 785 2494 verare
799 2470 933 2495 turmas.
951 2482 995 2489 —

222 2512 397 2543 iracundus
424 2507 607 2551 (ὀξύχολος),
631 2513 745 2537 natura
766 2507 807 2537 ad
830 2507 907 2537 iram
923 2518 995 2547 pro-

221 2555 320 2592 clivis,
336 2552 504 2583 irritabilis.
595 2552 796 2586 inexorabilis,
821 2550 865 2580 sic
883 2551 994 2581 Achil-

222 2599 268 2629 les
294 2607 390 2638 supra
418 2595 482 2627 Od.
513 2595 542 2625 1.
571 2593 603 2624 6.
629 2593 660 2624 6.
681 2596 785 2625 cedere
806 2595 940 2631 nescius,
963 2601 996 2626 et

224 2641 331 2682 Epod.
361 2639 412 2671 17,
446 2637 495 2670 14.
523 2639 675 2678 pervicax.
767 2647 848 2673 acer,
879 2637 994 2677 gravis,

222 2686 403 2723 vehemens,
419 2683 537 2714 minax.
565 2681 664 2712 Hom.
685 2679 726 2710 11.
748 2680 831 2710 XX.
850 2679 926 2711 461.
953 2683 995 2712 οὗ

221 2731 285 2784 :yda
308 2743 336 2760 -rt
360 2727 558 2783 γλυκύθυμος
582 2725 650 2767 ἄνηρ
675 2723 718 2760 ἦν,
744 2722 798 2754 οὐδ’
815 2724 993 2768 ἀγανοφρωγ,

221 2774 327 2804 Ἀλλὰ
342 2771 420 2811 μάλ’
437 2768 604 2811 {putamus-

288 2814 391 2846 ,122
420 2816 504 2847 Jura
529 2823 598 2853 neg.
616 2822 641 2843 s.
659 2817 747 2847 nata,
770 2810 852 2842 nulli
873 2810 939 2852 juri
961 2821 994 2843 se

225 2859 400 2890 obnoxium
414 2857 607 2898 profiteatur.

288 2901 390 2934 ·l23.
411 2904 454 2934 Sit
471 2902 584 2932 Medea
588 2899 683 2942 ferox
696 2899 880 2938 invictaque,
903 2898 994 2940 cujus

224 2945 312 2977 ferox
328 2953 360 2978 et
374 2945 504 2977 immitis
525 2943 659 2979 animus,
683 2951 758 2974 cum
779 2941 906 2973 fratrem
925 2944 992 2974 Ab·

1038 1296 1158 1331 syrtum
1185 1290 1383 1330 discerperet,
1409 1296 1442 1322 et
1470 1291 1599 1324 Jasonis
1621 1291 1752 1332 perfidia
1772 1293 1805 1324 in

1037 1334 1175 1365 furorem
1191 1341 1261 1366 acta
1274 1334 1356 1366 filios
1369 1345 1444 1365 suos
1458 1335 1636 1372 trucidaret,
1649 1346 1712 1367 non
1725 1337 1807 1369 vinci

1038 1383 1070 1408 et
1079 1377 1184 1419 frangi
1198 1384 1320 1419 poterat
1334 1378 1463 1409 nefandi
1478 1379 1600 1410 sceleris
1610 1379 1808 1421 cogitatione.

1037 1423 1169 1457 —Ino‚
1205 1421 1317 1452 Cadmi
1346 1429 1379 1452 et
1408 1422 1604 1453 Hermiones
1631 1422 1706 1460 filia,
1732 1434 1806 1454 cum

1037 1464 1187 1495 maritum
1202 1475 1309 1502 suum,
1329 1465 1566 1504 Athamantem,
1581 1466 1806 1498 Thebanorum

1037 1517 1156 1549 regem,
1171 1508 1237 1549 qui,
1254 1509 1360 1539 furore
1373 1515 1545 1548 correptus,
1566 1509 1659 1540 uxon'
1672 1516 1807 1542 mortem

1036 1550 1221 1589 intentabat,
1238 1562 1303 1582 non
1317 1551 1454 1591 amplius
1465 1552 1606 1594 effugere
1616 1560 1729 1592 posset,
1741 1564 1807 1585 una

1037 1605 1112 1625 cum
1138 1594 1205 1625 filio
1228 1605 1287 1626 suo
1314 1594 1478 1626 Melicerte
1499 1606 1534 1626 se
1555 1596 1590 1626 in
1611 1606 1698 1627 mare
1719 1597 1807 1628 dedit

1036 1638 1240 1679 praecipitem,
1267 1638 1323 1670 ubi
1344 1645 1468 1670 mutata
1488 1645 1536 1670 est
1556 1639 1591 1669 in
1605 1639 1696 1671 deam
1711 1641 1806 1671 mari-

1036 1691 1122 1718 nam,
1148 1682 1200 1712 cui
1221 1692 1340 1713 nomen
1353 1689 1420 1713 erat
1440 1684 1629 1721 Leucothea,
1652 1683 1701 1714 nti
1723 1683 1808 1716 filius

1038 1724 1221 1756 Melicertes
1234 1726 1295 1756 sub
1308 1725 1437 1756 nomine
1449 1727 1614 1758 Palaemon
1627 1725 1678 1757 dei
1694 1728 1807 1759 marini

1036 1768 1188 1799 honorem
1212 1769 1341 1808 accepit.
1390 1769 1432 1799 ln
1454 1769 1564 1800 sabula
1583 1771 1670 1802 Inus
1689 1771 1807 1802 mirum

1036 1811 1071 1841 in
1085 1811 1218 1842 modum
1240 1813 1361 1843 variant
1380 1819 1414 1843 et
1431 1811 1609 1853 discrepant
1629 1813 1802 1863 scriptores,

1037 1857 1212 1898 —flebilis,
1227 1862 1284 1887 aut
1297 1855 1427 1895 passive,
1449 1855 1548 1898 digna
1561 1857 1761 1888 miseratione
1774 1865 1808 1889 et

1037 1897 1172 1936 fletibus,
1187 1909 1282 1939 supra
1299 1897 1483 1930 0d.1.24·.
1502 1898 1807 1938 9‚10.Muleisiue

1037 1943 1122 1973 bonis
1137 1943 1258 1984 flebilis
1283 1944 1402 1979 occidit,
1427 1945 1523 1975 Nulli
1539 1945 1688 1986 flebilior,
1709 1956 1807 1986 quam

1036 1987 1100 2023 tibi,
1124 1987 1241 2026 Vir-gili.
1320 1987 1440 2029 flebilis
1455 1988 1584 2025 Hector,
1610 1986 1705 2019 Ovid.
1726 1988 1802 2019 Am.

1041 2028 1091 2060 11.
1114 2027 1142 2059 l.
1160 2028 1213 2060 32.
1233 2035 1289 2060 aut
1301 2030 1418 2061 active:
1444 2040 1517 2071 quae
1537 2031 1578 2061 de
1599 2031 1712 2062 misera
1725 2037 1808 2062 sorte

1039 2072 1185 2103 lacrimas
1206 2073 1372 2111 fundebat,
1388 2084 1407 2104 a
1421 2073 1536 2105 marito
1557 2073 1677 2139 scilieet
1688 2084 1724 2106 se
1738 2081 1808 2115 per-

1038 2123 1189 2157 sequente
1202 2127 1316 2157 pressa.

1082 2170 1111 2190 v.
1133 2158 1206 2190 124
1220 2162 1321 2198 Jrcon,
1334 2169 1390 2190 rex
1407 2159 1590 2196 ssessaliae,
1650 2163 1807 2204 Perfidus,

1040 2204 1081 2234 ob
1095 2202 1252 2235 incestum
1273 2214 1349 2245 erga
1363 2204 1386 2236 J
1388 2213 1528 2234 unonem
1542 2213 1693 2242 amorem,
1709 2215 1806 2245 quem

1041 2246 1132 2278 Jovis
1157 2247 1287 2278 conviva
1312 2246 1392 2278 adeo
1414 2247 1566 2278 exsatiare
1591 2247 1745 2296 cupiebat.
1762 2266 1807 2275 —

1041 2292 1089 2327 Ιο,
1119 2290 1231 2322 Inachi
1255 2290 1329 2326 filia,
1356 2300 1430 2322 cum
1456 2301 1475 2321 a
1497 2290 1580 2322 Jove
1603 2291 1645 2321 ob
1667 2290 1747 2322 iram
1773 2300 1806 2323 et

1039 2333 1161 2372 odium,
1187 2344 1251 2375 quo
1274 2334 1364 2366 Juno
1386 2343 1458 2364 eam
1483 2340 1520 2364 ut
1543 2334 1634 2366 Jovis
1659 2334 1805 2374 pellicem

1039 2379 1170 2408 vexabat
1185 2385 1217 2409 et
1230 2379 1293 2408 huc
1314 2377 1392 2408 illuc
1412 2376 1559 2418 agitabat,
1581 2383 1704 2408 mutata
1725 2385 1806 2410 esset

1039 2419 1072 2451 in
1088 2431 1224 2458 vaccam,
1237 2427 1306 2460 post
1314 2420 1433 2452 multos
1445 2430 1564 2451 errores
1577 2420 1609 2450 in
1625 2421 1804 2462 AEgyptum

1038 2463 1167 2501 venisse,
1187 2464 1306 2495 Osiridi
1320 2465 1363 2495 ibi
1378 2463 1528 2503 nupsisse,
1540 2469 1572 2495 et
1585 2472 1655 2503 post
1670 2472 1804 2496 mortem

1038 2509 1101 2539 Isis
1113 2507 1196 2539 facta
1211 2518 1277 2538 esse
1291 2508 1325 2538 in
1339 2506 1455 2538 sabulis
1475 2507 1609 2538 traditur
1618 2519 1628 2546 ;
1654 2508 1728 2539 hinc
1749 2509 1806 2540 illa

1037 2562 1123 2591 vaga.
1213 2553 1291 2582 tm'st.
1312 2553 1379 2588 Or„
1399 2550 1535 2586 Orestes,
1554 2551 1806 2592 Agamemnonis

1037 2600 1070 2625 et
1095 2593 1349 2635 Clytaemestrae,
1366 2593 1461 2631 filius,
1487 2604 1583 2635 quem
1607 2596 1716 2626 matris
1729 2606 1803 2627 sm-

1036 2636 1136 2688 gnine
1165 2637 1322 2677 pollutum
1354 2636 1460 2668 Furiae
1487 2637 1619 2679 agitasse
1641 2638 1803 2677 dicuntur,

1037 2681 1116 2711 tristi
1131 2687 1163 2712 et
1176 2680 1352 2711 miseranda
1371 2680 1506 2711 furentis
1525 2681 1628 2721 specie
1642 2682 1674 2712 in
1690 2688 1804 2724 tragoe-

1038 2723 1098 2755 diis
1114 2725 1243 2767 (Eurip.
1262 2724 1382 2762 Orest.,
1401 2724 1546 2764 Sophocl.
1566 2725 1687 2757 Electr.
1693 2726 1705 2766 )
1721 2727 1804 2757 sisti-

1038 2774 1100 2799 tur.

1082 2822 1110 2842 v.
1137 2809 1209 2847 128,
1242 2809 1314 2842 129.
1341 2813 1529 2849 communia,
1559 2822 1631 2853 quae
1657 2791 1801 2844 nondum

1037 2861 1164 2886 tractata
1174 2854 1344 2896 unicuique
1355 2855 1515 2886 tractanda
1528 2866 1561 2886 se
1572 2855 1718 2891 offerunt,
1731 2867 1803 2897 quoe

1038 2905 1186 2940 tanquam
1201 2897 1234 2928 in
1256 2898 1326 2930 loco
1347 2899 1509 2930 communi
1530 2900 1634 2939 palam
1647 2899 1804 2939 proposita

1038 2953 1057 2974 a
1071 2941 1210 2984 quolibet
1225 2952 1281 2982 pto
1296 2941 1398 2975 lubitu
1420 2943 1487 2984 capi
1504 2943 1570 2975 tolli
1593 2951 1722 2984 posunt
1731 2955 1742 2982 ;
1758 2960 1802 2968 —
