1904 3250
194 174 278 213 226

820 171 1126 216 HORATII
1149 187 1159 209 ἑ

1563 180 1673 229 [Lm.
1696 191 1751 219 w.

313 298 397 341 Sed
417 313 502 340 non
522 298 614 340 haec
635 298 737 340 mihi
757 299 842 340 vis:
874 313 952 340 nec
971 298 1047 339 tibi
1066 298 1211 340 talium

229 371 279 410 10
313 368 399 411 Res
419 377 482 410 est
502 378 573 411 aut
593 369 754 410 animus
775 367 1020 409 deliciarum
1039 382 1179 425 egens.

311 442 483 485 Gaudes
504 441 755 484 carminibus
767 457 778 490 ;
810 441 994 483 carmina
1013 455 1234 496 possumus

308 511 496 562 Donate,
519 519 560 552 et
578 511 761 567 pretium
782 510 921 552 dicere
941 511 1118 553 muneri.

309 583 407 626 Non
426 584 556 625 incisa
575 583 685 624 notis
705 598 916 625 marmora
934 583 1126 640 publicis,

311 654 415 710 (Per
434 669 529 710 quae
550 654 720 710 spiritus
741 662 783 695 et
802 654 887 695 vita
907 653 1016 695 redit
1035 654 1157 695 bonis

226 727 273 765 15
308 724 410 765 Post
428 731 607 765 mortem
627 723 804 765 ducibus
818 723 849 776 3)
874 739 960 779 non
981 723 1137 766 celeres
1158 723 1269 781 fugae

308 796 575 854 Rejectaeque
595 804 826 838 retrorsum
849 796 1257 847 Hannibalisminae,
1280 794 1282 798 ’

308 866 407 908 Non
427 867 634 923 stipendia
656 867 922 925 Carthaginis
942 867 1083 923 inpiae,

308 939 424 995 Ejus,
447 940 520 996 qui
539 939 698 982 domita
716 955 872 983 nomen
892 940 946 982 ab
968 939 1114 982 Africa

191 1060 403 1100 Metamorph.
423 1060 468 1090 X.
486 1058 560 1091 516.
578 1067 610 1092 et
629 1060 711 1092 infra
728 1061 808 1092 Arte
826 1060 954 1092 Poetica

235 1159 263 1179 v.
283 1145 399 1178 9-12.
418 1149 477 1179 Sed
491 1159 557 1180 non
567 1149 632 1180 haec
641 1150 718 1180 mihi
728 1150 782 1185 vis,
791 1148 846 1179 sed
853 1158 955 1200 penes

190 1202 243 1222 me
256 1190 409 1233 ejusmodi
423 1192 578 1222 rariorum
592 1191 666 1222 artis
680 1202 811 1232 operum
826 1202 891 1222 non
909 1198 955 1223 est

191 1235 290 1275 copia,
316 1234 398 1266 sive:
428 1240 460 1265 at
482 1245 543 1276 ego
567 1234 602 1264 in
626 1246 757 1266 censum
780 1235 952 1276 beatiorum

191 1279 330 1316 illorum,
345 1277 400 1319 qui
414 1277 469 1309 illa
481 1277 650 1318 possident,
674 1289 739 1310 non
762 1280 873 1317 ven503
896 1290 954 1311 nec

190 1334 239 1354 res
254 1324 307 1354 tibi
319 1328 364 1354 est
377 1332 466 1362 egens
480 1324 589 1354 talium
603 1319 796 1359 deliciarum3
817 1333 876 1354 nec
898 1332 954 1362 pro

190 1366 337 1402 beatiore,
352 1375 414 1406 qua
427 1365 555 1407 gaudes,
565 1376 670 1396 rerum
682 1366 861 1397 conditione
870 1376 956 1396 cares

191 1409 345 1451 ejusmodi
360 1408 495 1448 deliciis;
518 1416 574 1440 aut
589 1412 717 1441 animus
729 1422 775 1451 eg.
794 1412 848 1441 tal.
864 1411 950 1441 delio.

191 1464 251 1485 nec
265 1458 412 1493 appetens
433 1452 633 1494 es'ejusmodi
655 1453 856 1491 deliciarum3
882 1454 961 1484 deli-

192 1499 256 1534 σία,
272 1497 313 1528 de
334 1497 427 1527 rebus
447 1496 589 1536 pretiosis
613 1503 645 1527 et
665 1497 751 1535 raris,
772 1498 806 1527 in
820 1506 955 1538 quarum

191 1540 383 1582 possessione
407 1539 539 1571 mirifice
561 1540 674 1581 aliquis
700 1540 759 1571 sibi
782 1540 893 1580 placet.
911 1558 956 1566 —

191 1587 307 1625 gaudes
321 1585 524 1620 carminibus,
539 1583 581 1614 ad
594 1583 691 1614 animi
705 1584 754 1615 tui
767 1583 893 1615 delicias
906 1594 954 1615 re-

190 1628 255 1659 fers
269 1627 372 1668 potius
385 1627 534 1658 earmina.
619 1629 753 1668 pretium
773 1629 870 1659 dicere
884 1639 954 1659 mu-

192 1673 273 1708 neri,
289 1671 421 1706 muneri,
433 1680 548 1710 nempe
562 1671 702 1708 carmini,
714 1671 861 1711 pretium,
871 1671 956 1712 quod

124 1739 127 1742 ⁴
192 1716 315 1752 habeat,
331 1714 530 1751 constituere,
551 1715 582 1745 h.
593 1715 631 1745 'e.
649 1725 785 1752 carmen,
800 1715 887 1756 quod
901 1714 957 1746 tibi

192 1759 295 1796 mitto,
318 1757 358 1789 de
373 1757 472 1798 pretio
486 1768 544 1789 suo
565 1758 796 1790 commendare.
845 1759 956 1794 Quan-

191 1809 262 1833 tum
278 1801 368 1842 pretii
379 1807 483 1832 autem
493 1801 696 1833 tribuendum
707 1801 747 1833 sit
755 1802 955 1840 carminibus,

191 1844 556 1920 ωἳῗεῖἓὶιὲέᾱεὸοειίἒῗιζ
569 1894 602 1920 et
615 1899 733 1920 nexus:
759 1889 958 1921 Carminibus

193 1933 311 1964 scilicet
325 1938 442 1963 aeterna
461 1942 651 1975 magnorum
677 1933 815 1964 virorum
834 1922 958 1964 virtuti-

193 1978 255 2009 bus
268 1975 353 2016 apud
373 1982 514 2015 posteros
533 1982 661 2017 paratur
680 1976 789 2018 gloria.
839 1976 957 2016 Scipio-

193 2020 244 2051 nis
258 2019 344 2051 enim
358 2019 491 2061 gloriam
507 2030 571 2051 non
585 2019 677 2062 signa
689 2030 872 2064 marmoreo,
888 2019 958 2062 qui-

194 2065 255 2095 bus
278 2073 383 2094 rerum
408 2064 447 2093 ab
468 2073 507 2094 eo
531 2070 690 2105 gestarum
714 2074 838 2095 summa
862 2063 959 2095 incisa

194 2113 252 2145 est,
269 2107 400 2149 (quippe
414 2117 486 2148 quae
499 2115 661 2139 externam
682 2114 806 2138 tantum
827 2106 959 2138 defunc-

194 2157 300 2182 torum
316 2152 434 2181 ducum
449 2151 582 2191 speciem
596 2151 751 2191 referunt)
768 2161 830 2181 non
846 2151 962 2182 incisus

195 2194 324 2226 titulus:
352 2198 374 2213 “
390 2194 607 2225 Hannibalem
631 2205 687 2234 per
711 2195 889 2235 Scipionem
909 2204 960 2225 ce-

196 2237 322 2269 lerrime
337 2247 375 2268 ex
392 2237 486 2268 Italia
498 2238 610 2278 fugere
623 2245 766 2269 coactum
782 2238 881 2275 εει-»οβ’
893 2247 959 2269 non

197 2281 295 2313 incisa
314 2281 399 2312 laus:
431 2285 453 2301 ‘⁴
473 2281 628 2312 Perfidam
657 2282 881 2324 Carthaginem
905 2291 961 2321 per

200 2324 379 2365 Scipionem
394 2325 546 2355 Romanis
557 2325 739 2367 vectigalem
751 2333 783 2356 et
793 2325 960 2365 stipendia-

197 2368 277 2400 riam
289 2368 403 2399 factam
419 2369 519 2406 esse,’'
535 2370 645 2411 magis,
668 2380 762 2410 quam
781 2369 881 2401 Ennii
893 2379 962 2400 car-

198 2412 286 2444 mina
297 2411 473 2443 celebrant!
562 2415 659 2444 incisa
674 2415 763 2449 notis,
779 2423 837 2453 pro
849 2412 961 2454 vulga-

199 2456 245 2488 ri:
269 2455 385 2498 quibus
398 2461 491 2493 notae‚
508 2456 554 2497 (h.
573 2467 599 2486 e.
620 2456 730 2496 tituli‚)
745 2457 851 2487 incisae
873 2462 956 2487 sunt.

203 2499 259 2531 Ad
283 2499 414 2530 eandem
438 2499 588 2540 loquendi
609 2499 742 2530 formam
767 2499 878 2531 Livius
893 2500 957 2530 Vl.

199 2543 252 2574 29.
266 2544 401 2575 tabulam
409 2544 518 2574 litteris
530 2544 660 2574 incisam
669 2543 758 2575 dixit.
819 2545 960 2585 publicis,

199 2587 282 2619 refer
303 2587 345 2617 ad
368 2593 486 2618 statuas
510 2586 643 2626 publice,
668 2588 699 2617 h.
724 2598 750 2618 e.
776 2586 810 2617 in
835 2588 962 2627 publico

199 2631 279 2669 loeo,
296 2635 475 2661 exstructas.
522 2629 576 2660 De
598 2630 708 2661 statuis
731 2629 871 2670 Scipioni
891 2636 962 2670 post

198 2675 268 2715 ejus
286 2679 419 2705 mortem
440 2673 548 2714 pomis
565 2673 627 2704 vid.
646 2673 716 2704 Liv.
738 2674 958 2705 XXXVIII.

199 2717 253 2750 56.
338 2718 588 2767 perquaerpirit.
606 2723 634 2748 et
650 2719 789 2748 vitared.
809 2719 961 2758 bon-post

199 2767 290 2795 mort.
308 2763 379 2793 duc.
397 2771 453 2802 per
463 2760 556 2802 signa
565 2770 678 2800 nempe
692 2766 819 2791 externa
832 2761 962 2802 quidem

199 2812 398 2836 mortuorum
412 2805 538 2855 species,
559 2803 614 2835 sed
635 2813 699 2834 non
714 2803 838 2834 interna
852 2814 961 2835 eorum

198 2849 298 2880 virtus
311 2848 515 2888 exprimimn
536 2847 610 2879 hinc
626 2847 742 2878 Noster
761 2846 834 2877 infr.
854 2847 956 2887 Epist.

201 2892 250 2923 ΙΙ.
273 2891 301 2923 1.
320 2890 395 2924 248.
435 2894 507 2925 Nec
529 2892 628 2932 magis
647 2892 778 2932 cupressi
790 2892 894 2923 vultus
905 2902 960 2930 per

198 2938 315 2968 ahenea
335 2938 434 2978 signa.
465 2938 569 2972 Quam
587 2946 645 2977 per
668 2936 745 2966 vatis
767 2945 843 2974 opus
864 2945 961 2965 mores

198 2981 355 3021 animique
383 2982 525 3012 vir-mm
551 2980 712 3012 Clarorum
739 2984 960 3019 apparent.—

995 1061 1070 1093 hinc
1087 1061 1199 1093 Cicero
1211 1071 1337 1103 quoque
1358 1060 1392 1092 in
1413 1061 1504 1093 Catil.
1525 1062 1596 1094 111.
1614 1073 1681 1103 cap.
1704 1061 1753 1094 11.

996 1105 1036 1136 de
1050 1105 1176 1136 statuis:
1199 1107 1278 1136 nihil
1291 1111 1417 1137 mulum
1431 1117 1480 1137 me
1490 1111 1586 1146 potest
1599 1108 1756 1144 delectare,

996 1151 1075 1181 ni‘ltil
1087 1151 1227 1186 tacitum,
1243 1150 1323 1180 nillil
1336 1150 1467 1190 denique
1478 1150 1662 1191 hujumodi,
1677 1153 1760 1192 quod

996 1194 1089 1224 etiam
1103 1195 1208 1224 minus
1222 1194 1311 1233 digni
1330 1194 1449 1234 assequi
1466 1199 1608 1234 marunt-
1695 1206 1760 1226 rum

995 1238 1104 1268 celeres
1117 1237 1214 1279 fugoe
1230 1238 1346 1277 Reject.
1363 1242 1485 1268 retrors.
1510 1238 1654 1269 Hannib.
1679 1239 1755 1269 min.

997 1290 1061 1310 non
1076 1280 1146 1311 laus
1159 1280 1277 1321 egregii
1291 1279 1378 1310 illius
1398 1279 1483 1318 facti,
1504 1290 1569 1321 quo
1585 1279 1691 1320 Scipio
1705 1291 1760 1312 ex-

997 1322 1095 1354 ercitu
1116 1323 1151 1353 in
1169 1323 1310 1354 Africam
1331 1323 1460 1365 trajecto
1483 1323 1698 1355 Hannibalem
1719 1324 1761 1356 ad

997 1367 1129 1398 celerem
1144 1377 1183 1397 ex
1201 1366 1295 1397 Italia
1309 1366 1343 1396 in
1363 1366 1495 1406 patriam
1517 1366 1652 1398 reditum
1674 1377 1760 1399 eom-

998 1410 1097 1451 pulit;
1114 1410 1175 1441 vid.
1195 1410 1266 1441 Liv.
1286 1410 1407 1440 XXX.
1426 1409 1479 1441 ss).
1496 1410 1579 1441 Flor.
1596 1410 1644 1441 11.
1662 1410 1693 1442 6.
1707 1410 1765 1443 57.

999 1454 1192 1495 Rq'eceaeque
1205 1460 1315 1485 retror.
1334 1455 1422 1485 Han.
1440 1455 1519 1485 min.
1537 1460 1608 1493 post
1627 1454 1760 1486 celerem

997 1507 1110 1537 nempe
1128 1496 1318 1528 Hannibalis
1331 1507 1371 1527 ex
1389 1496 1482 1528 Italia
1494 1497 1605 1538 fugam
1619 1497 1687 1539 ejus
1699 1498 1760 1530 mi-

997 1551 1059 1578 nae,
1074 1551 1152 1582 quas
1166 1540 1206 1571 de
1226 1541 1336 1571 Romae
1358 1540 1479 1572 excidio
1497 1541 1624 1582 jecerat,
1645 1547 1757 1573 retror-

997 1595 1069 1615 sum
1079 1586 1114 1615 in
1124 1584 1221 1624 ipsius
1234 1590 1329 1623 caput
1341 1584 1463 1624 rejectae
1472 1590 1566 1622 sunt3
1581 1594 1647 1615 non
1655 1585 1760 1616 solum

998 1628 1083 1659 enim
1099 1638 1118 1659 a
1135 1626 1280 1667 Scipione
1293 1626 1334 1658 ad
1355 1627 1487 1658 Zamam
1505 1627 1607 1659 victus
1627 1634 1693 1671 ειη,ς
1705 1629 1760 1660 aed

1001 1671 1159 1712 Carthago
1172 1670 1250 1701 adeo
1264 1677 1334 1710 post
1353 1670 1441 1702 illam
1455 1670 1616 1702 victoriam
1641 1672 1761 1704 Roma-

999 1715 1050 1746 nis
1077 1713 1278 1755 stipendiaria
1304 1713 1388 1745 facta
1414 1720 1482 1752 est;
1510 1714 1587 1746 hinc
1609 1714 1755 1747 additur.

1000 1761 1078 1791 Non
1091 1759 1242 1799 stipendia
1259 1759 1478 1799 Carthaginis
1467 1759 1580 1799 impia,
1589 1768 1665 1790 narn
1675 1759 1761 1800 quod

999 1801 1183 1844 vectigalem
1210 1800 1433 1851 Carthaginem
1461 1801 1578 1852 fecerat
1607 1802 1762 1834 Romanis

1002 1845 1117 1886 Scipio,
1127 1845 1161 1876 id
1175 1844 1332 1885 praecipue
1345 1844 1379 1874 in
1393 1845 1525 1876 mmmis
1534 1855 1603 1885 eJua
1615 1845 1762 1879 laudibus

999 1889 1166 1920 memorari
1178 1888 1305 1919 solebat.
1324 1887 1396 1919 Liv.
1417 1888 1637 1920 XXXVIII.
1644 1888 1707 1921 53.
1721 1889 1762 1922 de

1003 1933 1147 1972 Scipione
1163 1932 1305 1974 Majore·
1331 1933 1407 1963 Ideo
1418 1933 1759 1969 Hannibalemdevicit,

1003 1978 1219 2016 Carthaginem
1229 1977 1406 2015 vectigalem
1415 1976 1609 2019 nobis-fecie?
1634 1976 1762 2017 Ennius

1000 2020 1086 2061 apud
1102 2020 1192 2051 Varr-
1211 2019 1251 2050 de
1273 2019 1314 2050 L.
1334 2019 1374 2050 L.
1395 2019 1457 2050 IV.
1475 2019 1632 2053 subline:
1670 2022 1761 2053 Pom·

1000 2065 1152 2105 stiloendia
1166 2065 1325 2104 pendunt.
1399 2064 1605 2104 Stipendium.
1626 2071 1664 2095 ut
1682 2073 1760 2095 eon-

1002 2115 1071 2144 stat.
1087 2107 1201 2147 saepius
1222 2106 1262 2138 de
1282 2106 1435 2147 vectigali,
1456 2106 1542 2148 quod
1561 2107 1659 2138 victor
1673 2106 1761 2139 vietis

1002 2151 1147 2191 imponit,
1170 2150 1291 2181 dicitur.
1316 2150 1385 2182 Jul.
1406 2150 1486 2182 eas.
1506 2149 1535 2181 1.
1552 2149 1607 2182 36.
1636 2153 1762 2183 ,Εάιιοε

1002 2197 1057 2226 sihi
1070 2213 1115 2219 —
1127 2195 1334 2235 stipendiarios
1357 2204 1418 2226 esse
1428 2195 1535 2235 sacto:
1555 2213 1600 2220 —
1618 2195 1646 2226 u·
1667 2195 1703 2226 in
1725 2206 1760 2226 eo

1002 2244 1165 2270 manerent
1190 2240 1271 2280 quod
1296 2239 1490 2274 contenis-see,
1513 2238 1762 2279 stipendiumque

1002 2284 1171 2324 quotannis
1186 2283 1376 2322 penderent,
1398 2287 1430 2311 et
1449 2290 1478 2311 c.
1502 2278 1556 2311 44.
1573 2282 1762 2322 stipandmm

1002 2336 1110 2367 capere
1113 2337 1192 2366 Jure
1205 2326 1282 2360 belli,
1298 2327 1377 2366 quod
1388 2325 1515 2356 victores
1528 2326 1613 2356 victis
1625 2326 1667 2356 im

1003 2381 1037 2401 re
1051 2370 1245 2405 censuerim,-
1269 2375 1301 2400 et
1323 2368 1397 2399 hinc
1417 2367 1551 2409 vectigal
1569 2367 1670 2406 iuud,
1674 2367 1762 2409 quod

1003 2413 1077 2444 victi
1091 2423 1110 2443 a
1127 2412 1272 2451 Scipione
1295 2410 1567 2452 Carthaginienses
1585 2410 1761 2443 mnndum

1003 2456 1088 2497 pacis
1109 2455 1302 2491 conditiones
1325 2454 1478 2486 Romanis
1497 2454 1664 2505 quotannis
1682 2465 1762 2495 pen-

1003 2500 1078 2534 dere
1097 2499 1260 2536 debebant,
1275 2510 1294 2530 a
1316 2499 1409 2531 Livio
1428 2508 1554 2540 quoque
1574 2498 1688 2538 sepius
1706 2500 1761 2530 eti-

996 2545 1148 2585 pendium
1162 2549 1297 2574 vocatur.
1306 2560 1351 2568 —
1363 2542 1413 2574 Sic
1426 2541 1555 2584 quinem
1567 2551 1692 2573 veroum
1704 2541 1762 2573 de-

1003 2587 1122 2618 cimum
1145 2587 1324 2626 septimum,
1346 2585 1402 2627 qui
1427 2587 1566 2617 Bentleio
1585 2592 1623 2616 ut
1642 2594 1759 2623 versus,

1002 2632 1042 2662 ab
1056 2630 1158 2661 aliena
1176 2640 1274 2661 manu
1295 2631 1489 2670 importatum,
1508 2627 1679 2670 ejicimdm
1691 2638 1760 2659 om-

1003 2674 1080 2705 nino
1095 2673 1264 2709 videbatur.
1286 2675 1331 2705 ab
1338 2671 1555 2713 interpretibm
1568 2681 1640 2702 vem
1652 2681 1760 2703 reeen-

1003 2717 1133 2749 tioribus
1146 2724 1184 2749 ut
1197 2728 1303 2748 versus
1490 2714 1545 2746 vel.
1553 2714 1644 2746 uncis
1655 2714 1762 2747 iuclu-

1003 2772 1057 2792 sus
1073 2761 1120 2792 vel
1142 2761 1287 2792 asterisco
1309 2765 1434 2791 notatus
1456 2758 1529 2796 fuit,
1550 2764 1633 2789 recte
1652 2758 1760 2790 locum

1003 2815 1096 2836 suum
1121 2814 1273 2845 occupare
1297 2814 1387 2844 posse
1410 2808 1496 2843 pino.
1540 2801 1761 2842 Impormmm

1002 2859 1116 2889 nempe
1139 2858 1247 2880 vocem
1271 2847 1424 2883 incendat,
1445 2855 1517 2887 quae
1534 2851 1644 2885 sponte
1665 2845 1761 2877 lecto-

1002 2902 1069 2922 rem
1083 2891 1125 2923 ad
1138 2891 1357 2933 cogitationem
1370 2889 1411 2920 de
1424 2888 1545 2920 excidio
1561 2889 1761 2931 Carthaginis

1005 2937 1114 2976 (quam
1139 2902 1291 2975 Scipionis
1307 2932 1450 2964 Africani
1473 2932 1616 2974 Majoris,
1635 2932 1677 2963 de
1696 2942 1760 2973 quo

1004 2989 1106 3010 sermo
1119 2984 1174 3016 est,
1196 2977 1378 3018 adoptatum
1399 2983 1554 3016 nepotem,
1582 2976 1620 3008 P.
1641 2975 1759 3016 Scipio-
