1904 3250
220 185 304 224 508

850 182 1159 228 HORATII
1216 215 1218 218 v

1632 191 1742 240 [Lm.
1763 202 1795 231 1.

253 312 304 350 10
338 310 474 352 Carus
495 310 578 351 eris
602 308 766 358 Romae,
789 306 926 349 donec
946 314 987 349 te
1008 307 1175 351 deseret
1193 316 1308 352 aetas.

338 382 634 424 contrectatus
654 381 729 422 ubi
748 380 943 422 manibus
964 381 1207 423 sordescere
1228 382 1344 440 vulgi

338 452 543 508 Coeperis,
566 459 641 493 aut
659 451 792 492 tineas
812 465 959 507 pasces
981 451 1214 492 taciturnus
1235 451 1404 503 inertes,

337 525 427 566 Aut
446 524 582 582 fugies
605 523 790 574 Uticam,
813 531 886 566 aut
905 524 1070 566 vinctus
1090 524 1269 567 mitteris
1290 523 1487 567 Ilerdam.

336 593 511 635 Ridebit
530 593 715 635 monitor
734 608 821 634 non
843 593 1090 644 exauditus3
1121 601 1169 635 ut
1188 593 1273 645 ille,

250 670 300 708 15
333 666 422 716 Qui
443 666 551 708 male
570 674 790 721 parentem
810 666 854 707 in
875 681 1002 722 rupes
1022 667 1228 723 protrusit
1249 666 1428 709 asellum

335 739 497 781 Iratus:
531 739 624 796 quis
645 739 758 781 enim
778 739 956 781 invitum
977 755 1144 782 servare
1164 739 1360 782 laboret?

336 810 435 852 Hoc
456 825 624 867 quoque
645 818 686 851 te
707 817 862 861 manet,
885 808 932 852 ut
951 825 1107 866 pueros
1128 810 1337 853 elementa
1356 810 1578 854 docentem

335 877 530 935 Occupet
550 879 750 920 extremis
771 879 815 920 in
835 879 937 921 vicis
957 879 1085 922 balba
1105 887 1312 923 senectus.

337 949 448 991 Cum
468 949 545 991 tibi
566 948 630 990 sol
650 948 818 1005 tepidus
839 948 982 1005 plures
1004 950 1240 992 admoverit
1259 965 1396 1001 aures,

246 1025 302 1063 20

335 1021 414 1064 Me
433 1022 631 1064 libertino
651 1029 799 1063 natum
819 1029 953 1078 patre,
976 1030 1019 1064 et
1038 1023 1083 1064 in
1103 1023 1221 1064 tenui
1241 1037 1287 1064 re

335 1094 525 1152 Majores
545 1110 706 1151 pennas
727 1094 830 1136 nido
850 1095 1090 1137 extendisse
1117 1095 1326 1152 loqueris:

335 1163 399 1206 Ut
419 1172 625 1221 quantum
644 1164 792 1221 generi
813 1163 972 1215 demas,
995 1163 1220 1206 virtutibus
1241 1163 1386 1207 addas.

212 1297 296 1330 serit.
322 1293 372 1325 vel
396 1296 514 1326 deserat
536 1293 576 1324 ad
598 1293 695 1324 fidem
716 1293 857 1334 plurium
875 1293 979 1325 Codd.

211 1338 296 1379 apud
315 1340 415 1370 Feam
429 1338 558 1369 exhibui
573 1340 698 1370 deseret.

255 1393 285 1413 v.
302 1380 352 1412 ll.
368 1383 513 1413 munibus
527 1384 607 1413 sord.
623 1383 721 1422 vulg„
734 1380 878 1412 similiter
889 1391 984 1420 supra

215 1426 278 1457 Sat.
300 1426 329 1457 1.
347 1423 379 1456 4.
399 1424 452 1456 7⁶2.
471 1436 586 1457 manus
606 1426 692 1465 vulgi
711 1425 817 1456 libellis
830 1427 983 1457 insudare

211 1469 371 1501 dicuntur.

255 1524 284 1544 v.
306 1511 357 1550 12,
377 1511 427 1544 13.
445 1514 638 1548 taciturnus,
660 1510 821 1553 eleganter
834 1511 874 1542 de
888 1511 980 1548 libro,

211 1557 278 1598 qui,
305 1567 370 1587 non
395 1557 514 1587 habens
539 1556 698 1591 lectorem,
727 1565 864 1596 quocum
891 1555 981 1595 quasi

210 1601 446 1636 sermocinetur,
462 1605 553 1630 tacet.
633 1600 735 1635 tineae,
749 1598 789 1629 de
804 1598 842 1628 iis
855 1609 982 1639 quoque

210 1643 400 1680 vermiculis,
426 1643 482 1683 qui
497 1643 620 1673 chartas
634 1650 665 1673 et
680 1642 775 1672 libros
789 1641 980 1680 corrodunt3

213 1686 310 1718 Ovid.
333 1687 396 1726 Ep.
415 1697 455 1717 ex
473 1686 566 1717 Pont.
589 1686 616 1717 Ι.
638 1684 668 1716 l.
685 1684 738 1716 72.
780 1687 929 1717 Conditus
945 1691 981 1717 ut

209 1734 302 1763 tineoe
316 1733 460 1772 carpitur
473 1742 524 1761 ore
537 1731 612 1769 liber
619 1745 631 1766 ,·
658 1735 809 1759 vocantur
822 1729 916 1759 tineae
930 1730 980 1760 in-

208 1781 295 1807 ertes.
313 1775 398 1815 quia,
415 1781 622 1813 praeterquam
637 1773 724 1812 quod
749 1772 873 1804 rodunt.
901 1772 982 1802 nihil

210 1824 331 1860 agunt3
354 1823 430 1848 sunt
444 1817 540 1853 enim,
559 1823 595 1847 ut
612 1815 754 1857 loquitur
770 1815 926 1857 Virgilius
941 1815 981 1846 de

209 1861 301 1896 fucis,
334 1863 485 1902 ignavum
510 1870 607 1900 pecus
614 1875 625 1896 ‚·
654 1859 714 1889 nisi
743 1861 845 1890 tineas
868 1860 980 1890 inertes

209 1905 366 1945 explicare
395 1903 504 1934 malis:
538 1904 658 1934 artibus
685 1902 824 1933 infestas.
911 1905 982 1934 Aut

196 1949 278 1992 sug.
302 1950 383 1982 Utic.
403 1953 461 1979 aut
477 1954 563 1984 cett,
590 1953 647 1977 aut
669 1956 709 1976 ex
731 1948 820 1981 urbe,
835 1945 891 1976 ubi
905 1956 981 1976 con-

209 1992 370 2029 temnetis,
400 1992 434 2021 in
463 1997 560 2022 terras
584 1990 680 2030 longe
703 1996 838 2020 remotas
866 1989 981 2030 fugieS.

211 2035 278 2066 Pro
292 2036 381 2066 terris
395 2035 491 2076 longe
506 2033 635 2064 remotis
649 2033 731 2070 ideo,
745 2040 792 2071 ‚ut
807 2035 887 2064 bene
906 2035 980 2065 Ges-

206 2091 304 2111 ner-us
320 2085 438 2115 monet,
462 2079 585 2110 Uticam
596 2077 748 2119 (nobilem
763 2077 852 2107 illam
867 2078 981 2107 urbem

208 2123 243 2153 in
268 2123 380 2154 Africa
405 2122 560 2160 extrema)
586 2122 782 2152 et.lIerdam
805 2122 931 2162 (urbem
946 2122 980 2150 in

211 2166 384 2206 Hispania)
417 2164 542 2205 posuit;
564 2164 639 2205 quia
665 2171 734 2194 tum
763 2165 798 2194 in
827 2163 877 2194 his
902 2164 981 2195 locis

211 2210 431 2241 Romanarum
462 2209 622 2239 literarum
653 2208 758 2238 studia
787 2209 910 2238 tractari
948 2214 981 2238 et

207 2255 327 2285 fervere
352 2252 554 2294 incipiebant.
599 2251 640 2281 In
670 2251 773 2291 Epist.
799 2251 840 2282 ad
869 2251 933 2282 Pis.
953 2262 981 2281 v.

207 2296 282 2330 345.
301 2297 342 2327 de
357 2299 448 2327 bonae
461 2294 563 2336 frugis
577 2294 676 2325 libro:
709 2297 775 2326 Hic
798 2302 895 2326 meret
916 2306 981 2326 oera

207 2344 283 2374 liber
298 2343 398 2377 Sosiis,
413 2342 462 2372 laic
476 2345 504 2371 et
521 2349 609 2370 mare
631 2340 755 2369 transit.
844 2341 978 2376 vinctus,

207 2385 273 2416 scil.
291 2383 454 2420 funiculis,
465 2382 579 2424 quibus
590 2392 675 2411 nunc
687 2392 813 2423 quoque
827 2382 980 2424 colligan-

206 2436 260 2459 tur
274 2434 305 2459 et
320 2427 582 2467 constringuntur
596 2425 667 2455 libri
682 2425 715 2454 in
734 2431 831 2456 terras
845 2433 981 2456 remotas

207 2471 362 2502 mittendi.
413 2470 481 2500 Alii
504 2469 617 2509 legunt
638 2475 763 2502 unctus.
792 2470 821 2498 h.
841 2479 868 2499 e.
888 2470 979 2500 sorde

207 2516 369 2556 pollutus;
393 2514 447 2544 sed
463 2513 564 2553 magis
578 2511 680 2552 placet
701 2515 832 2543 vinetus.
885 2513 978 2543 Cete-

206 2569 290 2596 rum,
313 2556 398 2599 quod
427 2555 585 2587 Horatius
609 2556 657 2585 vel
684 2556 822 2586 maxiine
844 2555 876 2585 in
900 2556 980 2587 votis

206 2602 328 2638 habuit,
353 2600 472 2632 scilicet
491 2606 528 2630 ut
549 2598 689 2629 carmina
710 2609 767 2628 sua
788 2599 823 2628 in
845 2598 914 2630 loca
929 2610 978 2630 re-

206 2646 382 2677 motissima
405 2648 662 2684 propagarentur,
690 2649 721 2672 et
742 2642 826 2683 quod
849 2643 883 2672 in
907 2643 975 2684 glo-

205 2690 284 2720 riam
315 2699 405 2719 suam
434 2687 581 2718 futurum
612 2695 678 2716 esse
706 2696 801 2725 supra
830 2685 863 2715 in
896 2687 977 2717 Odis

210 2733 286 2775 (vid.
312 2734 390 2773 Arg.
414 2732 481 2772 huj.
509 2729 632 2770 Epist.)
655 2729 842 2760 vaticinatus
863 2736 918 2766 est,
943 2729 976 2760 id

208 2787 295 2807 nunc
310 2777 349 2807 ad
366 2776 460 2811 mala,
476 2784 549 2816 quae
564 2772 642 2803 liber
657 2773 687 2802 in
705 2772 867 2812 publicum
883 2773 977 2803 emis-

206 2832 260 2851 sus
275 2827 462 2858 experturus
475 2818 525 2855 sit,
540 2816 724 2847 simulanter
739 2815 842 2846 refert.

250 2874 277 2893 v.
300 2861 438 2893 let-16.
461 2862 583 2893 Ridebit
597 2862 730 2891 munitor
744 2866 815 2890 cett.
846 2859 976 2890 Sensus:

209 2907 294 2939 Tum
311 2917 371 2948 ego
381 2913 423 2942 te,
436 2906 490 2946 qui
507 2915 570 2935 non
586 2902 751 2941 exaudisti,
766 2913 837 2944 quae
852 2904 973 2939 monui,

206 2950 324 2986 ridebo,
356 2950 438 2980 sicut
465 2949 519 2979 ine
544 2949 576 2978 in
601 2946 717 2978 fabulis
740 2946 807 2977 risit
830 2946 972 2980 asellum.

205 2994 272 3035 qui,
285 3003 358 3024 cum
375 3003 482 3033 parere
497 2992 605 3027 nollet,
618 2992 657 3022 ab
670 3001 708 3022 eo
723 2989 801 3022 irato
816 2989 849 3020 in
865 3000 975 3030 rupem

1026 1300 1190 1334 protrusus
1211 1304 1245 1325 se
1269 1293 1345 1324 inde
1369 1293 1563 1334 precipitem
1586 1293 1692 1333 dadin
1725 1296 1798 1337 quis

1026 1339 1111 1368 enim
1125 1344 1212 1368 curet
1228 1348 1350 1369 servare
1367 1344 1599 1379 repugnantem
1608 1339 1624 1369 ἲ

1069 1392 1098 1411 v.
1130 1379 1182 1416 17,
1209 1380 1260 1412 18.
1291 1382 1363 1412 Hoc
1386 1392 1510 1422 quoque
1534 1387 1609 1412 cett.
1653 1381 1791 1414 Sensus:

1025 1425 1093 1454 haec
1108 1435 1234 1465 quoque
1255 1424 1312 1455 tibi
1327 1423 1482 1455 destinata
1503 1430 1551 1455 est
1565 1435 1642 1463 sors,
1663 1431 1702 1456 ut
1715 1436 1794 1465 pue-

1025 1478 1078 1499 ros
1092 1468 1125 1498 in
1140 1468 1289 1499 extremis
1303 1467 1379 1498 vicis
1392 1467 1548 1499 elementa
1562 1467 1705 1499 docendo
1718 1479 1797 1500 con-

1023 1521 1175 1542 senescaS.
1192 1529 1235 1535 -
1253 1512 1339 1543 Cum
1361 1516 1442 1541 esset
1455 1511 1542 1550 apud
1565 1512 1730 1543 Romanos
1743 1512 1799 1544 hic.

1023 1565 1103 1592 mos,
1119 1564 1157 1585 ut
1170 1555 1285 1594 pueris,
1300 1554 1416 1596 quibus
1430 1554 1463 1584 in
1478 1554 1573 1591 ludis,
1589 1554 1645 1596 qui
1658 1561 1748 1586 erant
1761 1556 1796 1586 in

1025 1598 1173 1628 extremis
1187 1597 1263 1629 vicis
1277 1598 1325 1629 vel
1341 1597 1495 1638 compitis,
1517 1598 1619 1638 prima
1638 1598 1797 1630 elementa

1024 1641 1238 1679 tradebantur,
1267 1641 1424 1672 nobilium
1443 1637 1617 1681 'poetarum
1642 1643 1793 1679 carmina,

1024 1695 1098 1726 quae
1113 1684 1160 1715 illi
1170 1684 1354 1720 ediscerent,
1367 1695 1386 1715 a
1399 1684 1628 1726 ludimagistris
1639 1688 1795 1718 dictaren-

1024 1734 1077 1759 tur
1086 1744 1098 1765 ,·
1117 1729 1185 1770 jam
1210 1727 1368 1759 Horatius
1389 1738 1447 1758 sua
1460 1738 1586 1770 quoque
1599 1729 1740 1761 earmina
1759 1729 1795 1760 in

1024 1772 1110 1802 ludis
1125 1772 1276 1802 dictatum
1293 1771 1331 1801 iri
1346 1771 1541 1802 vaticinatur.
1579 1771 1649 1803 Nec
1662 1771 1713 1804 hic
1727 1782 1796 1804 oar-

1024 1815 1149 1845 minum
1175 1825 1307 1845 suorum
1331 1815 1365 1845 in
1387 1814 1502 1845 scholis
1523 1814 1699 1846 minoribus
1720 1826 1798 1848 usus

1024 1858 1171 1889 dedecori
1185 1869 1251 1889 esse
1266 1859 1370 1898 potuit
1394 1858 1540 1890 Horatio.
1591 1859 1706 1890 Scribit
1726 1860 1796 1900 qui-

1025 1902 1098 1932 dem
1125 1902 1179 1932 ille
1207 1903 1271 1933 Sat.
1292 1902 1320 1932 I.
1343 1900 1392 1933 10.
1413 1900 1466 1932 75.
1503 1905 1561 1934 An
1586 1909 1643 1934 tua
1669 1906 1797 1936 demens

1032 1947 1149 1977 Vilibus
1163 1947 1199 1977 in
1214 1947 1297 1977 ludis
1313 1947 1427 1977 dictari
1441 1948 1583 1978 camina
1597 1947 1687 1978 malis
1697 1946 1716 1977 Ῐ
1739 1947 1794 1978 sed

1023 1989 1108 2019 idem
1138 1989 1201 2019 Sat.
1224 1989 1273 2020 11.
1301 1987 1329 2019 1.
1357 1988 1411 2020 71.
1438 1989 1603 2030 plagosum
1632 1989 1794 2022 Orbilium

1023 2032 1232 2073 antiquissimi
1247 2040 1346 2073 poetae
1362 2033 1447 2064 Livii
1467 2033 1641 2064 Andronici
1656 2035 1796 2066 carmina

1024 2077 1081 2106 sibi
1097 2078 1225 2107 dictasse
1239 2077 1292 2107 ait.
1375 2083 1516 2108 senectus
1531 2078 1626 2108 balba.
1644 2087 1708 2107 non
1723 2087 1794 2109 raro

1023 2120 1110 2150 enim
1125 2130 1184 2150 vox
1200 2119 1442 2161 grandaevorum
1465 2121 1560 2151 blaesa
1573 2128 1606 2151 et
1620 2121 1712 2151 balba
1725 2131 1793 2151 esse

1023 2163 1123 2201 solet3
1212 2170 1348 2204 occupet,
1375 2173 1417 2195 sc.
1435 2170 1477 2200 te,
1501 2170 1533 2194 te
1554 2163 1720 2204 opprimat,
1736 2163 1805 2195 tibi-

1023 2209 1172 2246 obrepat;
1187 2217 1282 2247 supra
1297 2218 1325 2238 v.
1344 2206 1394 2238 10.
1409 2207 1505 2239 dixit:
1525 2209 1620 2239 donec
1635 2213 1665 2238 te
1678 2209 1792 2240 deseret

1023 2257 1108 2282 oetas.
1425 2261 1428 2263 ’

1068 2305 1096 2325 v.
1117 2293 1167 2325 19.
1185 2296 1230 2326 sol
1249 2295 1380 2335 tqvidus,
1402 2293 1441 2324 iis
1461 2293 1545 2324 horis
1558 2293 1792 2334 pomeridianis,

1023 2338 1138 2378 quibus
1163 2338 1239 2369 solis
1263 2338 1349 2369 calor
1371 2343 1418 2368 est
1446 2337 1572 2375 mitior;
1587 2355 1632 2362 —
1645 2336 1793 2369 videntur

1023 2381 1140 2412 scilicet
1154 2383 1214 2412 hoc
1229 2388 1369 2421 tempore
1386 2379 1486 2422 (apud
1508 2391 1566 2411 nos
1585 2379 1666 2411 citca
1680 2381 1791 2412 horam

1023 2426 1122 2456 ferme
1136 2424 1280 2464 nonam.)
1298 2432 1440 2464 parentes
1455 2423 1505 2454 vel
1519 2424 1572 2454 alii
1588 2423 1680 2455 ludos
1693 2424 1789 2455 adiis-

1021 2479 1064 2503 se.
1080 2475 1121 2503 et,
1144 2479 1216 2510 quae
1231 2467 1274 2498 ibi
1296 2468 1484 2498 docerentur
1497 2467 1597 2506 pueri,
1620 2468 1785 2500 audivisse.

1024 2512 1112 2542 Hinc
1127 2511 1300 2551 supra'Sat.
1315 2511 1342 2542 1.
1358 2511 1390 2542 6.
1405 2509 1460 2542 82.
1488 2510 1644 2542 Horatius
1654 2511 1694 2542 de
1703 2521 1791 2552 patre

1021 2566 1099 2586 suo:
1126 2557 1199 2595 Ipse
1213 2557 1290 2586 mihi
1304 2563 1405 2587 custos
1424 2556 1709 2596 incorruptissimus
1723 2567 1791 2588 om-

1021 2610 1076 2630 nes
1095 2600 1222 2631 Circum
1244 2601 1378 2630 doctores
1397 2601 1515 2630 aderat.
1605 2610 1709 2637 aures,
1731 2610 1790 2631 au·

1021 2642 1145 2672 ditores.

1064 2696 1092 2715 v.
1112 2683 1164 2716 20.
1183 2686 1322 2716 libertino
1333 2691 1433 2726 patre,
1457 2685 1541 2715 conf.
1560 2695 1654 2725 supra
1671 2686 1734 2717 Sat.
1756 2686 1785 2717 1.

1021 2729 1053 2760 6.
1066 2727 1118 2759 45.
1133 2728 1195 2759 fuit
1210 2735 1315 2759 autem
1332 2736 1419 2768 pater
1435 2728 1562 2760 Horatii
1577 2735 1708 2762 coactor.
1723 2730 1784 2761 vid.

1020 2773 1041 2803 l.
1056 2773 1077 2803 l.
1091 2784 1119 2802 v.
1138 2771 1191 2803 86.

1063 2826 1092 2846 v.
1109 2814 1163 2847 21.
1182 2815 1319 2856 Majores
1334 2827 1457 2856 pennas
1471 2817 1543 2847 nido
1565 2821 1652 2854 cett,
1670 2826 1730 2854 me,
1753 2816 1788 2847 in

1020 2870 1054 2891 re
1076 2858 1165 2890 tenui
1189 2866 1310 2896 natum,
1337 2859 1455 2900 majora
1479 2866 1511 2890 et
1533 2859 1643 2890 altiora
1663 2861 1786 2901 assequi

1018 2903 1194 2940 studuisse;
1217 2903 1366 2941 expressit
1381 2903 1441 2933 boc
1455 2903 1604 2945 imagine,
1619 2905 1659 2934 ab
1679 2903 1785 2934 avium

1018 2945 1115 2986 pullis
1129 2945 1234 2982 ducta,
1250 2947 1304 2986 qui
1320 2947 1453 2987 majores
1467 2957 1586 2986 pennas
1601 2946 1694 2984 nacti,
1710 2957 1786 2978 cum

1019 2989 1183 3021 evolarunt
1191 3001 1214 3025 ¹e
1230 2989 1314 3028 nido,
1331 2989 1370 3020 ad
1386 2990 1496 3022 altiora
1510 2990 1654 3022 tendum.
