1904 3250
661 272 722 330 Q.
765 271 1109 321 HORATII
1147 273 1429 325 FLACCI

571 455 1021 514 CARM

1089 457 1516 519 INUM

837 655 990 691 LIBER
1018 657 1252 693 TERTIUS.

876 983 1145 1038 CARMEN
1176 997 1210 1039 1.

364 1147 493 1210 ‘Om
513 1165 735 1222 profanum
757 1165 904 1224 volgus
925 1174 967 1208 et
986 1181 1131 1208 arceo:

375 1236 526 1278 Favete
546 1237 723 1295 linguis:
756 1238 941 1278 carmina
960 1252 1045 1278 non
1066 1238 1182 1293 prius

490 1307 650 1349 Audita
672 1307 895 1349 Musarum
917 1307 1110 1349 sacerdos

604 1380 848 1438 Virginibus
869 1381 1094 1437 puerisque
1115 1388 1248 1422 canto.
1308 1420 1310 1423 .

502 1515 714 1548 CARMEN
738 1516 766 1547 Ι.

298 1598 496 1643 Prae'ceptum
525 1602 605 1633 illud
633 1614 651 1634 e
682 1603 878 1644 philosophia
913 1603 1017 1635 Stoica

252 1646 471 1687 depromtum:
500 1651 522 1666 “
533 1658 638 1678 veram
656 1649 820 1679 hominum
828 1648 1017 1690 felicitatem

251 1701 351 1732 neque
365 1692 399 1722 in
407 1693 547 1731 potencia
562 1697 590 1722 et
605 1693 758 1722 honorum
773 1693 940 1732 splendore,
962 1703 1018 1723 ne-

251 1746 310 1776 que
338 1736 373 1766 in
401 1745 593 1775 magnarum
621 1736 802 1767 diviciarum
821 1737 1017 1776 possessione,

251 1780 303 1809 sed
316 1779 352 1809 in
367 1779 470 1809 animo
484 1779 653 1820 tranquillo
667 1785 696 1810 et
719 1781 753 1810 in
774 1790 819 1817 eo,
841 1781 922 1820 quod
943 1781 1018 1810 satis

250 1828 303 1857 est,
326 1823 544 1863 acquiescente,
563 1823 743 1862 ponendam
768 1824 1018 1864 metiendamque

249 1876 312 1897 esse
322 1865 358 1902 ,·‘’
378 1866 444 1906 jam
460 1875 541 1896 nova
556 1866 588 1896 in
604 1866 664 1896 hoc
688 1866 828 1896 carmine
849 1867 1015 1897 sententia-

250 1918 322 1939 rum
336 1908 497 1951 gravitate,
513 1919 665 1950 novaque,
681 1920 775 1950 quam
791 1909 848 1940 sibi
865 1916 902 1940 ut
916 1920 1015 1940 sacer·

249 1951 315 1993 doti
334 1953 500 1983 Musarum
515 1952 635 1990 tribuit,
661 1952 846 1984 auctoritate
870 1954 1016 1993 proponit

249 2002 343 2036 atque
372 1996 580 2027 commendat.
644 1997 756 2027 Nexus
790 1997 1016 2028 sententiarum

248 2045 296 2070 est
315 2039 381 2070 fere
406 2040 472 2070 hic:
504 2039 662 2071 Gravioris
677 2041 856 2081 argumenti
878 2051 1014 2077 carmen,

248 2082 335 2124 quod
363 2093 423 2124 ego
452 2090 634 2115 cantaturus
655 2094 737 2121 sum,
762 2090 881 2115 attento
909 2084 1016 2116 animo

248 2126 413 2166 percipite:
445 2128 558 2168 Reges,
574 2127 695 2165 divites,
712 2127 887 2164 nobiliores,
910 2134 942 2158 et
962 2128 1014 2159 alii

248 2170 297 2200 vel
333 2170 444 2211 gloria,
483 2171 533 2201 vel
563 2170 663 2211 gratia
683 2171 793 2211 populi
830 2172 1014 2209 eminentes,

248 2213 331 2245 male
346 2213 441 2256 vulgo
456 2216 488 2245 in
505 2225 633 2245 censum
648 2214 823 2245 feliciorum
849 2214 1014 2246 hominum

247 2257 446 2289 referuntur:
488 2265 594 2289 manet
622 2260 707 2288 enim
733 2269 786 2289 eos
815 2269 879 2289 non
910 2258 1013 2290 solum

247 2311 337 2342 equa
358 2301 512 2332 moriendi
534 2301 708 2338 necessitas,
733 2302 787 2332 sed
812 2302 907 2332 iidem
934 2313 1013 2344 quo-

246 2354 319 2386 que,
345 2344 422 2375 dum
449 2346 566 2379 vivunt.
593 2345 713 2376 miseris
736 2345 820 2376 cur1s
843 2346 1011 2387 agitantur.

250 2387 340 2419 Hinc
353 2387 399 2423 fit,
417 2395 452 2419 ut
466 2389 585 2419 medias
609 2388 691 2419 inter
711 2399 802 2420 curas
825 2400 883 2420 nec
907 2389 1014 2420 lautis-

247 2431 397 2463 simarum
427 2432 591 2472 epularum
622 2432 773 2463 suavitate
808 2432 1012 2471 delectentur,

247 2484 307 2506 nec
330 2475 435 2507 avium
461 2476 649 2516 citharaeque
678 2483 773 2507 cantu
798 2476 837 2507 ad
866 2486 1014 2507 somnum

247 2518 427 2550 invitentur.
477 2519 607 2555 Quanto
634 2519 733 2560 major
762 2519 860 2561 igitur
888 2526 935 2551 est
956 2520 1011 2558 nil,

247 2562 307 2593 nisi
321 2561 407 2604 quod
420 2562 493 2594 satis
507 2571 563 2600 est,
587 2562 790 2594 desiderantis
807 2563 964 2613 sslicitas3
987 2565 1013 2594 is

248 2617 306 2637 nec
321 2605 448 2647 marinis
461 2606 704 2646 tempestatibus
729 2616 786 2637 nec
808 2613 879 2637 ortu
901 2617 1014 2638 casuve

246 2650 385 2681 siderum
408 2649 589 2687 minacium,
614 2659 672 2680 nec
694 2649 856 2691 grandine,
880 2660 938 2681 nec
963 2651 1011 2681 ni-

246 2693 310 2724 mia
331 2693 436 2733 pluvia
460 2693 597 2724 nimiove
625 2693 700 2723 solis
725 2700 813 2730 aestu,
845 2694 1013 2725 sterilitatis

245 2737 357 2775 causis,
388 2739 592 2777 perturbatur.
652 2735 808 2767 Videmus
833 2747 918 2767 nunc
939 2738 1009 2779 qui-

245 2780 318 2810 dem
347 2780 458 2812 divites
486 2780 644 2812 immensis
665 2780 821 2810 sumtibus
842 2781 1010 2821 magnifica

244 2824 278 2853 in
293 2824 388 2855 maris
401 2824 515 2863 littore,
530 2831 567 2856 ut
580 2823 623 2855 ibi
638 2834 671 2854 se
685 2832 833 2860 recreent,
850 2832 1007 2856 exstruere

245 2867 386 2906 aedificia,
402 2869 454 2899 sed
470 2868 608 2900 timaret
629 2867 729 2898 tristes
754 2877 838 2897 curae
860 2867 901 2898 ibi
927 2879 1005 2908 quo-

243 2920 304 2949 que
330 2912 369 2942 ab
393 2912 431 2943 iis
455 2911 539 2943 haud
564 2910 723 2945 recedunt,
754 2910 819 2940 imo
847 2921 910 2949 eos,
942 2911 1003 2943 sive

244 2953 324 2992 navi,
347 2956 409 2986 sive
439 2966 521 2998 equo
546 2961 656 2991 vectos,
687 2953 802 2995 ubique
831 2962 1003 2996 sequuntur

1059 1523 1154 1558 atque
1178 1524 1334 1557 premunt.
1385 1519 1508 1556 Quodsi
1533 1520 1632 1562 igitur
1661 1531 1719 1552 nec
1744 1532 1822 1563 prae-

1059 1559 1239 1591 santissimi
1255 1563 1427 1600 marmori&
1443 1573 1502 1594 nec
1526 1564 1727 1596 nobilissime
1747 1577 1822 1606 pur-

1059 1614 1158 1644 purae,
1187 1615 1245 1636 nec
1267 1605 1332 1636 vini
1353 1606 1472 1647 optimi,
1503 1617 1562 1640 nec
1587 1615 1823 1650 unguentorum

1061 1647 1353 1687 pretiosissimorum
1379 1660 1455 1681 usus
1476 1651 1642 1692 quicquam
1671 1652 1711 1683 ad
1733 1663 1824 1684 curas

1060 1691 1242 1722 avertendas
1255 1692 1346 1730 valet,
1361 1703 1419 1724 cur
1443 1704 1504 1735 ego
1526 1701 1592 1725 tam
1617 1695 1732 1727 stultus
1752 1697 1822 1735 sim,

1059 1741 1097 1766 ut
1111 1734 1254 1766 villulam
1271 1736 1418 1767 Sabinam
1429 1747 1503 1768 cum
1517 1737 1657 1769 edificiis
1677 1740 1823 1782 magnifi-

1060 1778 1114 1816 cis,
1141 1778 1212 1809 vitae
1227 1779 1459 1820 jucunditatem
1482 1787 1589 1812 autem
1603 1788 1636 1813 et
1649 1784 1823 1825 tranquilli-

1059 1827 1156 1853 tatem
1186 1832 1259 1853 cum
1288 1823 1468 1855 divitiarum
1496 1825 1646 1856 molestiis
1680 1825 1824 1869 curisque

1058 1867 1260 1915 permutem?
1280 1884 1324 1892 —
1349 1867 1403 1917 §ic
1432 1877 1480 1906 ea,
1508 1879 1581 1910 quae
1608 1879 1703 1909 super
1728 1871 1824 1913 hujus

1059 1919 1205 1939 carmlnls
1225 1916 1396 1947 sententiis,
1418 1918 1455 1942 ut
1476 1921 1589 1952 parum
1607 1912 1689 1944 inter
1712 1924 1746 1945 se
1767 1925 1820 1945 eo-

1058 1952 1257 1988 haerentibus,
1273 1964 1292 1984 a
1306 1953 1448 1993 pluribus
1462 1955 1619 1995 disputan
1637 1963 1720 1995 sunt,
1743 1962 1823 1990 vm

1059 2003 1091 2027 et
1105 1996 1195 2027 nihili
1209 2007 1275 2028 esse
1288 1997 1382 2028 facile
1394 2008 1435 2039 ap

1103 2050 1130 2070 v.
1159 2038 1253 2071 1-4.
1282 2041 1394 2072 Verbis
1413 2042 1605 2074 solemnibus
1625 2043 1667 2075 ad
1691 2044 1821 2076 audien-

1058 2083 1134 2114 tiam
1149 2083 1207 2115 sibi
1221 2083 1398 2116 faciendam
1412 2085 1572 2120 exorditur
1592 2094 1704 2127 pontu
1726 2098 1821 2130 argu-

1058 2127 1158 2158 menti
1171 2138 1294 2168 nempe,
1309 2128 1395 2169 quod
1416 2129 1450 2159 in
1470 2130 1531 2160 hoe
1551 2130 1689 2162 carmine
1709 2137 1821 2162 uma-

1058 2177 1148 2202 turus
1162 2179 1218 2209 est,
1233 2171 1415 2212 gravitatem
1437 2182 1511 2203 cum
1531 2182 1567 2204 re
1587 2183 1673 2205 snm
1692 2184 1819 2215 eompa-

1057 2224 1130 2245 rans
1150 2214 1250 2245 utitur
1270 2215 1332 2246 illis
1352 2215 1506 2253 formulis,
1526 2217 1641 2258 quibus
1664 2217 1741 2249 alins
1761 2220 1820 2250 sub

1056 2268 1215 2289 sacrorum
1250 2258 1346 2289 initiis
1381 2258 1428 2290 uti
1463 2259 1604 2292 solebant
1634 2261 1818 2298 scerdotes,

1056 2301 1195 2342 profanis
1208 2301 1346 2343 quidem,
1363 2308 1399 2333 ut
1413 2312 1466 2333 eos
1479 2302 1553 2334 inde
1565 2311 1717 2343 arcerent,
1739 2306 1819 2343 ἱκὰς,

1057 2346 1177 2383 βίβηλιι
1189 2346 1204 2375 !
1230 2344 1279 2375 vel
1294 2346 1373 2381 ἰιὶς,
1391 2346 1471 2384 ineis,
1487 2346 1564 2382 ἵστις
1587 2349 1704 2392 &largis
1729 2349 1822 2391 (Cal-

1057 2388 1123 2418 lim.
1152 2388 1198 2419 H.
1227 2388 1292 2428 Ap.
1318 2387 1382 2429 2),
1409 2391 1538 2428 Procul,
1566 2392 1592 2423 0
1610 2394 1723 2432 proed
1748 2399 1820 2431 este,

1051 2432 1177 2506 Ἠλὶ
1188 2431 1741 2520 fflffbffilssffssmfflffl
1756 2446 1821 2511 ‘3:2⁰

1057 2531 1129 2556 ceo‚·
1152 2518 1281 2550 initiatis
1295 2530 1377 2557 vero,
1402 2527 1438 2551 ut
1457 2531 1544 2552 sano
1565 2522 1690 2554 silentio
1711 2522 1751 2554 iis
1769 2523 1819 2554 in-

1055 2568 1213 2599 teressent,
1237 2563 1399 2604 εὐφημιῖτι,
1431 2565 1546 2596 Favete
1567 2563 1712 2607 linguis!
1743 2565 1820 2608 (lin-

1055 2616 1136 2648 guas
1156 2605 1341 2644 cohibendo,
1363 2608 1395 2638 h.
1420 2618 1448 2639 e.
1471 2609 1618 2649 tacendo)
1644 2609 1819 2640 acclaman-

1056 2656 1122 2687 tes3
1146 2649 1285 2689 apposite
1300 2649 1397 2692 igitur
1410 2650 1450 2683 ad
1463 2651 1520 2682 has
1531 2651 1683 2684 fon-mulas
1698 2652 1766 2694 jam
1786 2665 1819 2685 se

1055 2703 1119 2724 non
1141 2699 1243 2723 vatem
1264 2693 1314 2724 vel
1335 2702 1469 2734 poetam,
1495 2695 1549 2727 sed
1572 2697 1743 2728 Musarum
1767 2708 1818 2728 sa·

1053 2739 1205 2770 oerdotem
1238 2737 1408 2777 profitetur.
1479 2741 1622 2771 carmina
1647 2751 1712 2771 mm
1728 2742 1819 2781 prius

1052 2782 1167 2817 audita,
1186 2780 1217 2810 h.
1244 2791 1271 2811 e.
1301 2791 1391 2819 nova,
1416 2781 1504 2823 quasi
1526 2792 1621 2816 nemo
1645 2789 1718 2814 ente
1742 2794 1817 2815 eum

1051 2828 1204 2864 praeoepm
1226 2831 1289 2854 tam
1311 2825 1445 2856 salubria
1470 2826 1636 2866 cecinerim
1656 2827 1718 2858 nisi
1736 2826 1818 2858 forte

1050 2868 1116 2898 haec
1136 2877 1262 2908 quoque
1289 2870 1380 2899 verba
1400 2868 1440 2900 ad
1460 2869 1630 2901 formulam
1657 2870 1816 2911 quandum

1049 2910 1219 2942 solemnem
1242 2912 1407 2944 reserenda
1430 2913 1502 2951 sint,
1528 2914 1582 2944 ubi
1608 2925 1686 2946 nova
1708 2915 1817 2955 mystis

1047 2954 1306 3029 qrpmittebantur
1333 2963 1497 2996 praecepta,
1520 2957 1625 2998 qualia
1654 2967 1815 2999 nunquam
