1904 3250
192 123 277 165 352

825 120 1136 167 HORATII

1606 127 1716 175 [Lm.
1740 134 1768 167 r.

308 249 508 292 Accurrit
528 250 713 306 quidam,
736 256 861 290 notus
883 248 987 289 mihi
1007 249 1177 290 nomine
1197 256 1373 300 tantum,

310 322 580 378 Arreptaque
600 334 754 362 manu:
789 319 908 370 Quid
930 321 1034 377 agis,
1056 320 1308 373 dulcissime,
1331 320 1506 363 rerum?

249 393 277 431 5
310 390 515 440 Suaviter,
538 398 586 431 ut
605 404 719 430 nunc
739 395 816 439 est,
838 389 1039 446 inquam3
1075 397 1119 431 et
1137 390 1263 445 cupio
1282 391 1436 441 omnia,
1458 405 1554 447 quae
1575 389 1649 431 vis.

312 460 422 502 Cum
443 459 756 501 adsectaretur:
794 457 912 500 Num
933 458 1037 516 quid
1057 458 1119 500 vis
1131 457 1152 500 Ρ
1181 473 1357 515 occupo.

311 529 440 570 Noris
462 543 553 578 nos,
576 528 736 585 inquit3
768 527 884 570 docti
905 542 1062 570 sumUS.

312 601 423 652 Hoc‚
445 601 632 658 inquam,
654 601 760 643 mihi
780 602 876 643 eris.

1419 459 1480 501 At
1500 459 1595 500 ille:

1126 526 1212 569 Hic
1232 542 1313 586 ego
1328 543 1352 569 :-
1377 527 1518 570 Pluris

939 600 1102 643 Misere
1122 600 1340 643 discedere
1358 614 1566 658 quaerens,

311 671 380 712 Ire
400 670 530 712 modo
551 671 682 723 ocius,
704 671 919 713 interdum
941 672 1183 723 consistere,
1213 671 1257 713 in
1278 685 1423 713 aurem

229 746 278 783 lo
310 742 469 784 Dicere
488 743 633 784 nescio
655 744 759 800 quid
779 759 938 800 puero:
972 744 1069 786 cum
1091 744 1222 786 sudor
1242 743 1297 786 ad
1317 744 1423 785 imos

312 811 513 854 Manaret
532 813 654 864 talos,
679 813 721 856 O
741 821 797 865 te,
823 813 1000 865 Bolane,
1023 814 1190 856 cerebri

312 883 523 928 Felicem!
557 885 720 927 aiebam
740 886 906 928 tacitus.

971 886 1083 928 Cum
1104 886 1312 944 quidlibet
1330 845 1401 928 ille

311 956 529 1008 Garriret;
559 959 688 1010 vicos,
711 960 862 1002 urbem
882 959 1097 1011 laudaret3
1128 967 1177 1001 ut
1195 959 1257 1001 illi

313 1025 386 1067 Nil
408 1027 745 1083 respondebam:
785 1028 1101 1085 Miserecupis,
1124 1029 1273 1086 inquit,
1296 1029 1425 1080 abire,

229 1101 280 1139 15
311 1098 409 1139 Jam
430 1098 595 1140 dudum
616 1099 763 1142 video:
797 1101 873 1142 sed
894 1101 955 1142 nil
976 1102 1090 1159 agis:
1122 1117 1257 1159 usque
1277 1102 1454 1151 tenebo;

314 1167 567 1224 Prosequar.

631 1167 760 1220 Hinc,
785 1185 870 1226 quo
890 1186 1005 1212 nunc
1026 1171 1106 1212 iter
1127 1179 1191 1212 est
1211 1169 1319 1213 tibi?
1379 1170 1453 1211 Nil
1473 1185 1581 1226 opus
1602 1177 1665 1212 est
1685 1177 1726 1211 te

314 1237 558 1295 Circumagi
574 1254 583 1278 :
617 1239 829 1294 quendam
849 1239 946 1280 volo
967 1240 1102 1281 visere
1122 1255 1209 1281 non
1229 1240 1307 1282 tibi
1326 1248 1498 1290 notum3

313 1309 453 1352 Trans
476 1309 668 1352 Tiberim
688 1311 816 1368 longe
837 1311 964 1353 cubat
984 1312 1018 1352 is
1039 1327 1174 1368 prope
1198 1312 1379 1354 Caesaris
1400 1311 1559 1353 hortos.

195 1451 363 1490 confect03
385 1453 446 1483 hoc
467 1457 690 1493 tegumentum
713 1452 822 1492 capitis
836 1453 967 1483 vocaba-

196 1501 249 1525 tur
278 1497 482 1531 caliendrum,
512 1506 711 1537 quaecunque
738 1496 869 1527 demum
899 1495 969 1536 ejus

195 1539 297 1569 forma
311 1545 343 1569 et
357 1539 501 1569 materies
514 1538 620 1570 fuerit.

240 1593 269 1612 v.
288 1580 342 1612 49.
360 1589 456 1624 atque
482 1584 544 1613 inc.
570 1585 628 1614 lac.
654 1586 734 1615 vinc.
761 1593 817 1623 per
842 1583 969 1614 vincula

196 1625 389 1656 carminibus
410 1627 587 1663 incantata,
609 1637 682 1667 quae
699 1626 843 1658 Canidiae
857 1633 889 1657 et
914 1627 969 1657 Sa-

196 1679 288 1711 ganae
303 1669 446 1706 brachiis,
473 1669 588 1710 quibus
609 1670 664 1701 illa
686 1681 810 1701 annexa
829 1669 967 1707 fuerant,

195 1712 349 1743 excidisse
374 1712 533 1747 dicuntur.
557 1713 701 1756 intellige
724 1714 789 1745 filia
811 1714 861 1744 vel
882 1713 966 1748 licia,

196 1755 293 1787 amati
315 1766 422 1787 amore
443 1756 600 1787 vinciendi
623 1763 654 1788 et
676 1757 852 1789 attrahendi
874 1767 970 1788 causa

198 1809 300 1837 nexa;
330 1799 416 1839 apud
439 1799 555 1841 Virgil.
582 1801 697 1843 Eclog.
718 1801 824 1832 VIII.
844 1800 898 1832 78.
921 1801 969 1832 di-

197 1850 316 1874 cuntur
336 1843 391 1874 illa
419 1846 546 1875 Veneris
567 1845 715 1876 vincula.-
746 1846 847 1876 Necte
871 1846 971 1875 tribus

196 1889 288 1918 nodis
301 1893 414 1924 ternos,
431 1889 600 1928 Amarylli,
623 1890 734 1919 colores
758 1887 835 1929 (tria
855 1887 970 1918 diversi

197 1929 311 1962 coloris
324 1929 411 1970 licia)
427 1932 540 1968 Necte,
557 1933 715 1973 Amarylli
728 1934 829 1969 modo,
844 1937 884 1969 et,
915 1933 970 1963 Ve-

197 1975 291 2011 neris,
307 1975 365 2010 dic,
381 1975 508 2006 vincula
522 1981 620 2006 necto.

447 2061 632 2093 SATIRA
659 2062 728 2093 IX.

246 2148 359 2179 Homo
383 2147 523 2189 quidam,
551 2149 606 2190 qui
632 2149 817 2191 garrulitate
838 2155 870 2181 et
890 2159 971 2180 vana

194 2191 348 2233 jactantia
376 2191 533 2222 occiderat
563 2203 653 2233 paene
684 2193 869 2230 Horatium,
896 2193 974 2224 vivis

203 2234 361 2266 coloribus
374 2234 568 2266 describitur.

245 2289 274 2309 v.
294 2277 323 2309 1.
343 2279 435 2310 Ibam
448 2285 485 2311 uc
487 2279 588 2321 sorte
605 2280 672 2311 sine
686 2280 774 2311 omni
790 2280 973 2312 necessitate

200 2323 341 2353 tentabat
374 2324 540 2354 Bentleius.
591 2324 681 2354 Bene
711 2324 797 2354 enim
834 2324 971 2355 cohaeret

201 2365 312 2403 oratio,
328 2367 420 2398 Ibam
430 2367 571 2410 firee—
587 2377 660 2398 ecce
674 2369 803 2409 quidam
817 2369 966 2399 accurrit.

201 2427 246 2434 -·
262 2411 318 2440 Via
333 2420 433 2444 sacra,
449 2409 584 2440 ducebat
598 2411 667 2441 haec
682 2411 732 2441 via
746 2421 764 2441 e
779 2411 868 2442 foro'
860 2421 893 2441 ιιι
908 2411 971 2442 Ca-

202 2453 360 2494 pitolium,
377 2459 409 2484 et
421 2459 487 2483 erat
500 2452 762 2493 frequentissima.

245 2507 274 2527 v.
294 2495 325 2527 2.
343 2508 516 2537 nugarum,
538 2507 594 2536 per
616 2507 720 2539 nugas
739 2496 883 2539 intellige
903 2507 971 2528 car

202 2550 276 2571 men
291 2538 430 2581 aliquod,
445 2539 531 2581 quod
546 2550 652 2571 secum
668 2540 878 2572 meditabatur
898 2540 970 2571 Ho-

202 2583 319 2623 ratius3
344 2583 388 2614 sic
402 2583 486 2615 infra
508 2583 610 2623 Epist.
632 2583 733 2614 ΙΙ.2.
754 2583 826 2615 141.
846 2584 972 2624 abjecta.»

202 2639 307 2668 nugae,
337 2627 378 2658 de
409 2626 529 2669 abjecto
557 2627 733 2658 carminum
755 2627 970 2658 faciendorum

202 2670 319 2702 studio.

248 2724 278 2746 v.
296 2713 327 2745 4.
346 2715 424 2756 quid
436 2715 503 2755 agis
523 2725 649 2746 rerum.
644 2714 660 2737 Ρ
687 2713 830 2745 similiter
851 2715 972 2755 aliquid

204 2769 314 2790 rerum
331 2769 439 2799 gerere
451 2757 536 2798 apud
560 2757 686 2789 Terent.
708 2757 858 2789 Eunuch.
876 2757 919 2787 V.
937 2755 968 2787 4.

209 2799 237 2832 1.
268 2804 386 2840 Reviso,
409 2803 561 2852 quidnam
578 2802 704 2834 Chaerea
725 2813 834 2833 rerum
857 2802 907 2832 hic
918 2813 971 2840 g·e

206 2852 278 2883 rat‚·
296 2851 328 2877 et
342 2845 458 2886 passim
472 2845 556 2876 alibi.
597 2844 659 2876 sed
667 2844 813 2887 jungunt
826 2844 891 2875 fere
905 2854 972 2874 om-

208 2898 264 2918 nes
282 2888 488 2930 Inzterpretes
508 2889 680 2922 dulcissime
695 2900 812 2921 rerum.
851 2888 972 2920 Occur-

1009 1452 1051 1483 rit
1064 1452 1194 1493 quidem
1209 1452 1295 1491 apud
1314 1453 1468 1484 Ovidium
1493 1453 1574 1483 Met.
1595 1452 1701 1485 V111.
1719 1453 1773 1485 49.

1014 1497 1056 1527 A.
1079 1497 1121 1527 A.
1144 1496 1171 1527 1.
1185 1494 1260 1526 213.
1282 1496 1416 1528 Heroid.
1433 1497 1495 1527 IV.
1517 1495 1588 1527 125.
1604 1499 1779 1538 pulcherri-

1011 1552 1061 1571 me
1075 1551 1193 1576 rerum,
1209 1539 1265 1570 sed
1279 1540 1345 1570 fleri
1358 1541 1472 1580 potuit,
1488 1547 1525 1571 ut
1542 1540 1687 1579 Ovidius,
1706 1542 1779 1572 Ho-

1011 1583 1126 1614 ratium
1141 1583 1331 1621 imitaturus,
1347 1594 1436 1624 aeque
1451 1590 1544 1625 atque
1559 1584 1613 1615 alii
1627 1584 1659 1614 in
1677 1587 1779 1616 verbis

1012 1627 1095 1657 inter
1109 1637 1142 1657 se
1158 1627 1333 1669 jungendis
1347 1634 1472 1658 erraret.
1521 1627 1607 1659 Nam
1621 1628 1647 1658 si
1661 1628 1694 1659 in
1717 1639 1780 1659 usu

1010 1670 1122 1706 fuisset
1135 1671 1204 1701 haec
1218 1670 1371 1702 adulandi
1391 1671 1539 1707 formula,
1554 1671 1607 1702 vix
1631 1671 1777 1709 Plautus,

1013 1713 1182 1745 Terentius
1196 1720 1228 1745 et
1241 1713 1296 1744 alii
1310 1724 1348 1744 ea
1362 1713 1594 1745 abstinuissent.

1054 1767 1084 1787 v.
1096 1757 1128 1788 5.
1140 1759 1286 1795 suaviter,
1298 1757 1445 1798 vulgares
1457 1757 1605 1789 formula!
1617 1757 1780 1799 alloquen-

1013 1800 1096 1832 tium
1121 1806 1153 1832 et
1175 1800 1453 1840 respondentium;
1475 1803 1551 1843 quid
1570 1813 1678 1833 rerum
1703 1804 1781 1843 agis,

1013 1855 1089 1875 nos:
1118 1845 1174 1876 wie
1193 1846 1266 1885 geht
1287 1855 1320 1876 es
1341 1846 1400 1881 dir,
1423 1846 1568 1880 naviter,
1591 1855 1668 1876 nos·
1696 1848 1783 1878 recht

1010 1894 1080 1928 gut,
1103 1893 1140 1920 ut
1163 1899 1254 1919 nunc
1279 1894 1334 1926 est,
1355 1897 1414 1928 pro
1435 1898 1482 1926 en,
1505 1898 1569 1930 qua
1588 1898 1676 1920 nunc
1697 1895 1779 1926 utor,

1013 1941 1119 1962 rerum
1135 1930 1325 1962 conditione.
1415 1937 1446 1963 et
1466 1934 1557 1973 cupio
1578 1934 1696 1970 omnia,
1711 1945 1783 1975 quae

1013 1977 1069 2012 vis,
1084 1975 1143 2006 hac
1164 1974 1303 2006 formula
1322 1974 1441 2016 qumvis
1460 1976 1544 2006 bona
1564 1975 1659 2006 alicui
1671 1986 1783 2017 appre-

1014 2018 1108 2049 candi
1118 2018 1168 2049 usi
1180 2018 1338 2058 praecipue
1352 2029 1419 2049 esse
1429 2018 1576 2050 videntur
1587 2019 1784 2051 discedentes

1014 2063 1054 2093 ab
1079 2061 1196 2103 aliquo,
1223 2062 1316 2103 eique
1338 2061 1565 2101 valedicentes;
1587 2061 1643 2093 sed
1667 2062 1783 2094 frustra

1016 2105 1173 2136 Horatius
1183 2106 1242 2136 hac
1256 2105 1394 2138 formula
1407 2107 1448 2137 ab
1458 2105 1587 2137 bomine
1599 2106 1783 2146 importuno

1013 2160 1047 2180 se
1061 2148 1228 2180 dissolvere
1241 2150 1391 2180 tentabat.

1060 2203 1089 2223 v.
1105 2192 1136 2223 6.
1150 2204 1275 2233 occupo,
1287 2202 1474 2232 praeoccupo
1483 2201 1558 2223 eum
1572 2190 1724 2224 dicendo:
1736 2210 1781 2218 -—

1018 2238 1113 2268 Num
1135 2238 1212 2278 quid
1236 2235 1309 2268 vis?
1331 2236 1401 2266 haec
1423 2245 1548 2285 quoque
1571 2241 1620 2266 est
1643 2235 1782 2267 formula

1011 2280 1143 2321 jamjam
1159 2279 1284 2316 abituri,
1299 2284 1340 2316 et,
1354 2288 1434 2309 num
1448 2278 1526 2320 quid
1539 2278 1590 2316 sit,
1611 2279 1702 2320 quod*
1711 2279 1780 2310 fieri

1007 2324 1180 2365 jubeatur?
1217 2321 1374 2363 rogantis3
1411 2332 1486 2353 nos:
1527 2324 1597 2354 kase
1624 2325 1669 2355 du
1699 2325 1779 2354 noch

1012 2373 1104 2398 etwas
1119 2378 1159 2397 zu
1180 2367 1325 2408 btffehlen.
1353 2365 1480 2397 Terent.
1501 2365 1653 2396 Eunuch.
1675 2365 1725 2397 11.
1743 2366 1776 2398 3.

1013 2409 1066 2440 50.
1108 2411 1204 2450 Rogo,
1229 2410 1386 2450 numquid
1410 2410 1504 2441 velit.-
1535 2415 1626 2444 recte.
1653 2411 1756 2452 inquit

1013 2455 1095 2485 abeo.
1144 2453 1222 2484 Alia
1236 2451 1380 2492 exempla
1394 2451 1523 2494 collegit
1537 2454 1657 2484 Heind.

1057 2507 1086 2527 v.
1105 2495 1135 2527 7.
1154 2495 1238 2528 miris
1252 2507 1318 2533 nos,
1333 2495 1439 2532 velim,
1455 2503 1493 2527 ut
1506 2505 1565 2526 nos
1578 2495 1672 2527 noris.

1056 2551 1086 2570 v.
1104 2539 1136 2570 8.
1155 2542 1210 2571 hoc
1224 2548 1299 2579 pro:
1318 2548 1358 2569 eo
1371 2538 1480 2579 pluris,
1494 2539 1545 2570 vel
1559 2550 1634 2580 pro:
1652 2541 1694 2572 ob
1708 2541 1778 2572 hoc.

1014 2602 1057 2609 ...
1073 2585 1192 2620 misere,
1208 2589 1244 2613 ut
1259 2592 1287 2612 v.
1303 2580 1353 2612 14.
1371 2592 1442 2622 pro:
1455 2582 1557 2620 valde,
1572 2583 1780 2622 vehementer,

1014 2633 1052 2658 ut
1066 2626 1180 2658 docent
1195 2625 1334 2657 Lexica.
1353 2627 1511 2676 praecipue
1525 2627 1566 2658 de
1583 2628 1687 2664 rebus,
1709 2639 1790 2671 quae

1015 2671 1216 2700 vehementer
1241 2669 1385 2700 animum
1409 2670 1561 2706 cmciant,
1584 2677 1616 2702 et
1629 2670 1781 2703 miserum

1015 2713 1167 2751 reddunt;
1190 2712 1264 2744 hinc
1286 2723 1314 2743 v.
1336 2712 1385 2743 10.
1404 2715 1499 2745 sudor
1516 2713 1653 2745 Horatio
1666 2714 1730 2746 de*
1720 2725 1782 2746 lm-

1015 2756 1145 2798 portuni
1172 2755 1311 2787 hominis
1334 2756 1518 2798 garrulitate
1538 2760 1581 2789 ad
1604 2759 1681 2790 imon
1705 2761 1783 2791 talos

1014 2811 1158 2832 manasse
1171 2799 1295 2831 dicitur.

1059 2854 1088 2874 v.
1110 2842 1159 2874 ll.
1184 2845 1209 2875 0
1223 2850 1262 2880 te,
1280 2845 1409 2882 Boione,
1424 2845 1537 2876 cerebri
1551 2846 1716 2878 Felicem!
1734 2845 1780 2876 fe-

1017 2887 1108 2919 licem
1124 2886 1272 2928 praedicat
1287 2889 1458 2927 Bolanum,
1469 2887 1524 2929 qui
1539 2895 1576 2920 ut
1589 2889 1685 2920 homo
1698 2900 1780 2922 cere-
