1904 3250
203 138 294 168 sxr.
314 127 367 176 1.]

835 121 1131 164 SATIRAE.

1681 123 1767 162 367

318 249 491 300 Quanto
510 247 663 290 rectius
682 247 777 299 hoc,
799 263 925 305 quam
944 249 1052 289 tristi
1072 246 1228 289 laedere
1248 260 1371 288 versu

319 317 599 360 Pantolabum
618 332 820 368 scurram,
842 317 1240 372 Nomentanumque
1260 322 1470 371 nepotem,

319 389 429 431 Cum
449 389 528 431 sibi
548 389 724 445 quisque
743 388 874 438 timet,
896 401 1150 444 quamquam
1171 394 1235 428 est
1253 386 1447 436 intactus,
1468 391 1511 426 et
1530 383 1633 426 odit.

319 458 437 508 Quid
455 456 636 500 faciam?
665 457 788 499 saltat
808 457 1027 508 Milonius,
1047 465 1096 498 ut
1115 456 1244 498 semel
1263 457 1347 498 icto

231 535 287 574 25
318 531 508 573 Accessit
526 530 666 572 fervor
686 531 824 586 capiti,
845 544 1129 586 numerusque
1148 529 1343 571 lucernis.

319 603 470 645 Castor
489 603 646 661 gaudet
665 604 796 660 equiS‚
818 618 899 644 ovo
917 611 1149 661 prognatus
1169 602 1319 644 eodem

319 675 478 733 Pugnis
493 691 504 725 ;
536 684 638 732 quot
657 676 841 731 capitum
859 675 1018 725 vivunt,
1039 674 1214 716 totidem
1234 673 1470 715 studiorum

319 745 471 787 Millia.

534 744 611 787 Me
630 745 809 801 pedibus
829 743 1008 786 delectat
1028 743 1224 785 claudere
1245 743 1374 785 verba

319 816 457 860 Lucili
478 818 574 868 ritu,
596 826 787 858 nostrum
806 816 990 858 melioris
1010 824 1204 872 utroque.

231 894 288 932 30
319 890 398 932 Ille
418 890 532 932 velut
551 889 647 931 fidis
667 905 820 931 arcana
839 888 1052 930 sodalibus
1073 887 1175 929 olim

321 962 532 1005 Credebat
550 962 694 1004 libris:
724 977 874 1018 neque,
896 961 931 1002 si
950 961 1060 1002 male
1080 968 1274 1010 cesserat,
1297 975 1482 1016 unquam

318 1033 563 1075 Decurrens
583 1031 679 1082 alio,
700 1046 837 1088 neque
858 1031 892 1072 si
914 1031 1043 1072 bene:
1076 1045 1162 1086 quo
1181 1029 1245 1080 fit,
1267 1038 1315 1071 ut
1334 1030 1470 1071 omnis

321 1103 475 1145 Votiva
491 1109 632 1159 pateat
651 1101 780 1143 veluti
800 1100 1012 1156 descripta
1030 1099 1186 1141 tabella

202 1221 273 1256 bus,
287 1219 401 1261 utjam
414 1229 508 1259 supra
528 1218 570 1249 ad
594 1217 656 1250 Od.
678 1217 740 1248 lv.
758 1215 789 1247 4.
810 1215 839 1247 l.
858 1218 962 1248 obser-

201 1263 355 1299 vavimus,
384 1273 423 1294 ea
451 1270 574 1293 tantum
599 1260 644 1292 rei
669 1267 855 1301 comparata
879 1270 960 1300 pars,

201 1316 300 1348 quam
319 1305 418 1336 solam
439 1304 575 1345 respexit
596 1304 728 1345 quisque
750 1310 852 1343 poeta,
875 1313 963 1343 spec-

202 1349 298 1381 tanda
317 1355 373 1380 est.
422 1348 478 1379 Ad
496 1347 583 1397 quod
600 1348 627 1378 si
651 1347 794 1378 animum
814 1345 963 1377 advertis-

202 1401 274 1424 sent
284 1393 476 1432 interpretes,
498 1390 613 1422 rectius
634 1401 717 1430 saepe
737 1391 778 1421 de
798 1400 961 1430 compara-

200 1434 340 1467 timim·
359 1446 379 1466 a
399 1443 499 1474 pocus
522 1434 672 1465 institutis
689 1433 862 1475 judicaturi
882 1433 962 1464 fuis-

199 1485 279 1511 emt.
327 1479 454 1513 Confer.
469 1489 541 1519 quae
555 1477 655 1509 οΙὶιιι
647 1487 680 1507 ιιι
694 1478 776 1508 hanc
788 1487 855 1508 rem
870 1483 959 1508 nota-

201 1522 305 1554 vimus
318 1521 359 1553 ad
375 1489 493 1554 Catullq.
512 1521 624 1552 LXV.
645 1519 686 1551 19
699 1531 784 1561 seqq.

246 1576 276 1597 v.
307 1564 361 1597 21.
394 1567 460 1602 hoc,
484 1575 598 1604 nempe
626 1564 756 1596 casaris
779 1562 886 1594 invicti
910 1573 961 1594 res

201 1607 314 1640 dicere.
402 1610 483 1640 tristi
507 1607 748 1651 (contumelioso
770 1614 802 1638 et
829 1606 961 1647 proinde

201 1654 302 1684 tristes
322 1654 385 1684 iras
405 1661 500 1691 supra
527 1651 589 1683 Od.
613 1651 640 1682 Ι.
664 1649 711 1681 16.
736 1650 766 1681 9.
792 1650 962 1690 excitante)

202 1697 313 1728 loedere
326 1707 426 1730 vernt.
441 1703 478 1726 ut
491 1694 557 1726 fere
570 1694 653 1725 infra
666 1696 744 1725 atris
759 1695 892 1726 versibus
905 1695 964 1725 ali-

203 1749 297 1780 quem
320 1740 459 1775 obtinere,
481 1748 557 1778 pro:
592 1738 656 1769 sale
677 1737 800 1768 satirico
824 1737 961 1778 aliquem

202 1781 378 1821 perfricare.

247 1834 278 1854 v.
305 1823 358 1855 22.
386 1826 507 1856 Pantul.
533 1835 575 1855 se.
602 1826 698 1855 Nom.
717 1823 757 1854 cf.
775 1833 869 1863 supra
896 1823 960 1854 Sat.

247 1921 278 1941 v.
295 1910 348 1942 23.
373 1913 516 1947 intactus,
538 1909 681 1940 nondum
702 1909 780 1939 tristi
802 1919 891 1939 versu
906 1909 961 1939 lae-

205 1964 270 1985 sus
357 1953 563 1991 odie,sci1icet
576 1962 683 1983 versus
696 1952 797 1982 tristes
811 1952 962 1983 u-istium-

203 2007 267 2038 que
279 2007 426 2028 versuum
439 2003 590 2027 auctores.

246 2051 276 2071 v.
291 2039 430 2072 24-29
452 2038 685 2082 Quidsacinm?
701 2037 778 2087 quid
791 2048 852 2080 ego
864 2037 962 2073 aliud,

202 2093 299 2125 qnam
313 2094 428 2121 vasus,
449 2082 580 2113 faciam?
612 2082 702 2118 Quot
720 2081 804 2112 enim
819 2089 892 2112 sunt
905 2082 962 2111 ho·

203 2127 316 2165 mines,
331 2127 460 2158 totidem
471 2136 528 2157 sua
538 2125 670 2167 quisque
679 2131 837 2155 sectamur
849 2124 961 2155 studia

205 2170 362 2202 Milonius
384 2169 557 2206 saltatione,
586 2169 696 2200 castor
723 2178 877 2208 equorum
905 2167 962 2198 do-

203 2213 393 2244 mandorum
421 2212 536 2249 studio,
568 2211 684 2243 Pollux
712 2211 857 2252 pugilatu
884 2222 963 2252 gnu-

202 2256 302 2295 dent,
292 2269 301 2277 ·
326 2266 397 2298 ego,
419 2263 456 2286 ut
470 2255 626 2291 Lucilius,
642 2254 780 2286 delector
792 2254 963 2285 scribendis

202 2300 313 2331 -tiris,
388 2300 962 2338 Μίιοπὶω.8ε1ιοι.Ρονρ1ι.Μῑιο-

204 2344 277 2375 nim
304 2354 414 2375 scurra
441 2344 562 2374 iliorum
590 2347 773 2382 temporum,
802 2342 857 2382 qui
889 2353 963 2373 cum

205 2389 297 2418 semel
308 2388 410 2418 ebrius
422 2392 507 2423 esset,
529 2387 633 2417 statim
654 2386 766 2416 saltare
785 2386 958 2426 incipiebat.

205 2436 300 2461 —ne
328 2431 429 2466 semel,
457 2428 600 2465 simulac,
628 2436 804 2469 postquam.
892 2430 961 2466 icto,

206 2472 292 2506 vim.
310 2473 402 2513 cujus
423 2472 468 2502 vis
489 2479 585 2512 caput
604 2471 693 2512 quasi
713 2471 858 2511 percutit,
879 2472 912 2501 h.
931 2482 959 2502 e.

206 2514 348 2547 inebriat.
403 2515 558 2546 Milonius
591 2514 698 2556 igitur,
737 2525 846 2545 verum
881 2525 959 2552 esse,

206 2559 291 2598 quod
309 2559 418 2590 Cicero
438 2558 483 2589 ait
497 2561 568 2600 (pro
589 2558 719 2589 Muren.
734 2568 762 2588 c.
781 2557 812 2588 6.
818 2558 843 2598 ),
865 2561 963 2590 nemi-

206 2611 281 2632 nen·
300 2603 373 2642 sere
399 2604 510 2633 muare
544 2603 687 2636 sobrium,
724 2601 870 2641 exemplo
904 2612 963 2632 suo

207 2645 428 2684 comprobavit.
509 2656 717 2686 nuum-usque
729 2646 873 2679 lucernis,
889 2645 964 2686 quia

209 2686 286 2717 ebrii
309 2688 471 2727 geminum
491 2687 689 2719 lucernarum
714 2698 884 2719 numerum
904 2688 963 2719 sibi

211 2729 314 2760 videre
326 2730 480 2766 videntur,
501 2730 636 2762 suaviter
656 2731 792 2762 lucernis
811 2741 963 2762 numerus

210 2772 355 2804 secedere
372 2773 494 2805 dieitur.
518 2773 666 2806 Juvenal.
679 2774 741 2805 Vl.
760 2772 835 2806 304«.
883 2777 963 2807 Cum

211 2815 323 2846 bitum·
342 2819 467 2854 concha,
491 2828 561 2848 cum
579 2817 655 2857 jam
678 2820 824 2858 vertigine
847 2825 963 2850 tectum

211 2859 367 2895 Ambusti,
381 2866 410 2890 ee
427 2861 557 2900 gentinis
576 2862 710 2902 exsurgit
731 2872 838 2893 mensu
858 2863 959 2893 lucer-

212 2901 376 2932 nia—et
397 2901 441 2934 sic
467 2902 602 2935 Ovidius
623 2903 658 2934 in
684 2908 754 2936 Art.
782 2906 858 2937 Am.
885 2905 957 2938 111.

1006 1214 1080 1246 751.
1105 1217 1177 1248 bino
1202 1217 1310 1247 videre.
1403 1219 1509 1248 Castor
1530 1218 1645 1256 gaudet
1670 1219 1768 1258 equis,

1006 1259 1077 1290 vide
1099 1269 1194 1299 supra
1218 1258 1283 1290 Od.
1303 1258 1332 1290 1.
1357 1257 1408 1290 12.
1433 1259 1486 1295 25.
1510 1258 1564 1290 26.
1599 1262 1718 1292 Dicam
1738 1267 1769 1292 ee

1005 1304 1147 1338 Alciden,
1165 1313 1335 1344 puerosque
1358 1305 1464 1339 Ledae,
1490 1306 1592 1335 Hunc
1613 1305 1709 1345 equis,
1731 1305 1771 1335 il-

1004 1348 1074 1378 lum
1107 1357 1253 1386 superare
1279 1349 1406 1386 pugnis,
1445 1349 1597 1378 Nobilem.
1690 1349 1769 1382 Quot

1003 1392 1142 1430 capitum
1171 1396 1243 1420 cett.
1277 1396 1391 1420 notum
1427 1398 1474 1421 est
1509 1389 1590 1421 illud
1629 1390 1768 1421 Terentii

1005 1432 1153 1475 (Phorm.
1175 1432 1224 1463 11.
1240 1430 1272 1464 4⁸.
1294 1431 1375 1473 l4.),
1391 1440 1465 1474 quot
1479 1435 1626 1471 homines,
1640 1440 1683 1465 tot
1699 1444 1770 1465 sen-

1001 1479 1118 1514 tentie,
1140 1487 1218 1508 suus
1239 1478 1352 1517 cuique
1373 1488 1446 1508 mos.
1532 1480 1604 1518 ped.
1627 1479 1772 1509 claudere

1001 1521 1104 1557 verba,
1134 1520 1179 1550 sic
1206 1529 1302 1559 supra
1326 1520 1390 1551 Sat.
1421 1520 1450 1551 1.
1482 1518 1533 1551 10.
1562 1520 1616 1551 59.
1640 1522 1769 1561 pedibus

1001 1565 1082 1595 certis
1104 1564 1256 1594 claudere.
1344 1570 1489 1596 nostrum
1517 1566 1651 1596 melioris
1679 1570 1768 1595 utro·

1002 1618 1072 1647 que,
1098 1606 1261 1637 nobilioris
1283 1612 1417 1648 utroque
1442 1615 1596 1638 nostrum.
1645 1606 1769 1643 Quodsi

1005 1650 1113 1691 igitur,
1131 1649 1285 1680 Horatius
1299 1650 1368 1681 vult
1388 1650 1499 1686 dicere,
1518 1650 1681 1682 Lucilium
1703 1660 1768 1681 non

1005 1693 1121 1733 puduit
1139 1692 1247 1724 satiras
1268 1693 1410 1732 scribere,
1432 1705 1490 1726 cur
1511 1705 1573 1731 me,
1595 1695 1651 1735 qui
1673 1694 1769 1724 homo

1003 1747 1075 1768 sum
1104 1736 1261 1777 ignobilis,
1291 1747 1360 1774 nec,
1391 1744 1500 1768 utrum
1529 1737 1693 1773 Lucanus,
1727 1747 1770 1768 au

1007 1780 1136 1820 Apulus
1156 1779 1308 1811 dicendus
1330 1781 1398 1815 sim,
1421 1781 1495 1812 satis
1516 1783 1591 1818 scio,
1614 1781 1710 1823 hujus
1723 1781 1770 1811 rei

1005 1823 1147 1863 pudeat?
1171 1823 1224 1853 De
1241 1823 1358 1854 Lucilii
1377 1824 1539 1855 nobilitate
1554 1827 1648 1856 Schol-
1668 1827 1768 1865 Cruq.

1007 1866 1048 1897 ad
1061 1867 1148 1896 hunc
1162 1865 1267 1896 locum
1282 1867 1457 1898 observavit
1477 1868 1562 1898 haec.
1587 1869 1643 1909 qui
1663 1870 1770 1900 muer

956 1910 1063 1953 suit
1077 1915 1107 1940 et
1121 1920 1180 1945 me,
1196 1916 1224 1940 et
1238 1915 1279 1946 te,
1301 1912 1438 1947 Trebati,
1460 1922 1567 1949 censu,
1590 1912 1672 1952 (ipse
1694 1910 1770 1943 Ho-

1004 1953 1103 1983 ratius
1123 1952 1205 1982 infra
1225 1963 1255 1982 v.
1274 1952 1325 1983 75.
1351 1965 1383 1985 se
1404 1954 1489 1995 infra
1508 1956 1627 1986 Lucilii
1639 1966 1769 1987 censum

1006 2006 1068 2027 esse
1082 1995 1141 2034 aie)
1156 2001 1185 2025 et
1198 1998 1362 2028 natalibus.
1411 1998 1490 2029 Fui:
1511 2000 1595 2029 enim
1610 2000 1657 2029 vir
1669 2000 1769 2030 bonus

1005 2045 1036 2070 et
1049 2041 1136 2070 valde
1156 2040 1271 2076 nobilis.
1286 2046 1388 2080 ιιφοιε
1402 2042 1515 2081 Magni
1530 2043 1671 2082 Pompeii
1683 2053 1771 2074 avus.

1004 2102 1050 2107 —
1065 2082 1164 2112 Hanc
1205 2082 1325 2113 Lucilii
1366 2083 1561 2115 nobilitatem
1603 2085 1770 2116 confirmat

1005 2125 1088 2155 alius
1107 2127 1234 2166 quoque
1255 2128 1352 2157 Schol-
1377 2126 1459 2158 infm
1478 2126 1520 2158 ad
1534 2138 1564 2158 v.
1582 2126 1634 2158 75.
1653 2130 1707 2159 sed
1730 2130 1766 2165 is,

1005 2167 1131 2205 docens,
1162 2168 1280 2199 Lucilii
1309 2179 1446 2200 sororem
1482 2172 1583 2201 aviam
1622 2171 1768 2211 Pompeii

1002 2211 1111 2248 fuisse,
1138 2211 1301 2243 Lucilium
1327 2223 1392 2244 non
1414 2226 1518 2250 avant,
1541 2215 1595 2245 sed
1616 2216 1767 2256 majorem

1004 2257 1188 2286 avunculum
1213 2255 1357 2295 Pompeii
1376 2256 1474 2288 fuisse
1494 2258 1652 2296 ostendit;
1678 2258 1763 2289 conf.

1006 2298 1121 2329 Vellei.
1141 2298 1209 2329 Pat-
1232 2299 1281 2330 11.
1300 2298 1353 2330 29.

1047 2352 1077 2372 v.
1104 2340 1244 2373 31-33.
1270 2354 1368 2384 neque

1368 2365 1378 2380 ,
1399 2346 1426 2375 si
1447 2345 1528 2375 male
1548 2350 1676 2375 cesserat
1690 2350 1763 2375 cett.

1005 2395 1117 2426 neque,
1141 2386 1205 2416 sive
1228 2386 1304 2426 quid
1328 2386 1421 2422 male,
1446 2388 1509 2417 sive
1533 2387 1610 2427 quid
1635 2389 1715 2418 bene
1735 2388 1766 2418 ei

1004 2435 1144 2464 cesserat,
1171 2439 1302 2469 usquam
1330 2430 1402 2464 alio,
1433 2430 1492 2460 nisi
1521 2431 1559 2460 ad
1584 2429 1665 2460 fidos
1693 2441 1767 2461 suos

1007 2472 1137 2508 sodales,
1152 2472 1193 2502 ad
1206 2473 1312 2509 libros,
1334 2474 1448 2514 quibus
1469 2473 1501 2504 id
1523 2473 1696 2511 mandaret,
1711 2475 1766 2504 de-

1007 2517 1160 2546 currebat.
1208 2515 1354 2547 Lucilius
1366 2517 1483 2547 scilicet
1496 2524 1558 2547 tam
1573 2517 1655 2554 laeta,
1669 2527 1767 2557 quam

1005 2558 1113 2596 tristia,
1138 2565 1202 2590 tam
1224 2565 1317 2596 recte,
1339 2570 1434 2601 quam
1457 2560 1562 2590 minus
1575 2568 1658 2590 recte
1672 2560 1765 2599 facta,

1006 2608 1070 2634 tam
1099 2602 1265 2639 laudanda,
1280 2613 1386 2654 quam
1410 2603 1574 2643 carpenda,
1599 2602 1767 2652 diligenter

1005 2647 1145 2684 notabat,
1160 2645 1247 2676 unde
1261 2648 1329 2688 ejus
1350 2646 1412 2677 vita
1432 2654 1581 2687 tanquam
1603 2646 1637 2676 in
1658 2647 1766 2679 tabula

1005 2690 1108 2720 votiva
1142 2688 1296 2729 descripta
1331 2689 1454 2721 dicitur.
1472 2707 1517 2714 —
1530 2699 1587 2729 pm
1622 2698 1763 2729 cesserat,

1004 2732 1090 2773 quod
1125 2732 1267 2763 defendit
1300 2734 1490 2772 optimorum
1537 2731 1637 2763 Codd.
1679 2734 1765 2774 apud

1006 2777 1109 2808 Feam
1129 2777 1304 2812 auctoritas,
1322 2778 1354 2806 in
1370 2775 1512 2815 plurimis
1525 2774 1609 2805 librr.
1627 2781 1660 2807 et
1673 2777 1763 2808 editt.

1004 2818 1121 2860 legitur
1131 2827 1263 2859 gesserat
1270 2835 1282 2856 ;
1298 2827 1429 2858 utraque
1442 2818 1534 2849 lectio
1547 2817 1658 2849 eod-
1671 2819 1763 2859 redit,

1002 2863 1044 2893 ad
1067 2869 1197 2894 cesserat
1220 2862 1432 2903 supplendum
1461 2869 1526 2892 est:
1558 2863 1587 2893 εἰ
1610 2864 1693 2903 quid,
1720 2864 1763 2895 ad

1000 2912 1156 2946 gesserae:
1181 2907 1264 2946 quiet.
1343 2907 1429 2937 nativ.
1454 2907 1513 2936 aab.
1539 2907 1638 2938 Scluat.
1665 2909 1760 2949 Cruq·
