1904 3250
122 1744 124 1746 '
175 1743 272 1774 nimis
292 1745 384 1784 pauci
404 1756 464 1786 pro
485 1747 626 1787 praetoris
647 1747 810 1789 dignitate.

181 118 270 159 344·

817 119 1125 164 HORATII

1592 110 1703 175 [Lm.
1725 137 1760 164 10*

187 245 266 285 105
300 245 368 287 Ire
389 246 486 288 licet
506 247 637 297 mulo,
659 245 738 295 vel,
761 245 795 286 si
816 245 931 296 libet,
954 260 1087 302 usque
1109 245 1356 299 Tarentum,

299 315 491 358 Mantica
511 316 578 358 cui
598 315 766 357 lumbos
787 329 916 356 onere
936 314 1109 366 ulceret,
1131 301 1257 372 atilae
1276 333 1404 374 eques
1425 333 1578 361 armos.

297 387 482 444 Objiciet
501 402 627 429 nemo
648 386 795 428 sordes
815 386 933 438 mihi,
956 403 1060 444 quas
1074 387 1327 441 tibi,-Tulli,

300 460 409 502 Cum
433 460 612 502 Tiburte
633 460 701 500 via
719 467 948 516 praetorem
969 461 1155 517 quinque
1175 470 1408 518 sequuntur

299 532 363 574 Te
382 533 518 589 pueri,
541 532 734 574 lasanum
753 541 971 589 portantes
991 533 1372 591 oenophorumque.

185 609 265 647 110
300 606 396 647 Hoc
418 621 499 664 ego
520 606 797 657 commodius,
820 622 947 664 quam
968 615 1028 658 tu,
1050 607 1256 664 praeclare
1277 617 1458 660 senator,

297 678 449 719 Multis
470 686 597 736 atque
617 679 709 721 aliis
729 681 838 722 vivo.

902 680 1182 738 Quacumque
1202 681 1335 723 libido
1354 690 1432 733 est,

297 747 456 788 Incedo
477 747 615 790 solus:
647 757 894 804 percontor,·
912 750 1059 806 quanti
1079 749 1186 800 olus,
1209 765 1258 791 ac
1277 749 1367 792 far:

298 817 334 857 F
334 817 509 859 allacem
530 819 704 869 circum,
726 819 1096 876 vespertinumque
1115 835 1291 876 pererro

300 886 423 942 Saepe
444 886 610 937 forum3
642 887 801 929 adsisto
821 887 973 929 divinis
990 904 999 928 :
1032 887 1132 930 inde
1153 888 1329 930 domum
1350 905 1417 930 me

185 960 263 999 115
296 958 369 1000 Ad
389 960 507 1015 porri
528 967 570 1002 et
592 961 738 1002 ciceris
760 960 898 1003 refero
919 960 1143 1018 laganique
1165 962 1363 1003 catinum.

300 1029 435 1072 Coena
455 1031 717 1073 ministratur
737 1032 881 1088 pueris
902 1031 1037 1073 tribus
1055 1047 1065 1072 z
1098 1039 1140 1073 et
1159 1031 1266 1087 lapis
1287 1031 1408 1074 albus

298 1098 458 1141 Pocula
478 1116 575 1142 cum
597 1100 752 1158 cyatho
771 1101 859 1143 duo
880 1101 1082 1143 sustinet:
1115 1101 1255 1143 adstat
1273 1102 1447 1144 'echinus

296 1168 417 1220 Vilis,
440 1186 537 1212 cum
557 1179 704 1227 patera
723 1179 883 1229 guttus,
910 1171 1130 1228 Campana
1149 1172 1354 1228 supellex.

297 1241 467 1285 Deinde
487 1259 540 1285 eo
558 1245 817 1295 dormitum3
849 1260 935 1286 non
957 1244 1173 1296 sollicitus,
1195 1245 1300 1286 mihi
1321 1245 1435 1302 quod
1458 1260 1550 1287 cras

182 1315 263 1354 120
297 1314 567 1373 Surgendum
589 1319 642 1360 sit
663 1333 800 1369 mane,
823 1318 1045 1360 obeundus
1068 1317 1258 1375 Marsya,
1281 1319 1353 1375 qui
1374 1334 1419 1360 se

178 1438 260 1469 curti
274 1445 306 1470 et
320 1439 428 1481 exigui
442 1443 580 1482 corporis
602 1444 708 1484 (einen
729 1445 853 1475 kleinen
866 1444 950 1484 Μερ-

174 1485 247 1521 per)
349 1486 499 1521 mantica,
530 1496 614 1525 pera,
645 1486 775 1518 sarcina.
839 1486 945 1518 Schol.

180 1525 333 1566 Porphyr.
360 1529 414 1559 hoc
429 1540 465 1559 ea·
479 1531 648 1561 Luciliano
662 1532 713 1561 illo
726 1535 868 1562 sumtum
882 1536 926 1562 est
937 1543 949 1559 .·

177 1570 322 1602 Mantica
339 1573 492 1603 cantherii
505 1579 602 1605 costas
613 1576 766 1614 gravitate
774 1575 946 1614 premebat·

219 1623 248 1643 v.
267 1612 449 1645 107-109.
474 1618 585 1657 sordes,
602 1617 760 1648 sordidam
777 1618 947 1648 avaritiam.

175 1673 219 1681 —
240 1659 369 1690 Tiburte
389 1661 451 1695 via,
467 1670 486 1690 a
500 1666 589 1699 porta
605 1660 775 1701 Esquilina
789 1661 821 1691 in
839 1661 946 1692 villam

178 1699 379 1733 Tiburtinam
417 1704 558 1742 praetoris
587 1703 735 1735 ducente.
796 1707 943 1747 quinque.

174 1797 301 1830 sanum,
319 1789 424 1820 Schol.
441 1801 506 1828 vas,
530 1792 565 1822 in
587 1803 647 1832 quo
669 1798 858 1824 exoneratur
872 1803 947 1824 ven-

174 1835 230 1863 ter·
334 1835 546 1873 oenophm‘um,
577 1835 726 1876 (οἷνοφὸρου
754 1846 798 1865 sc·
831 1835 945 1874 σκεῦος)

174 1874 276 1923 corbis
290 1875 340 1916 vel
353 1876 432 1907 cista
445 1877 510 1907 vini
532 1878 693 1918 amphoris
712 1878 876 1919 portandis
896 1879 947 1909 in-

174 1927 320 1949 εετνιεης.

193 1959 446 2037 Ι.ν.ᾱΙΙΟ.4.11-Ιοσ,
462 1965 503 1996 ob
517 1965 578 1996 hoc
592 1964 725 2006 simplex
739 1965 812 1997 vitae
821 1976 945 2008 genus;

175 2015 192 2035 c
206 2026 215 2035 .
234 2016 254 2036 a
290 2017 317 2036 v.
377 2029 386 2037 .

218 2058 247 2079 v.
266 2048 338 2080 111.
357 2051 439 2083 Pro:
459 2053 703 2094 Millibusatque
712 2054 781 2084 aliis
791 2052 864 2083 dedi
876 2063 951 2084 cum

175 2093 359 2137 Heindorfio
382 2094 550 2126 lectionem
565 2098 717 2128 Lambini
726 2112 739 2135 ,·
761 2107 837 2128 nam
852 2099 951 2129 millia

174 2137 237 2168 alia
252 2145 328 2167 sunt
340 2137 463 2169 diversa
475 2139 585 2170 millia.

218 2189 247 2210 v.
269 2179 341 2212 113.
369 2183 451 2213 Fau.
477 2184 550 2213 circ.
567 2201 612 2207 —
628 2185 726 2215 Schol.
753 2187 847 2225 Cruq.
870 2186 948 2215 Fal-

175 2225 276 2256 lacem
309 2227 388 2256 dirie
417 2224 567 2267 (circum)
593 2235 721 2267 propter
748 2229 947 2259 samardacos

176 2266 394 2309 (impostores)
413 2275 445 2300 et
464 2271 625 2310 sortilegos,
651 2278 679 2302 et
705 2273 945 2308 mathematicos,

174 2313 230 2351 qut
249 2314 292 2344 ad
313 2319 411 2344 metas
433 2319 614 2353 spectatores
638 2316 891 2352 circumstabant,
917 2321 947 2347 et

174 2357 330 2397 imperitos
342 2357 474 2389 sortibus
486 2362 516 2388 et
530 2359 793 2399 nugis-fallebant.

218 2411 247 2430 v.
268 2397 342 2430 114.
367 2401 488 2436 divinis,
504 2400 669 2442 sortilegis,
693 2411 799 2432 rerum
821 2401 946 2432 futura·

176 2453 246 2474 rum
273 2443 396 2475 vatibus
419 2443 467 2474 vel
492 2445 688 2475 somniorum
710 2445 941 2485 interpretibus.

177 2487 334 2519 Horatius
361 2493 478 2526 autem,
505 2486 584 2518 dum
614 2495 652 2519 ut
680 2489 778 2519 homo
806 2488 945 2529 vulgaris

174 2530 330 2572 ejusmodi
349 2530 515 2562 hominum
537 2530 662 2561 circulis
683 2542 716 2561 se
737 2531 943 2569 immiscebat,

174 2581 207 2605 et
227 2574 404 2614 vespertino
425 2580 564 2614 tenpore
582 2575 646 2605 huc
660 2574 737 2605 illuc
752 2575 785 2605 in
800 2575 869 2606 foro
883 2575 943 2606 cir-

175 2619 435 2659 cumvagabatur‚
462 2616 595 2649 faciebat
630 2617 763 2658 aliquid,
798 2613 883 2659 quod
924 2629 944 2650 a

174 2661 366 2692 nobiliorum
403 2660 556 2703 dignitate
591 2660 731 2691 alienum
760 2663 939 2700 putabatur.

177 2704 267 2736 Hinc
282 2706 378 2737 Schol.
396 2708 489 2747 Cruq.
506 2705 621 2736 altioris
634 2705 792 2745 dignitatis
806 2707 943 2737 homines

174 2751 356 2781 erubescunt
376 2760 443 2781 sero
463 2750 499 2781 in
518 2750 566 2780 la's
585 2750 670 2788 vulgi
689 2749 815 2780 circulis
829 2750 945 2781 consis-

174 2799 247 2823 lere-

217 2846 246 2866 ν.
279 2834 352 2867 115.
384 2837 561 2878 laganique,
575 2853 620 2862 -
635 2834 739 2867 Schol.
767 2835 863 2875 Cruq.
895 2837 942 2866 la·

173 2890 260 2917 gana
302 2886 378 2912 sunt
403 2881 592 2921 placentula
621 2881 764 2922 quaedam
792 2880 943 2919 vulgares,

175 2925 264 2962 quasi
298 2925 523 2957 membranula:
557 2924 735 2965 composita
768 2933 840 2964 quoe
869 2933 943 2955 cum

986 1444 1092 1484 pipere
1106 1449 1135 1474 et
1149 1444 1323 1484 liquamine
1337 1444 1467 1474 condieae
1480 1444 1617 1482 depromi
1630 1444 1763 1474 solebant

991 1488 1033 1517 ad
1051 1498 1171 1518 coenam
1186 1489 1379 1518 moderatam
1392 1492 1422 1517 et
1430 1487 1613 1526 parabilem.
1662 1486 1762 1527 Ergo,

995 1534 1033 1561 ut
1046 1530 1091 1561 ait
1107 1531 1249 1562 Heimtm·
1309 1553 1317 1566 ,
1329 1529 1416 1570 quod
1430 1529 1516 1568 apud
1530 1539 1589 1560 nos
1600 1542 1608 1559 ι
1621 1531 1758 1570 plinsen.

1039 1583 1068 1603 v.
1097 1572 1222 1604 116—l
1246 1572 1278 1604 8.
1309 1575 1387 1614 lapis
1416 1575 1514 1610 albus,
1544 1572 1648 1603 Schol.
1680 1573 1757 1605 Aer.

991 1628 1098 1648 mensa
1120 1629 1308 1654 marmorea,
1323 1628 1420 1658 quam
1434 1622 1543 1648 vocant
1559 1618 1756 1656 Delphicam.

992 1660 1054 1691 Sed
1070 1663 1151 1698 Fea,
1167 1660 1223 1701 qui
1240 1660 1333 1691 docte
1354 1666 1387 1691 et
1407 1660 1532 1700 copiose
1559 1659 1600 1690 de
1613 1660 1674 1691 hoc
1688 1660 1760 1691 loco

988 1703 1138 1744 disputat,
1153 1705 1258 1736 album
1271 1705 1406 1744 lapidem
1419 1703 1534 1743 accipit
1553 1702 1593 1733 de
1613 1706 1761 1746 engytkeq

991 1758 1029 1778 ca
1060 1759 1115 1779 seu
1139 1749 1206 1779 basi
1226 1759 1371 1779 vasorum
1391 1748 1640 1779 collocandorum
1661 1758 1759 1780 causa

984 1798 1102 1830 parata
1126 1793 1161 1823 in
1182 1792 1294 1828 abacis,
1317 1792 1382 1828 ubi,
1405 1791 1481 1832 quia
1494 1796 1578 1822 stare
1586 1801 1645 1831 per
1659 1801 1691 1823 se
1703 1802 1762 1823 ne-

990 1836 1123 1875 quibant
1132 1836 1257 1875 pocula,
1267 1836 1380 1878 fimdo
1400 1845 1507 1866 eorum
1526 1834 1682 1874 spherica,
1697 1846 1762 1867 non

984 1879 1092 1918 plano,
1116 1885 1152 1910 ut
1175 1879 1210 1910 in
1231 1879 1353 1915 miseris,
1383 1878 1450 1909 ban·
1472 1878 1700 1909 inserebantur.
1717 1878 1763 1904 --’

989 1923 1106 1961 pocula
1121 1924 1195 1959 duo,
1209 1932 1266 1961 par
1287 1921 1495 1962 poculorum3
1518 1920 1653 1962 singulis
1674 1921 1762 1952 enim

991 1965 1197 2002 caenantibus,
1221 1971 1258 1996 ut
1279 1966 1422 1996 observat
1448 1965 1612 1996 Turnebus
1633 1964 1668 1995 in
1692 1967 1763 2002 Ad-

991 2020 1069 2040 vers.
1099 2009 1167 2040 IX.
1196 2007 1247 2040 19.
1289 2019 1348 2049 par
1375 2007 1564 2048 poculorum
1590 2007 1626 2038 in
1654 2018 1764 2040 mensa

994 2052 1112 2091 apponi
1134 2052 1264 2084 solebat.
1352 2053 1489 2089 echinus,
1503 2050 1667 2083 vasculum
1681 2062 1759 2095 epu-

993 2095 1060 2126 lare
1074 2095 1114 2126 ad
1128 2097 1264 2127 formam
1280 2094 1387 2127 echini
1397 2094 1561 2132 efflmmg
1584 2100 1642 2127 vet,
1660 2097 1758 2127 Schol.

996 2144 1017 2158 ‘¹
1030 2141 1192 2171 Echinum
1207 2142 1282 2172 dnh-it
1303 2150 1356 2171 vas
1377 2150 1510 2174 aeneum,
1526 2140 1562 2170 in
1575 2150 1635 2180 quo
1655 2139 1763 2172 calices

1223 2183 1286 2215 sed
1296 2185 1368 2216 *Fea
1383 2181 1425 2214 ad
1437 2182 1521 2212 hanc
1540 2191 1649 2212 vocem
1671 2182 1758 2214 haec:

1329 2227 1444 2258 conclea
1467 2226 1550 2261 salis,
1573 2233 1668 2263 supra
1691 2225 1757 2256 Sat.

991 2183 1176 2214 lavantur.”

992 2221 1162 2260 “echinus.
1186 2237 1301 2267 nempe

991 2269 1021 2300 Ι.
1051 2268 1084 2300 3.
1118 2268 1169 2301 14.
1193 2272 1334 2302 salinum
1361 2268 1426 2301 ΟΔ.
1455 2267 1509 2299 11.
1536 2265 1586 2299 16.
1607 2265 1658 2298 14.
1683 2269 1761 2310 quia

991 2314 1111 2345 concha
1126 2313 1220 2345 fiebat
1233 2324 1273 2344 ex
1292 2314 1408 2346 echinis
1428 2313 1628 2349 concharum,
1643 2317 1681 2343 ut
1701 2322 1760 2343 no-

989 2362 1036 2387 tat
1053 2358 1162 2388 Acron
1181 2356 1223 2388 ad
1240 2357 1303 2388 Od.
1323 2356 1375 2388 11.
1392 2354 1423 2385 7.
1441 2353 1522 2386 23.”
1605 2361 1724 2396 guum,
1738 2367 1760 2388 a

987 2406 1092 2440 gutta,
1118 2400 1293 2436 vasculum,
1323 2410 1342 2430 e
1362 2408 1427 2440 quo
1446 2397 1584 2439 liquores
1606 2398 1759 2440 guttatim

988 2443 1252 2480 demittebantun
1274 2453 1339 2484 quo
1359 2441 1520 2482 praecipue
1539 2443 1711 2475 utebantur
1720 2442 1759 2476 in

987 2496 1022 2518 re
1036 2486 1153 2524 divina,
1169 2486 1255 2518 unde
1267 2492 1380 2527 guttus
1387 2485 1458 2527 jam
1471 2495 1546 2516 cum
1556 2492 1667 2526 patera
1681 2497 1758 2517 con-

980 2529 1131 2571 jungitur
1143 2541 1154 2568 3
1199 2532 1362 2571 Campana
1384 2530 1524 2569 supellex,
1539 2529 1615 2570 quia
1628 2535 1709 2560 terra
1723 2531 1758 2561 in

991 2573 1165 2612 Campania
1192 2573 1273 2603 vasis
1301 2571 1449 2604 fictilibus
1475 2572 1635 2612 praecipue
1655 2573 1757 2603 confi-

986 2616 1105 2647 ciendis
1119 2622 1192 2656 apta
1203 2615 1276 2647 fuit.
1325 2616 1378 2647 Sic
1391 2615 1475 2647 infra
1491 2615 1555 2647 Sat.
1570 2615 1622 2647 11.
1636 2615 1668 2647 3.
1686 2614 1760 2648 144.

989 2663 1150 2700 Campana
1163 2661 1271 2692 trulla.

1031 2713 1060 2734 v.
1085 2702 1158 2734 120.
1190 2705 1334 2744 Marsya,
1363 2702 1413 2733 vel
1442 2703 1602 2744 Marsyas,
1633 2703 1755 2742 (Schol.

990 2748 1109 2789 Cruq.)
1133 2748 1265 2789 Marsya
1287 2752 1394 2778 statua
1415 2753 1481 2777 erat
1501 2758 1557 2788 pro
1576 2749 1693 2785 rostris,
1714 2749 1758 2781 ad

987 2801 1086 2832 quam
1100 2791 1235 2823 solebant
1249 2792 1412 2822 convenire
1432 2791 1590 2827 causidici,
1609 2793 1667 2832 qui
1687 2792 1756 2833 lites

986 2840 1016 2865 et
1031 2836 1149 2875 negotia
1170 2835 1349 2865 tractabant
1369 2839 1401 2865 et
1420 2835 1650 2874 componebant.
1692 2836 1759 2868 Lo-

988 2889 1044 2910 cus
1057 2884 1162 2910 autem
1177 2889 1290 2910 nomen
1310 2889 1330 2908 a
1352 2883 1457 2909 statua
1479 2880 1606 2918 accepit,
1621 2881 1704 2921 quod
1715 2879 1758 2912 ibi

988 2933 1090 2954 causae
1103 2923 1155 2962 agi
1168 2922 1303 2954 solebant
1318 2927 1347 2953 et
1363 2922 1538 2954 vadimonia
1552 2923 1626 2955 sisti.
