<?xml version="1.0" encoding="UTF-8"?>
<!DOCTYPE html PUBLIC "-//W3C//DTD XHTML 1.0 Transitional//EN"
    "http://www.w3.org/TR/xhtml1/DTD/xhtml1-transitional.dtd">
<html xmlns="http://www.w3.org/1999/xhtml" xml:lang="en" lang="en">
 <head>
  <title>
</title>
<meta http-equiv="Content-Type" content="text/html;charset=utf-8" />
  <meta name='ocr-system' content='tesseract 3.04.00' />
  <meta name='ocr-capabilities' content='ocr_page ocr_carea ocr_par ocr_line ocrx_word'/>
</head>
<body>
  <div class='ocr_page' id='page_1' title='image "./operaomniacumind00horauoft_0514.png"; bbox 0 0 1904 3250; ppageno 0'>
   <div class='ocr_carea' id='block_1_1' title="bbox 219 164 305 204">
    <p class='ocr_par' dir='ltr' id='par_1_1' title="bbox 219 164 305 204">
     <span class='ocr_line' id='line_1_1' title="bbox 219 164 305 204; baseline 0.023 -2"><span class='ocrx_word' id='word_1_1' title='bbox 219 164 305 204; x_wconf 86' lang='lat'>474</span> 
     </span>
    </p>
   </div>
   <div class='ocr_carea' id='block_1_2' title="bbox 853 161 1165 205">
    <p class='ocr_par' dir='ltr' id='par_1_2' title="bbox 853 161 1165 205">
     <span class='ocr_line' id='line_1_2' title="bbox 853 161 1165 205; baseline 0.003 -1"><span class='ocrx_word' id='word_1_2' title='bbox 853 161 1165 205; x_wconf 93' lang='lat' dir='ltr'><strong>HORATII</strong></span> 
     </span>
    </p>
   </div>
   <div class='ocr_carea' id='block_1_3' title="bbox 1634 166 1798 214">
    <p class='ocr_par' dir='ltr' id='par_1_3' title="bbox 1634 166 1798 214">
     <span class='ocr_line' id='line_1_3' title="bbox 1634 166 1798 214; baseline -0.012 -9"><span class='ocrx_word' id='word_1_3' title='bbox 1634 166 1744 214; x_wconf 74' lang='grc'><strong>[1,113.</strong></span> <span class='ocrx_word' id='word_1_4' title='bbox 1767 175 1798 203; x_wconf 85' lang='grc'>1.</span> 
     </span>
    </p>
   </div>
   <div class='ocr_carea' id='block_1_4' title="bbox 336 287 1359 414">
    <p class='ocr_par' dir='ltr' id='par_1_4' title="bbox 336 287 1359 414">
     <span class='ocr_line' id='line_1_4' title="bbox 337 287 1359 346; baseline 0.002 -17"><span class='ocrx_word' id='word_1_5' title='bbox 337 288 451 339; x_wconf 87' lang='lat' dir='ltr'>Non,</span> <span class='ocrx_word' id='word_1_6' title='bbox 475 290 547 346; x_wconf 91' lang='lat' dir='ltr'>qui</span> <span class='ocrx_word' id='word_1_7' title='bbox 572 287 748 331; x_wconf 88' lang='lat' dir='ltr'>Sidonio</span> <span class='ocrx_word' id='word_1_8' title='bbox 768 287 1024 329; x_wconf 86' lang='lat' dir='ltr'>contendere</span> <span class='ocrx_word' id='word_1_9' title='bbox 1046 287 1221 330; x_wconf 87' lang='lat' dir='ltr'>callidus</span> <span class='ocrx_word' id='word_1_10' title='bbox 1242 297 1359 331; x_wconf 87' lang='lat' dir='ltr'>ostro</span> 
     </span>
     <span class='ocr_line' id='line_1_5' title="bbox 336 357 1328 414; baseline 0.001 -15"><span class='ocrx_word' id='word_1_11' title='bbox 336 358 484 400; x_wconf 84' lang='lat' dir='ltr'>Nescit</span> <span class='ocrx_word' id='word_1_12' title='bbox 505 358 764 414; x_wconf 86' lang='lat' dir='ltr'>Aquinatem</span> <span class='ocrx_word' id='word_1_13' title='bbox 783 357 975 413; x_wconf 87' lang='lat' dir='ltr'>potantia</span> <span class='ocrx_word' id='word_1_14' title='bbox 994 357 1151 400; x_wconf 84' lang='lat' dir='ltr'>vellera</span> <span class='ocrx_word' id='word_1_15' title='bbox 1171 357 1328 410; x_wconf 87' lang='lat' dir='ltr'>fucum,</span> 
     </span>
    </p>
   </div>
   <div class='ocr_carea' id='block_1_5' title="bbox 336 429 1447 562">
    <p class='ocr_par' dir='ltr' id='par_1_5' title="bbox 336 429 1447 562">
     <span class='ocr_line' id='line_1_6' title="bbox 336 429 1418 487; baseline 0.001 -15"><span class='ocrx_word' id='word_1_16' title='bbox 336 430 504 472; x_wconf 90' lang='lat' dir='ltr'>Certius</span> <span class='ocrx_word' id='word_1_17' title='bbox 526 430 704 486; x_wconf 87' lang='lat' dir='ltr'>accipiet</span> <span class='ocrx_word' id='word_1_18' title='bbox 723 429 939 481; x_wconf 88' lang='lat' dir='ltr'>damnum,</span> <span class='ocrx_word' id='word_1_19' title='bbox 961 431 1189 487; x_wconf 92' lang='lat' dir='ltr'>propiusve</span> <span class='ocrx_word' id='word_1_20' title='bbox 1208 431 1418 483; x_wconf 85' lang='lat' dir='ltr'><strong>medullis,</strong></span> 
     </span>
     <span class='ocr_line' id='line_1_7' title="bbox 337 502 1447 562; baseline 0.003 -19"><span class='ocrx_word' id='word_1_21' title='bbox 337 502 479 552; x_wconf 86' lang='lat' dir='ltr'>Quam</span> <span class='ocrx_word' id='word_1_22' title='bbox 500 502 573 558; x_wconf 93' lang='lat' dir='ltr'>qui</span> <span class='ocrx_word' id='word_1_23' title='bbox 593 518 680 543; x_wconf 91' lang='lat' dir='ltr'>non</span> <span class='ocrx_word' id='word_1_24' title='bbox 700 503 857 558; x_wconf 89' lang='lat' dir='ltr'>poterit</span> <span class='ocrx_word' id='word_1_25' title='bbox 876 518 978 544; x_wconf 92' lang='lat' dir='ltr'>vero</span> <span class='ocrx_word' id='word_1_26' title='bbox 997 503 1257 562; x_wconf 84' lang='lat' dir='ltr'>distinguere</span> <span class='ocrx_word' id='word_1_27' title='bbox 1281 503 1447 546; x_wconf 83' lang='lat' dir='ltr'>falsum.</span> 
     </span>
    </p>
   </div>
   <div class='ocr_carea' id='block_1_6' title="bbox 245 578 302 615">
    <p class='ocr_par' dir='ltr' id='par_1_6' title="bbox 245 578 302 615">
     <span class='ocr_line' id='line_1_8' title="bbox 245 578 302 615; baseline 0 0"><span class='ocrx_word' id='word_1_28' title='bbox 245 578 302 615; x_wconf 89' lang='lat'>30</span> 
     </span>
    </p>
   </div>
   <div class='ocr_carea' id='block_1_7' title="bbox 335 573 1354 630">
    <p class='ocr_par' dir='ltr' id='par_1_7' title="bbox 335 573 1354 630">
     <span class='ocr_line' id='line_1_9' title="bbox 335 573 1354 630; baseline 0.005 -16"><span class='ocrx_word' id='word_1_29' title='bbox 335 573 478 623; x_wconf 84' lang='lat' dir='ltr'>Quem</span> <span class='ocrx_word' id='word_1_30' title='bbox 498 589 566 615; x_wconf 92' lang='lat' dir='ltr'>res</span> <span class='ocrx_word' id='word_1_31' title='bbox 587 574 684 630; x_wconf 88' lang='lat' dir='ltr'>plus</span> <span class='ocrx_word' id='word_1_32' title='bbox 704 575 837 616; x_wconf 90' lang='lat' dir='ltr'>nimio</span> <span class='ocrx_word' id='word_1_33' title='bbox 858 575 1121 618; x_wconf 84' lang='lat' dir='ltr'>delectavere</span> <span class='ocrx_word' id='word_1_34' title='bbox 1143 576 1354 627; x_wconf 88' lang='lat' dir='ltr'>secundae,</span> 
     </span>
    </p>
   </div>
   <div class='ocr_carea' id='block_1_8' title="bbox 333 642 1494 911">
    <p class='ocr_par' dir='ltr' id='par_1_8' title="bbox 333 642 1428 841">
     <span class='ocr_line' id='line_1_10' title="bbox 335 642 1341 702; baseline 0.003 -18"><span class='ocrx_word' id='word_1_35' title='bbox 335 642 519 684; x_wconf 85' lang='lat' dir='ltr'>Mutatae</span> <span class='ocrx_word' id='word_1_36' title='bbox 541 644 752 700; x_wconf 89' lang='lat' dir='ltr'>quatient:</span> <span class='ocrx_word' id='word_1_37' title='bbox 786 644 821 685; x_wconf 89' lang='lat' dir='ltr'>si</span> <span class='ocrx_word' id='word_1_38' title='bbox 842 644 946 701; x_wconf 90' lang='lat' dir='ltr'>quid</span> <span class='ocrx_word' id='word_1_39' title='bbox 965 645 1186 696; x_wconf 86' lang='lat' dir='ltr'>mirabere,</span> <span class='ocrx_word' id='word_1_40' title='bbox 1208 660 1341 702; x_wconf 90' lang='lat' dir='ltr'>pones</span> 
     </span>
     <span class='ocr_line' id='line_1_11' title="bbox 333 712 1428 772; baseline 0.003 -18"><span class='ocrx_word' id='word_1_41' title='bbox 333 712 520 754; x_wconf 86' lang='lat' dir='ltr'>Invitus:</span> <span class='ocrx_word' id='word_1_42' title='bbox 552 712 654 771; x_wconf 88' lang='lat' dir='ltr'>fuge</span> <span class='ocrx_word' id='word_1_43' title='bbox 673 729 854 772; x_wconf 85' lang='lat' dir='ltr'>magna:</span> <span class='ocrx_word' id='word_1_44' title='bbox 886 714 986 756; x_wconf 91' lang='lat' dir='ltr'>licet</span> <span class='ocrx_word' id='word_1_45' title='bbox 1007 715 1086 757; x_wconf 93' lang='lat' dir='ltr'>sub</span> <span class='ocrx_word' id='word_1_46' title='bbox 1106 730 1295 772; x_wconf 84' lang='lat' dir='ltr'>paupere</span> <span class='ocrx_word' id='word_1_47' title='bbox 1315 722 1428 757; x_wconf 88' lang='lat' dir='ltr'>tecto</span> 
     </span>
     <span class='ocr_line' id='line_1_12' title="bbox 336 782 1292 841; baseline 0.002 -17"><span class='ocrx_word' id='word_1_48' title='bbox 336 782 477 841; x_wconf 85' lang='lat' dir='ltr'>Reges</span> <span class='ocrx_word' id='word_1_49' title='bbox 498 791 541 824; x_wconf 90' lang='lat' dir='ltr'>et</span> <span class='ocrx_word' id='word_1_50' title='bbox 561 798 712 841; x_wconf 87' lang='lat' dir='ltr'>regum</span> <span class='ocrx_word' id='word_1_51' title='bbox 732 784 818 825; x_wconf 89' lang='lat' dir='ltr'>vita</span> <span class='ocrx_word' id='word_1_52' title='bbox 837 799 1101 839; x_wconf 88' lang='lat' dir='ltr'>praecurrere</span> <span class='ocrx_word' id='word_1_53' title='bbox 1121 785 1292 826; x_wconf 89' lang='lat' dir='ltr'>amicos.</span> 
     </span>
    </p>

    <p class='ocr_par' dir='ltr' id='par_1_9' title="bbox 336 853 1494 911">
     <span class='ocr_line' id='line_1_13' title="bbox 336 853 1494 911; baseline 0 -16"><span class='ocrx_word' id='word_1_54' title='bbox 336 853 499 895; x_wconf 85' lang='lat' dir='ltr'>Cervus</span> <span class='ocrx_word' id='word_1_55' title='bbox 521 869 679 910; x_wconf 91' lang='lat' dir='ltr'>equum</span> <span class='ocrx_word' id='word_1_56' title='bbox 698 869 844 911; x_wconf 87' lang='lat' dir='ltr'>pugna</span> <span class='ocrx_word' id='word_1_57' title='bbox 865 854 1014 896; x_wconf 90' lang='lat' dir='ltr'>melior</span> <span class='ocrx_word' id='word_1_58' title='bbox 1034 854 1329 896; x_wconf 85' lang='lat' dir='ltr'>communibus</span> <span class='ocrx_word' id='word_1_59' title='bbox 1349 853 1494 896; x_wconf 88' lang='lat' dir='ltr'>herbis</span> 
     </span>
    </p>
   </div>
   <div class='ocr_carea' id='block_1_9' title="bbox 243 925 300 963">
    <p class='ocr_par' dir='ltr' id='par_1_10' title="bbox 243 925 300 963">
     <span class='ocr_line' id='line_1_14' title="bbox 243 925 300 963; baseline 0 0"><span class='ocrx_word' id='word_1_60' title='bbox 243 925 300 963; x_wconf 88' lang='grc'>35</span> 
     </span>
    </p>
   </div>
   <div class='ocr_carea' id='block_1_10' title="bbox 335 922 1321 981">
    <p class='ocr_par' dir='ltr' id='par_1_11' title="bbox 335 922 1321 981">
     <span class='ocr_line' id='line_1_15' title="bbox 335 922 1321 981; baseline 0.001 -17"><span class='ocrx_word' id='word_1_61' title='bbox 335 922 539 973; x_wconf 79' lang='lat' dir='ltr'>Pellebat,</span> <span class='ocrx_word' id='word_1_62' title='bbox 562 922 698 964; x_wconf 91' lang='lat' dir='ltr'>donec</span> <span class='ocrx_word' id='word_1_63' title='bbox 719 923 858 964; x_wconf 89' lang='lat' dir='ltr'>minor</span> <span class='ocrx_word' id='word_1_64' title='bbox 877 923 922 964; x_wconf 93' lang='lat' dir='ltr'>in</span> <span class='ocrx_word' id='word_1_65' title='bbox 943 924 1171 965; x_wconf 87' lang='lat' dir='ltr'>certamine</span> <span class='ocrx_word' id='word_1_66' title='bbox 1190 923 1321 981; x_wconf 88' lang='lat' dir='ltr'>longo</span> 
     </span>
    </p>
   </div>
   <div class='ocr_carea' id='block_1_11' title="bbox 333 987 1447 1119">
    <p class='ocr_par' dir='ltr' id='par_1_12' title="bbox 333 987 1447 1119">
     <span class='ocr_line' id='line_1_16' title="bbox 333 987 1411 1050; baseline 0.002 -17"><span class='ocrx_word' id='word_1_67' title='bbox 333 991 585 1048; x_wconf 88' lang='lat' dir='ltr'>Imploravit</span> <span class='ocrx_word' id='word_1_68' title='bbox 604 1008 706 1048; x_wconf 92' lang='lat' dir='ltr'>opes</span> <span class='ocrx_word' id='word_1_69' title='bbox 726 987 924 1044; x_wconf 90' lang='lat' dir='ltr'>hominis,</span> <span class='ocrx_word' id='word_1_70' title='bbox 945 992 1211 1050; x_wconf 89' lang='lat' dir='ltr'>fraenumque</span> <span class='ocrx_word' id='word_1_71' title='bbox 1230 994 1411 1050; x_wconf 83' lang='lat' dir='ltr'>recepit:</span> 
     </span>
     <span class='ocr_line' id='line_1_17' title="bbox 336 1061 1447 1119; baseline 0.001 -16"><span class='ocrx_word' id='word_1_72' title='bbox 336 1061 422 1103; x_wconf 89' lang='lat' dir='ltr'>Sed</span> <span class='ocrx_word' id='word_1_73' title='bbox 442 1070 668 1119; x_wconf 88' lang='lat' dir='ltr'>postquam</span> <span class='ocrx_word' id='word_1_74' title='bbox 689 1062 824 1104; x_wconf 88' lang='lat' dir='ltr'>victor</span> <span class='ocrx_word' id='word_1_75' title='bbox 844 1062 1004 1104; x_wconf 92' lang='lat' dir='ltr'>violens</span> <span class='ocrx_word' id='word_1_76' title='bbox 1025 1062 1217 1104; x_wconf 74' lang='lat' dir='ltr'>discessit</span> <span class='ocrx_word' id='word_1_77' title='bbox 1236 1063 1291 1105; x_wconf 89' lang='lat' dir='ltr'>ab</span> <span class='ocrx_word' id='word_1_78' title='bbox 1310 1062 1447 1114; x_wconf 89' lang='lat' dir='ltr'>hoste,</span> 
     </span>
    </p>
   </div>
   <div class='ocr_carea' id='block_1_12' title="bbox 245 1133 1493 1476">
    <p class='ocr_par' dir='ltr' id='par_1_13' title="bbox 335 1133 1409 1264">
     <span class='ocr_line' id='line_1_18' title="bbox 335 1133 1409 1192; baseline 0.002 -17"><span class='ocrx_word' id='word_1_79' title='bbox 335 1133 435 1176; x_wconf 91' lang='lat' dir='ltr'>Non</span> <span class='ocrx_word' id='word_1_80' title='bbox 457 1135 643 1192; x_wconf 83' lang='lat' dir='ltr'>equitem</span> <span class='ocrx_word' id='word_1_81' title='bbox 663 1135 806 1187; x_wconf 91' lang='lat' dir='ltr'>dorso,</span> <span class='ocrx_word' id='word_1_82' title='bbox 829 1151 917 1177; x_wconf 91' lang='lat' dir='ltr'>non</span> <span class='ocrx_word' id='word_1_83' title='bbox 937 1136 1118 1177; x_wconf 85' lang='lat' dir='ltr'>fraenum</span> <span class='ocrx_word' id='word_1_84' title='bbox 1138 1135 1302 1192; x_wconf 90' lang='lat' dir='ltr'>depulit</span> <span class='ocrx_word' id='word_1_85' title='bbox 1321 1151 1409 1177; x_wconf 90' lang='lat' dir='ltr'>ore.</span> 
     </span>
     <span class='ocr_line' id='line_1_19' title="bbox 335 1206 1359 1264; baseline 0 -16"><span class='ocrx_word' id='word_1_86' title='bbox 335 1206 419 1258; x_wconf 89' lang='lat' dir='ltr'>Sic,</span> <span class='ocrx_word' id='word_1_87' title='bbox 442 1207 515 1264; x_wconf 94' lang='lat' dir='ltr'>qui</span> <span class='ocrx_word' id='word_1_88' title='bbox 535 1207 783 1263; x_wconf 88' lang='lat' dir='ltr'>pauperiem</span> <span class='ocrx_word' id='word_1_89' title='bbox 802 1207 972 1258; x_wconf 85' lang='lat' dir='ltr'>veritus,</span> <span class='ocrx_word' id='word_1_90' title='bbox 994 1207 1160 1263; x_wconf 91' lang='lat' dir='ltr'>potiore</span> <span class='ocrx_word' id='word_1_91' title='bbox 1179 1206 1359 1249; x_wconf 83' lang='lat' dir='ltr'>metallis</span> 
     </span>
    </p>

    <p class='ocr_par' dir='ltr' id='par_1_14' title="bbox 245 1277 1493 1476">
     <span class='ocr_line' id='line_1_20' title="bbox 245 1277 1493 1335; baseline 0.001 -16"><span class='ocrx_word' id='word_1_92' title='bbox 245 1281 302 1320; x_wconf 89' lang='lat'>40</span> <span class='ocrx_word' id='word_1_93' title='bbox 334 1277 553 1321; x_wconf 81' lang='lat' dir='ltr'>Libertate</span> <span class='ocrx_word' id='word_1_94' title='bbox 574 1286 702 1330; x_wconf 87' lang='lat' dir='ltr'>caret,</span> <span class='ocrx_word' id='word_1_95' title='bbox 725 1279 947 1320; x_wconf 90' lang='lat' dir='ltr'>dominum</span> <span class='ocrx_word' id='word_1_96' title='bbox 967 1278 1093 1320; x_wconf 90' lang='lat' dir='ltr'>vehet</span> <span class='ocrx_word' id='word_1_97' title='bbox 1111 1279 1345 1335; x_wconf 91' lang='lat' dir='ltr'>improbus,</span> <span class='ocrx_word' id='word_1_98' title='bbox 1367 1285 1493 1335; x_wconf 85' lang='lat' dir='ltr'>atque</span> 
     </span>
     <span class='ocr_line' id='line_1_21' title="bbox 335 1351 1290 1409; baseline -0.002 -15"><span class='ocrx_word' id='word_1_99' title='bbox 335 1351 500 1394; x_wconf 89' lang='lat' dir='ltr'>Serviet</span> <span class='ocrx_word' id='word_1_100' title='bbox 519 1360 741 1403; x_wconf 87' lang='lat' dir='ltr'>aeternum,</span> <span class='ocrx_word' id='word_1_101' title='bbox 764 1353 864 1409; x_wconf 91' lang='lat' dir='ltr'>quia</span> <span class='ocrx_word' id='word_1_102' title='bbox 883 1367 1016 1408; x_wconf 89' lang='lat' dir='ltr'>parvo</span> <span class='ocrx_word' id='word_1_103' title='bbox 1037 1351 1197 1393; x_wconf 88' lang='lat' dir='ltr'>nesciet</span> <span class='ocrx_word' id='word_1_104' title='bbox 1215 1352 1290 1393; x_wconf 88' lang='lat' dir='ltr'>uti.</span> 
     </span>
     <span class='ocr_line' id='line_1_22' title="bbox 332 1424 1358 1476; baseline -0.001 -10"><span class='ocrx_word' id='word_1_105' title='bbox 332 1424 418 1466; x_wconf 91' lang='lat' dir='ltr'>Cui</span> <span class='ocrx_word' id='word_1_106' title='bbox 437 1440 525 1467; x_wconf 93' lang='lat' dir='ltr'>non</span> <span class='ocrx_word' id='word_1_107' title='bbox 546 1425 769 1467; x_wconf 88' lang='lat' dir='ltr'>conveniet</span> <span class='ocrx_word' id='word_1_108' title='bbox 789 1440 866 1466; x_wconf 85' lang='lat' dir='ltr'>sua</span> <span class='ocrx_word' id='word_1_109' title='bbox 886 1440 967 1476; x_wconf 92' lang='lat' dir='ltr'>res,</span> <span class='ocrx_word' id='word_1_110' title='bbox 990 1433 1039 1466; x_wconf 92' lang='lat' dir='ltr'>ut</span> <span class='ocrx_word' id='word_1_111' title='bbox 1057 1424 1222 1466; x_wconf 89' lang='lat' dir='ltr'>calceus</span> <span class='ocrx_word' id='word_1_112' title='bbox 1244 1424 1358 1475; x_wconf 90' lang='lat' dir='ltr'>olim,</span> 
     </span>
    </p>
   </div>
   <div class='ocr_carea' id='block_1_13' title="bbox 216 1554 988 1585">
    <p class='ocr_par' dir='ltr' id='par_1_15' title="bbox 216 1554 988 1585">
     <span class='ocr_line' id='line_1_23' title="bbox 216 1554 988 1585; baseline -0.001 0"><span class='ocrx_word' id='word_1_113' title='bbox 216 1554 262 1585; x_wconf 77' lang='lat' dir='ltr'>Et</span> <span class='ocrx_word' id='word_1_114' title='bbox 278 1563 407 1584; x_wconf 83' lang='lat' dir='ltr'>nemora</span> <span class='ocrx_word' id='word_1_115' title='bbox 421 1554 457 1585; x_wconf 85' lang='lat' dir='ltr'>in</span> <span class='ocrx_word' id='word_1_116' title='bbox 479 1555 619 1585; x_wconf 76' lang='lat' dir='ltr'>domibus</span> <span class='ocrx_word' id='word_1_117' title='bbox 640 1564 742 1584; x_wconf 80' lang='lat' dir='ltr'>sacros</span> <span class='ocrx_word' id='word_1_118' title='bbox 763 1554 923 1584; x_wconf 78' lang='lat' dir='ltr'>imitantia</span> <span class='ocrx_word' id='word_1_119' title='bbox 938 1554 988 1584; x_wconf 86' lang='lat' dir='ltr'>lu-</span> 
     </span>
    </p>
   </div>
   <div class='ocr_carea' id='block_1_14' title="bbox 1032 1551 1800 1593">
    <p class='ocr_par' dir='ltr' id='par_1_16' title="bbox 1032 1551 1800 1593">
     <span class='ocr_line' id='line_1_24' title="bbox 1032 1551 1800 1593; baseline -0.001 -9"><span class='ocrx_word' id='word_1_120' title='bbox 1032 1554 1165 1584; x_wconf 78' lang='lat' dir='ltr'>callidus</span> <span class='ocrx_word' id='word_1_121' title='bbox 1169 1553 1281 1593; x_wconf 71' lang='lat' dir='ltr'>judex,</span> <span class='ocrx_word' id='word_1_122' title='bbox 1297 1552 1381 1583; x_wconf 86' lang='lat' dir='ltr'>conf.</span> <span class='ocrx_word' id='word_1_123' title='bbox 1402 1552 1467 1584; x_wconf 73' lang='lat' dir='ltr'>Sat.</span> <span class='ocrx_word' id='word_1_124' title='bbox 1486 1551 1538 1583; x_wconf 93' lang='grc' dir='ltr'><strong>ΙΙ.</strong></span> <span class='ocrx_word' id='word_1_125' title='bbox 1554 1551 1587 1583; x_wconf 83' lang='lat'>3.</span> <span class='ocrx_word' id='word_1_126' title='bbox 1604 1551 1658 1583; x_wconf 79' lang='lat'>23.</span> <span class='ocrx_word' id='word_1_127' title='bbox 1728 1563 1800 1592; x_wconf 84' lang='lat' dir='ltr'>pro-</span> 
     </span>
    </p>
   </div>
   <div class='ocr_carea' id='block_1_15' title="bbox 215 1594 1761 1638">
    <p class='ocr_par' dir='ltr' id='par_1_17' title="bbox 215 1594 1761 1638">
     <span class='ocr_line' id='line_1_25' title="bbox 215 1594 1761 1638; baseline -0.001 -10"><span class='ocrx_word' id='word_1_128' title='bbox 215 1608 265 1628; x_wconf 80' lang='lat' dir='ltr'>cos</span> <span class='ocrx_word' id='word_1_129' title='bbox 276 1597 293 1627; x_wconf 83' lang='lat'><em>?</em></span> <span class='ocrx_word' id='word_1_130' title='bbox 318 1595 374 1626; x_wconf 91' lang='lat' dir='ltr'>ubi</span> <span class='ocrx_word' id='word_1_131' title='bbox 387 1595 471 1635; x_wconf 81' lang='lat' dir='ltr'>vide,</span> <span class='ocrx_word' id='word_1_132' title='bbox 494 1607 566 1638; x_wconf 86' lang='lat' dir='ltr'>quae</span> <span class='ocrx_word' id='word_1_133' title='bbox 588 1597 623 1627; x_wconf 90' lang='lat' dir='ltr'>in</span> <span class='ocrx_word' id='word_1_134' title='bbox 637 1597 719 1627; x_wconf 84' lang='lat' dir='ltr'>hanc</span> <span class='ocrx_word' id='word_1_135' title='bbox 732 1606 802 1627; x_wconf 85' lang='lat' dir='ltr'>rem</span> <span class='ocrx_word' id='word_1_136' title='bbox 816 1597 990 1627; x_wconf 85' lang='lat' dir='ltr'>observavit</span> <span class='ocrx_word' id='word_1_137' title='bbox 1026 1599 1137 1637; x_wconf 80' lang='lat' dir='ltr'>piusve</span> <span class='ocrx_word' id='word_1_138' title='bbox 1150 1598 1304 1634; x_wconf 74' lang='lat' dir='ltr'>medullis,</span> <span class='ocrx_word' id='word_1_139' title='bbox 1320 1603 1354 1627; x_wconf 86' lang='lat' dir='ltr'>et</span> <span class='ocrx_word' id='word_1_140' title='bbox 1366 1595 1452 1637; x_wconf 88' lang='lat' dir='ltr'>quod</span> <span class='ocrx_word' id='word_1_141' title='bbox 1465 1595 1605 1636; x_wconf 76' lang='lat' dir='ltr'>penitius</span> <span class='ocrx_word' id='word_1_142' title='bbox 1617 1594 1761 1627; x_wconf 76' lang='lat' dir='ltr'>sentitur.</span> 
     </span>
    </p>
   </div>
   <div class='ocr_carea' id='block_1_16' title="bbox 214 1640 992 2988">
    <p class='ocr_par' dir='ltr' id='par_1_18' title="bbox 215 1640 990 1768">
     <span class='ocr_line' id='line_1_26' title="bbox 217 1640 990 1681; baseline -0.003 -9"><span class='ocrx_word' id='word_1_143' title='bbox 217 1641 375 1681; x_wconf 78' lang='lat' dir='ltr'>Heynius.</span> <span class='ocrx_word' id='word_1_144' title='bbox 451 1643 563 1678; x_wconf 72' lang='lat' dir='ltr'>varias,</span> <span class='ocrx_word' id='word_1_145' title='bbox 579 1650 618 1671; x_wconf 88' lang='lat' dir='ltr'>ex</span> <span class='ocrx_word' id='word_1_146' title='bbox 632 1650 788 1671; x_wconf 83' lang='lat' dir='ltr'>marmore</span> <span class='ocrx_word' id='word_1_147' title='bbox 802 1640 990 1671; x_wconf 84' lang='lat' dir='ltr'>versicolore</span> 
     </span>
     <span class='ocr_line' id='line_1_27' title="bbox 215 1683 988 1724; baseline 0 -10"><span class='ocrx_word' id='word_1_148' title='bbox 215 1689 407 1721; x_wconf 79' lang='lat' dir='ltr'>exstructas3</span> <span class='ocrx_word' id='word_1_149' title='bbox 433 1684 479 1715; x_wconf 91' lang='lat' dir='ltr'>sic</span> <span class='ocrx_word' id='word_1_150' title='bbox 494 1683 614 1724; x_wconf 83' lang='lat' dir='ltr'>lapides</span> <span class='ocrx_word' id='word_1_151' title='bbox 628 1683 797 1714; x_wconf 80' lang='lat' dir='ltr'>marmorei</span> <span class='ocrx_word' id='word_1_152' title='bbox 811 1693 907 1724; x_wconf 83' lang='lat' dir='ltr'>supra</span> <span class='ocrx_word' id='word_1_153' title='bbox 923 1683 988 1714; x_wconf 82' lang='lat' dir='ltr'>Sat.</span> 
     </span>
     <span class='ocr_line' id='line_1_28' title="bbox 217 1724 716 1768; baseline -0.002 -10"><span class='ocrx_word' id='word_1_154' title='bbox 217 1725 269 1758; x_wconf 87' lang='lat'>11.</span> <span class='ocrx_word' id='word_1_155' title='bbox 288 1724 320 1756; x_wconf 88' lang='lat'>4.</span> <span class='ocrx_word' id='word_1_156' title='bbox 341 1725 394 1757; x_wconf 84' lang='lat'>83.</span> <span class='ocrx_word' id='word_1_157' title='bbox 412 1727 614 1768; x_wconf 83' lang='lat' dir='ltr'>appellantur</span> <span class='ocrx_word' id='word_1_158' title='bbox 627 1729 716 1759; x_wconf 83' lang='lat' dir='ltr'>varii.</span> 
     </span>
    </p>

    <p class='ocr_par' dir='ltr' id='par_1_19' title="bbox 214 1769 992 2115">
     <span class='ocr_line' id='line_1_29' title="bbox 260 1769 991 1812; baseline -0.001 -11"><span class='ocrx_word' id='word_1_159' title='bbox 260 1780 290 1801; x_wconf 88' lang='lat' dir='ltr'>v.</span> <span class='ocrx_word' id='word_1_160' title='bbox 309 1769 363 1807; x_wconf 83' lang='lat'>23,</span> <span class='ocrx_word' id='word_1_161' title='bbox 380 1769 433 1800; x_wconf 53' lang='lat'>24„</span> <span class='ocrx_word' id='word_1_162' title='bbox 453 1781 509 1810; x_wconf 88' lang='lat' dir='ltr'>per</span> <span class='ocrx_word' id='word_1_163' title='bbox 522 1777 674 1802; x_wconf 80' lang='lat' dir='ltr'>naturam</span> <span class='ocrx_word' id='word_1_164' title='bbox 695 1769 841 1812; x_wconf 83' lang='lat' dir='ltr'>intelligo</span> <span class='ocrx_word' id='word_1_165' title='bbox 862 1780 991 1800; x_wconf 88' lang='lat' dir='ltr'>sensum</span> 
     </span>
     <span class='ocr_line' id='line_1_30' title="bbox 215 1813 991 1854; baseline -0.003 -9"><span class='ocrx_word' id='word_1_166' title='bbox 215 1824 236 1845; x_wconf 77' lang='lat' dir='ltr'>a</span> <span class='ocrx_word' id='word_1_167' title='bbox 260 1819 376 1845; x_wconf 85' lang='lat' dir='ltr'>natura</span> <span class='ocrx_word' id='word_1_168' title='bbox 403 1814 494 1845; x_wconf 88' lang='lat' dir='ltr'>nobis</span> <span class='ocrx_word' id='word_1_169' title='bbox 522 1813 666 1852; x_wconf 82' lang='lat' dir='ltr'>insitum,</span> <span class='ocrx_word' id='word_1_170' title='bbox 693 1820 725 1844; x_wconf 84' lang='lat' dir='ltr'>et</span> <span class='ocrx_word' id='word_1_171' title='bbox 747 1824 836 1844; x_wconf 86' lang='lat' dir='ltr'>nunc</span> <span class='ocrx_word' id='word_1_172' title='bbox 860 1813 991 1854; x_wconf 88' lang='lat' dir='ltr'>quidem</span> 
     </span>
     <span class='ocr_line' id='line_1_31' title="bbox 216 1856 992 1898; baseline 0.001 -11"><span class='ocrx_word' id='word_1_173' title='bbox 216 1867 301 1892; x_wconf 82' lang='lat' dir='ltr'>eum.</span> <span class='ocrx_word' id='word_1_174' title='bbox 325 1857 382 1898; x_wconf 89' lang='lat' dir='ltr'>qui</span> <span class='ocrx_word' id='word_1_175' title='bbox 404 1858 547 1888; x_wconf 84' lang='lat' dir='ltr'>animum</span> <span class='ocrx_word' id='word_1_176' title='bbox 575 1857 650 1888; x_wconf 81' lang='lat' dir='ltr'>vitae</span> <span class='ocrx_word' id='word_1_177' title='bbox 674 1857 802 1888; x_wconf 87' lang='lat' dir='ltr'>rusticae</span> <span class='ocrx_word' id='word_1_178' title='bbox 823 1856 992 1888; x_wconf 88' lang='lat' dir='ltr'>dulcedine</span> 
     </span>
     <span class='ocr_line' id='line_1_32' title="bbox 216 1900 991 1943; baseline -0.001 -12"><span class='ocrx_word' id='word_1_179' title='bbox 216 1901 390 1940; x_wconf 82' lang='lat' dir='ltr'>perfundit.</span> <span class='ocrx_word' id='word_1_180' title='bbox 462 1902 568 1943; x_wconf 78' lang='lat' dir='ltr'>furca</span> <span class='ocrx_word' id='word_1_181' title='bbox 594 1902 750 1942; x_wconf 69' lang='lat' dir='ltr'>expellere,</span> <span class='ocrx_word' id='word_1_182' title='bbox 774 1900 894 1931; x_wconf 88' lang='lat' dir='ltr'>locutio</span> <span class='ocrx_word' id='word_1_183' title='bbox 918 1911 991 1940; x_wconf 90' lang='lat' dir='ltr'>pro-</span> 
     </span>
     <span class='ocr_line' id='line_1_33' title="bbox 216 1943 990 1987; baseline 0 -14"><span class='ocrx_word' id='word_1_184' title='bbox 216 1943 361 1975; x_wconf 78' lang='lat' dir='ltr'>verbialis</span> <span class='ocrx_word' id='word_1_185' title='bbox 381 1944 422 1975; x_wconf 84' lang='lat' dir='ltr'>de</span> <span class='ocrx_word' id='word_1_186' title='bbox 443 1946 547 1982; x_wconf 86' lang='lat' dir='ltr'>rebus,</span> <span class='ocrx_word' id='word_1_187' title='bbox 570 1955 650 1987; x_wconf 83' lang='lat' dir='ltr'>quas</span> <span class='ocrx_word' id='word_1_188' title='bbox 669 1944 702 1974; x_wconf 85' lang='lat' dir='ltr'>vi</span> <span class='ocrx_word' id='word_1_189' title='bbox 723 1955 743 1974; x_wconf 81' lang='lat' dir='ltr'>a</span> <span class='ocrx_word' id='word_1_190' title='bbox 763 1944 856 1976; x_wconf 90' lang='lat' dir='ltr'>nobis</span> <span class='ocrx_word' id='word_1_191' title='bbox 878 1943 990 1975; x_wconf 87' lang='lat' dir='ltr'>averti.</span> 
     </span>
     <span class='ocr_line' id='line_1_34' title="bbox 215 1987 990 2038; baseline 0 -20"><span class='ocrx_word' id='word_1_192' title='bbox 215 1998 289 2018; x_wconf 87' lang='lat' dir='ltr'>mus</span> <span class='ocrx_word' id='word_1_193' title='bbox 310 1994 343 2018; x_wconf 88' lang='lat' dir='ltr'>et</span> <span class='ocrx_word' id='word_1_194' title='bbox 364 1988 522 2038; x_wconf 88' lang='lat' dir='ltr'>pellimus.</span> <span class='ocrx_word' id='word_1_195' title='bbox 600 1989 705 2030; x_wconf 78' lang='lat' dir='ltr'>surm</span> <span class='ocrx_word' id='word_1_196' title='bbox 731 1994 779 2018; x_wconf 89' lang='lat' dir='ltr'>est</span> <span class='ocrx_word' id='word_1_197' title='bbox 799 1987 990 2018; x_wconf 85' lang='lat' dir='ltr'>instrumen-</span> 
     </span>
     <span class='ocr_line' id='line_1_35' title="bbox 214 2031 990 2073; baseline 0.001 -12"><span class='ocrx_word' id='word_1_198' title='bbox 214 2037 285 2062; x_wconf 88' lang='lat' dir='ltr'>tum</span> <span class='ocrx_word' id='word_1_199' title='bbox 301 2031 468 2069; x_wconf 83' lang='lat' dir='ltr'>rusticum,</span> <span class='ocrx_word' id='word_1_200' title='bbox 483 2042 548 2073; x_wconf 92' lang='lat' dir='ltr'>quo</span> <span class='ocrx_word' id='word_1_201' title='bbox 563 2038 734 2062; x_wconf 81' lang='lat' dir='ltr'>stramenta</span> <span class='ocrx_word' id='word_1_202' title='bbox 749 2038 782 2062; x_wconf 90' lang='lat' dir='ltr'>et</span> <span class='ocrx_word' id='word_1_203' title='bbox 795 2031 859 2062; x_wconf 80' lang='lat' dir='ltr'>alia</span> <span class='ocrx_word' id='word_1_204' title='bbox 869 2041 908 2062; x_wconf 87' lang='lat' dir='ltr'>ex</span> <span class='ocrx_word' id='word_1_205' title='bbox 925 2041 990 2062; x_wconf 87' lang='lat' dir='ltr'>uno</span> 
     </span>
     <span class='ocr_line' id='line_1_36' title="bbox 215 2074 704 2115; baseline 0 -10"><span class='ocrx_word' id='word_1_206' title='bbox 215 2074 310 2105; x_wconf 68' lang='lat' dir='ltr'>loco*</span> <span class='ocrx_word' id='word_1_207' title='bbox 301 2085 335 2104; x_wconf 89' lang='lat' dir='ltr'>1n</span> <span class='ocrx_word' id='word_1_208' title='bbox 350 2075 450 2106; x_wconf 88' lang='lat' dir='ltr'>alium</span> <span class='ocrx_word' id='word_1_209' title='bbox 465 2074 704 2115; x_wconf 84' lang='lat' dir='ltr'>protruduntur.</span> 
     </span>
    </p>

    <p class='ocr_par' dir='ltr' id='par_1_20' title="bbox 216 2117 991 2291">
     <span class='ocr_line' id='line_1_37' title="bbox 260 2117 991 2160; baseline 0.001 -12"><span class='ocrx_word' id='word_1_210' title='bbox 260 2129 290 2149; x_wconf 87' lang='lat' dir='ltr'>v.</span> <span class='ocrx_word' id='word_1_211' title='bbox 305 2117 359 2148; x_wconf 79' lang='lat'>25.</span> <span class='ocrx_word' id='word_1_212' title='bbox 378 2121 423 2151; x_wconf 77' lang='lat' dir='ltr'>Et</span> <span class='ocrx_word' id='word_1_213' title='bbox 439 2121 522 2151; x_wconf 78' lang='lat' dir='ltr'>mala</span> <span class='ocrx_word' id='word_1_214' title='bbox 533 2125 715 2160; x_wconf 79' lang='lat' dir='ltr'>perrumpet</span> <span class='ocrx_word' id='word_1_215' title='bbox 730 2124 816 2156; x_wconf 64' lang='lat' dir='ltr'>cett„</span> <span class='ocrx_word' id='word_1_216' title='bbox 832 2124 864 2149; x_wconf 90' lang='lat' dir='ltr'>et</span> <span class='ocrx_word' id='word_1_217' title='bbox 878 2124 991 2149; x_wconf 84' lang='lat' dir='ltr'>natura</span> 
     </span>
     <span class='ocr_line' id='line_1_38' title="bbox 216 2161 991 2202; baseline 0 -10"><span class='ocrx_word' id='word_1_218' title='bbox 216 2161 329 2193; x_wconf 82' lang='lat' dir='ltr'>victrix</span> <span class='ocrx_word' id='word_1_219' title='bbox 344 2169 472 2202; x_wconf 86' lang='lat' dir='ltr'>rumpet</span> <span class='ocrx_word' id='word_1_220' title='bbox 485 2172 542 2202; x_wconf 86' lang='lat' dir='ltr'>per</span> <span class='ocrx_word' id='word_1_221' title='bbox 555 2164 640 2194; x_wconf 81' lang='lat' dir='ltr'>mala</span> <span class='ocrx_word' id='word_1_222' title='bbox 650 2163 795 2202; x_wconf 82' lang='lat' dir='ltr'>fastidia,</span> <span class='ocrx_word' id='word_1_223' title='bbox 811 2163 843 2192; x_wconf 90' lang='lat' dir='ltr'>h.</span> <span class='ocrx_word' id='word_1_224' title='bbox 861 2172 889 2192; x_wconf 90' lang='lat' dir='ltr'>e.</span> <span class='ocrx_word' id='word_1_225' title='bbox 907 2162 991 2193; x_wconf 83' lang='lat' dir='ltr'>mala</span> 
     </span>
     <span class='ocr_line' id='line_1_39' title="bbox 217 2205 990 2247; baseline 0 -11"><span class='ocrx_word' id='word_1_226' title='bbox 217 2207 278 2237; x_wconf 79' lang='lat' dir='ltr'>ista</span> <span class='ocrx_word' id='word_1_227' title='bbox 290 2206 417 2237; x_wconf 81' lang='lat' dir='ltr'>fastidia</span> <span class='ocrx_word' id='word_1_228' title='bbox 431 2205 593 2242; x_wconf 81' lang='lat' dir='ltr'>ditiorum,</span> <span class='ocrx_word' id='word_1_229' title='bbox 609 2206 665 2247; x_wconf 87' lang='lat' dir='ltr'>qui</span> <span class='ocrx_word' id='word_1_230' title='bbox 680 2217 699 2236; x_wconf 92' lang='lat' dir='ltr'>a</span> <span class='ocrx_word' id='word_1_231' title='bbox 714 2212 836 2236; x_wconf 85' lang='lat' dir='ltr'>naturae</span> <span class='ocrx_word' id='word_1_232' title='bbox 849 2206 990 2236; x_wconf 88' lang='lat' dir='ltr'>muneri-</span> 
     </span>
     <span class='ocr_line' id='line_1_40' title="bbox 217 2249 989 2291; baseline 0 -11"><span class='ocrx_word' id='word_1_233' title='bbox 217 2250 277 2280; x_wconf 92' lang='lat' dir='ltr'>bus</span> <span class='ocrx_word' id='word_1_234' title='bbox 290 2249 325 2280; x_wconf 87' lang='lat' dir='ltr'>in</span> <span class='ocrx_word' id='word_1_235' title='bbox 340 2251 424 2291; x_wconf 83' lang='lat' dir='ltr'>agris</span> <span class='ocrx_word' id='word_1_236' title='bbox 437 2250 616 2287; x_wconf 79' lang='lat' dir='ltr'>abhorrent,</span> <span class='ocrx_word' id='word_1_237' title='bbox 640 2249 794 2280; x_wconf 86' lang='lat' dir='ltr'>extundet</span> <span class='ocrx_word' id='word_1_238' title='bbox 814 2256 910 2291; x_wconf 81' lang='lat' dir='ltr'>atque</span> <span class='ocrx_word' id='word_1_239' title='bbox 923 2250 989 2280; x_wconf 88' lang='lat' dir='ltr'>abi-</span> 
     </span>
    </p>

    <p class='ocr_par' dir='ltr' id='par_1_21' title="bbox 217 2299 990 2988">
     <span class='ocr_line' id='line_1_41' title="bbox 241 2299 282 2324; baseline 0.024 -1"><span class='ocrx_word' id='word_1_240' title='bbox 241 2299 282 2324; x_wconf 79' lang='lat' dir='ltr'>et·</span> 
     </span>
     <span class='ocr_line' id='line_1_42' title="bbox 217 2304 989 2377; baseline 0 -10"><span class='ocrx_word' id='word_1_241' title='bbox 217 2304 240 2335; x_wconf 75' lang='lat' dir='ltr'><strong>g</strong></span> <span class='ocrx_word' id='word_1_242' title='bbox 263 2347 291 2367; x_wconf 88' lang='lat' dir='ltr'>v.</span> <span class='ocrx_word' id='word_1_243' title='bbox 309 2336 452 2368; x_wconf 77' lang='lat'>26—29.</span> <span class='ocrx_word' id='word_1_244' title='bbox 477 2337 565 2373; x_wconf 83' lang='lat' dir='ltr'>Non,</span> <span class='ocrx_word' id='word_1_245' title='bbox 588 2338 644 2377; x_wconf 85' lang='lat' dir='ltr'>qui</span> <span class='ocrx_word' id='word_1_246' title='bbox 659 2343 731 2367; x_wconf 82' lang='lat' dir='ltr'>cett.</span> <span class='ocrx_word' id='word_1_247' title='bbox 771 2337 908 2368; x_wconf 88' lang='lat' dir='ltr'>Sensus:</span> <span class='ocrx_word' id='word_1_248' title='bbox 934 2338 989 2377; x_wconf 89' lang='lat' dir='ltr'>qui</span> 
     </span>
     <span class='ocr_line' id='line_1_43' title="bbox 217 2379 989 2421; baseline -0.001 -10"><span class='ocrx_word' id='word_1_249' title='bbox 217 2379 434 2412; x_wconf 86' lang='lat' dir='ltr'>adulterinum</span> <span class='ocrx_word' id='word_1_250' title='bbox 449 2389 598 2420; x_wconf 84' lang='lat' dir='ltr'>purpurae</span> <span class='ocrx_word' id='word_1_251' title='bbox 613 2380 761 2417; x_wconf 89' lang='lat' dir='ltr'>colorem,</span> <span class='ocrx_word' id='word_1_252' title='bbox 781 2381 868 2421; x_wconf 86' lang='lat' dir='ltr'>quali</span> <span class='ocrx_word' id='word_1_253' title='bbox 886 2381 989 2421; x_wconf 91' lang='lat' dir='ltr'>Aqui-</span> 
     </span>
     <span class='ocr_line' id='line_1_44' title="bbox 218 2423 989 2463; baseline 0 -9"><span class='ocrx_word' id='word_1_254' title='bbox 218 2430 307 2454; x_wconf 83' lang='lat' dir='ltr'>nates</span> <span class='ocrx_word' id='word_1_255' title='bbox 322 2424 465 2463; x_wconf 84' lang='lat' dir='ltr'>decipere</span> <span class='ocrx_word' id='word_1_256' title='bbox 480 2423 583 2453; x_wconf 86' lang='lat' dir='ltr'>solent</span> <span class='ocrx_word' id='word_1_257' title='bbox 601 2423 770 2463; x_wconf 76' lang='lat' dir='ltr'>imperitos,</span> <span class='ocrx_word' id='word_1_258' title='bbox 793 2434 858 2454; x_wconf 91' lang='lat' dir='ltr'>non</span> <span class='ocrx_word' id='word_1_259' title='bbox 874 2423 989 2454; x_wconf 79' lang='lat' dir='ltr'>discet</span> 
     </span>
     <span class='ocr_line' id='line_1_45' title="bbox 217 2460 990 2508; baseline 0 -11"><span class='ocrx_word' id='word_1_260' title='bbox 217 2460 294 2498; x_wconf 69' lang='lat' dir='ltr'>nei-e</span> <span class='ocrx_word' id='word_1_261' title='bbox 308 2467 418 2498; x_wconf 86' lang='lat' dir='ltr'>didicit</span> <span class='ocrx_word' id='word_1_262' title='bbox 433 2467 653 2497; x_wconf 87' lang='lat' dir='ltr'>contendendo</span> <span class='ocrx_word' id='word_1_263' title='bbox 668 2478 741 2498; x_wconf 92' lang='lat' dir='ltr'>cum</span> <span class='ocrx_word' id='word_1_264' title='bbox 757 2467 900 2508; x_wconf 89' lang='lat' dir='ltr'>genuino</span> <span class='ocrx_word' id='word_1_265' title='bbox 915 2477 990 2506; x_wconf 86' lang='lat' dir='ltr'>pur-</span> 
     </span>
     <span class='ocr_line' id='line_1_46' title="bbox 217 2509 990 2552; baseline 0 -11"><span class='ocrx_word' id='word_1_266' title='bbox 217 2520 308 2550; x_wconf 86' lang='lat' dir='ltr'>purae</span> <span class='ocrx_word' id='word_1_267' title='bbox 326 2510 441 2546; x_wconf 84' lang='lat' dir='ltr'>colore,</span> <span class='ocrx_word' id='word_1_268' title='bbox 456 2510 483 2540; x_wconf 88' lang='lat' dir='ltr'>is</span> <span class='ocrx_word' id='word_1_269' title='bbox 505 2509 590 2540; x_wconf 87' lang='lat' dir='ltr'>haud</span> <span class='ocrx_word' id='word_1_270' title='bbox 612 2511 759 2541; x_wconf 86' lang='lat' dir='ltr'>certiores</span> <span class='ocrx_word' id='word_1_271' title='bbox 780 2516 813 2541; x_wconf 90' lang='lat' dir='ltr'>et</span> <span class='ocrx_word' id='word_1_272' title='bbox 832 2510 990 2552; x_wconf 87' lang='lat' dir='ltr'>graviores</span> 
     </span>
     <span class='ocr_line' id='line_1_47' title="bbox 218 2553 988 2594; baseline 0.001 -10"><span class='ocrx_word' id='word_1_273' title='bbox 218 2553 332 2585; x_wconf 71' lang='lat' dir='ltr'>error-Is</span> <span class='ocrx_word' id='word_1_274' title='bbox 346 2561 378 2584; x_wconf 87' lang='lat' dir='ltr'>et</span> <span class='ocrx_word' id='word_1_275' title='bbox 391 2553 557 2593; x_wconf 77' lang='lat' dir='ltr'>imperitiae</span> <span class='ocrx_word' id='word_1_276' title='bbox 580 2564 686 2592; x_wconf 85' lang='lat' dir='ltr'>poenas</span> <span class='ocrx_word' id='word_1_277' title='bbox 701 2553 796 2590; x_wconf 85' lang='lat' dir='ltr'>dabit,</span> <span class='ocrx_word' id='word_1_278' title='bbox 814 2564 909 2594; x_wconf 88' lang='lat' dir='ltr'>quam</span> <span class='ocrx_word' id='word_1_279' title='bbox 924 2553 988 2592; x_wconf 85' lang='lat' dir='ltr'>ille,</span> 
     </span>
     <span class='ocr_line' id='line_1_48' title="bbox 218 2596 984 2639; baseline 0 -12"><span class='ocrx_word' id='word_1_280' title='bbox 218 2597 274 2639; x_wconf 90' lang='lat' dir='ltr'>qui</span> <span class='ocrx_word' id='word_1_281' title='bbox 297 2607 362 2628; x_wconf 90' lang='lat' dir='ltr'>non</span> <span class='ocrx_word' id='word_1_282' title='bbox 382 2596 500 2628; x_wconf 76' lang='lat' dir='ltr'>falsum</span> <span class='ocrx_word' id='word_1_283' title='bbox 516 2608 535 2628; x_wconf 89' lang='lat' dir='ltr'>a</span> <span class='ocrx_word' id='word_1_284' title='bbox 549 2607 623 2627; x_wconf 86' lang='lat' dir='ltr'>vero</span> <span class='ocrx_word' id='word_1_285' title='bbox 644 2596 839 2638; x_wconf 87' lang='lat' dir='ltr'>distinguere</span> <span class='ocrx_word' id='word_1_286' title='bbox 861 2597 984 2637; x_wconf 84' lang='lat' dir='ltr'>poterit.</span> 
     </span>
     <span class='ocr_line' id='line_1_49' title="bbox 219 2641 985 2683; baseline -0.003 -10"><span class='ocrx_word' id='word_1_287' title='bbox 219 2659 263 2666; x_wconf 94' lang='lat'>—</span> <span class='ocrx_word' id='word_1_288' title='bbox 273 2643 386 2673; x_wconf 80' lang='lat' dir='ltr'>vellera</span> <span class='ocrx_word' id='word_1_289' title='bbox 396 2642 666 2683; x_wconf 78' lang='lat' dir='ltr'>]›otantiasucum</span> <span class='ocrx_word' id='word_1_290' title='bbox 682 2643 888 2681; x_wconf 82' lang='lat' dir='ltr'>Aquinatem,</span> <span class='ocrx_word' id='word_1_291' title='bbox 903 2641 935 2671; x_wconf 97' lang='grc'>11.</span> <span class='ocrx_word' id='word_1_292' title='bbox 957 2651 985 2671; x_wconf 90' lang='lat' dir='ltr'>e.</span> 
     </span>
     <span class='ocr_line' id='line_1_50' title="bbox 218 2683 988 2726; baseline 0 -11"><span class='ocrx_word' id='word_1_293' title='bbox 218 2684 306 2724; x_wconf 87' lang='lat' dir='ltr'>apud</span> <span class='ocrx_word' id='word_1_294' title='bbox 338 2684 514 2726; x_wconf 85' lang='lat' dir='ltr'>Aquinates</span> <span class='ocrx_word' id='word_1_295' title='bbox 551 2683 684 2726; x_wconf 83' lang='lat' dir='ltr'>(incolas</span> <span class='ocrx_word' id='word_1_296' title='bbox 714 2684 849 2725; x_wconf 85' lang='lat' dir='ltr'>Aquini,</span> <span class='ocrx_word' id='word_1_297' title='bbox 880 2684 988 2723; x_wconf 88' lang='lat' dir='ltr'>oppidi</span> 
     </span>
     <span class='ocr_line' id='line_1_51' title="bbox 221 2727 984 2770; baseline 0 -12"><span class='ocrx_word' id='word_1_298' title='bbox 221 2727 438 2767; x_wconf 87' lang='lat' dir='ltr'>Volscorum,)</span> <span class='ocrx_word' id='word_1_299' title='bbox 454 2727 530 2759; x_wconf 79' lang='lat' dir='ltr'>suco</span> <span class='ocrx_word' id='word_1_300' title='bbox 544 2727 632 2770; x_wconf 84' lang='lat' dir='ltr'>(vide</span> <span class='ocrx_word' id='word_1_301' title='bbox 653 2737 748 2766; x_wconf 85' lang='lat' dir='ltr'>supra</span> <span class='ocrx_word' id='word_1_302' title='bbox 762 2727 802 2757; x_wconf 83' lang='lat' dir='ltr'>ad</span> <span class='ocrx_word' id='word_1_303' title='bbox 827 2727 891 2758; x_wconf 91' lang='lat' dir='ltr'>od.</span> <span class='ocrx_word' id='word_1_304' title='bbox 911 2728 984 2758; x_wconf 89' lang='lat'>111.</span> 
     </span>
     <span class='ocr_line' id='line_1_52' title="bbox 220 2770 986 2812; baseline -0.001 -10"><span class='ocrx_word' id='word_1_305' title='bbox 220 2770 252 2802; x_wconf 84' lang='grc'><strong>5.</strong></span> <span class='ocrx_word' id='word_1_306' title='bbox 272 2770 345 2812; x_wconf 77' lang='grc'><strong>28.)</strong></span> <span class='ocrx_word' id='word_1_307' title='bbox 360 2772 467 2803; x_wconf 75' lang='lat' dir='ltr'>tincta.</span> <span class='ocrx_word' id='word_1_308' title='bbox 558 2773 742 2803; x_wconf 75' lang='lat' dir='ltr'>contendere</span> <span class='ocrx_word' id='word_1_309' title='bbox 758 2773 879 2802; x_wconf 78' lang='lat' dir='ltr'>Sidonio</span> <span class='ocrx_word' id='word_1_310' title='bbox 895 2777 986 2808; x_wconf 79' lang='lat' dir='ltr'>ostro,</span> 
     </span>
     <span class='ocr_line' id='line_1_53' title="bbox 221 2814 985 2856; baseline -0.003 -10"><span class='ocrx_word' id='word_1_311' title='bbox 221 2825 402 2855; x_wconf 80' lang='lat' dir='ltr'>comparare</span> <span class='ocrx_word' id='word_1_312' title='bbox 417 2825 491 2846; x_wconf 89' lang='lat' dir='ltr'>cum</span> <span class='ocrx_word' id='word_1_313' title='bbox 505 2816 661 2847; x_wconf 74' lang='lat' dir='ltr'>velleribus</span> <span class='ocrx_word' id='word_1_314' title='bbox 677 2816 729 2856; x_wconf 91' lang='lat' dir='ltr'>(ut</span> <span class='ocrx_word' id='word_1_315' title='bbox 743 2814 884 2855; x_wconf 89' lang='lat' dir='ltr'>loquitur</span> <span class='ocrx_word' id='word_1_316' title='bbox 901 2814 985 2844; x_wconf 86' lang='lat' dir='ltr'>Hor.</span> 
     </span>
     <span class='ocr_line' id='line_1_54' title="bbox 220 2857 987 2900; baseline 0.001 -12"><span class='ocrx_word' id='word_1_317' title='bbox 220 2858 302 2889; x_wconf 81' lang='lat' dir='ltr'>infra</span> <span class='ocrx_word' id='word_1_318' title='bbox 319 2859 421 2899; x_wconf 83' lang='lat' dir='ltr'>Epist.</span> <span class='ocrx_word' id='word_1_319' title='bbox 444 2857 493 2890; x_wconf 78' lang='lat'>12.</span> <span class='ocrx_word' id='word_1_320' title='bbox 509 2858 564 2890; x_wconf 73' lang='lat'>20.</span> <span class='ocrx_word' id='word_1_321' title='bbox 568 2858 581 2900; x_wconf 92' lang='lat'><em>)</em></span> <span class='ocrx_word' id='word_1_322' title='bbox 596 2860 681 2890; x_wconf 80' lang='lat' dir='ltr'>lanae</span> <span class='ocrx_word' id='word_1_323' title='bbox 701 2860 803 2899; x_wconf 82' lang='lat' dir='ltr'>Tyriis</span> <span class='ocrx_word' id='word_1_324' title='bbox 817 2859 987 2889; x_wconf 80' lang='lat' dir='ltr'>muricibus</span> 
     </span>
     <span class='ocr_line' id='line_1_55' title="bbox 221 2901 988 2943; baseline -0.003 -11"><span class='ocrx_word' id='word_1_325' title='bbox 221 2903 349 2940; x_wconf 79' lang='lat' dir='ltr'>iteratae,</span> <span class='ocrx_word' id='word_1_326' title='bbox 436 2905 577 2940; x_wconf 74' lang='lat' dir='ltr'>callidus,</span> <span class='ocrx_word' id='word_1_327' title='bbox 600 2903 680 2933; x_wconf 87' lang='lat' dir='ltr'>bene</span> <span class='ocrx_word' id='word_1_328' title='bbox 698 2901 793 2943; x_wconf 83' lang='lat' dir='ltr'>alicuj</span> <span class='ocrx_word' id='word_1_329' title='bbox 797 2912 835 2932; x_wconf 87' lang='lat' dir='ltr'>us</span> <span class='ocrx_word' id='word_1_330' title='bbox 846 2901 891 2932; x_wconf 87' lang='lat' dir='ltr'>rei</span> <span class='ocrx_word' id='word_1_331' title='bbox 906 2902 988 2940; x_wconf 85' lang='lat' dir='ltr'>peri-</span> 
     </span>
     <span class='ocr_line' id='line_1_56' title="bbox 222 2913 986 2988; baseline 0.004 -14"><span class='ocrx_word' id='word_1_332' title='bbox 222 2951 290 2984; x_wconf 78' lang='lat' dir='ltr'>tus;</span> <span class='ocrx_word' id='word_1_333' title='bbox 314 2945 359 2977; x_wconf 87' lang='lat' dir='ltr'>sic</span> <span class='ocrx_word' id='word_1_334' title='bbox 383 2956 477 2988; x_wconf 84' lang='lat' dir='ltr'>supra</span> <span class='ocrx_word' id='word_1_335' title='bbox 505 2947 569 2979; x_wconf 73' lang='lat' dir='ltr'>Sat.</span> <span class='ocrx_word' id='word_1_336' title='bbox 594 2913 793 2978; x_wconf 80' lang='lat'>11.&#39;7.101.</span> <span class='ocrx_word' id='word_1_337' title='bbox 818 2946 936 2978; x_wconf 71' lang='lat' dir='ltr'>subtilis</span> <span class='ocrx_word' id='word_1_338' title='bbox 957 2951 986 2977; x_wconf 83' lang='lat' dir='ltr'>et</span> 
     </span>
    </p>
   </div>
   <div class='ocr_carea' id='block_1_17' title="bbox 1028 1902 1271 1941">
    <p class='ocr_par' dir='ltr' id='par_1_22' title="bbox 1028 1902 1271 1941">
     <span class='ocr_line' id='line_1_57' title="bbox 1028 1902 1271 1941; baseline 0.004 -10"><span class='ocrx_word' id='word_1_339' title='bbox 1028 1902 1180 1941; x_wconf 80' lang='lat' dir='ltr'>placuere</span> <span class='ocrx_word' id='word_1_340' title='bbox 1204 1902 1271 1937; x_wconf 78' lang='lat' dir='ltr'>diu,</span> 
     </span>
    </p>
   </div>
   <div class='ocr_carea' id='block_1_18' title="bbox 1030 1638 1804 2988">
    <p class='ocr_par' dir='ltr' id='par_1_23' title="bbox 1034 1638 1804 2026">
     <span class='ocr_line' id='line_1_58' title="bbox 1075 1638 1802 1689; baseline 0 -19"><span class='ocrx_word' id='word_1_341' title='bbox 1075 1650 1105 1670; x_wconf 85' lang='lat' dir='ltr'>v.</span> <span class='ocrx_word' id='word_1_342' title='bbox 1123 1638 1177 1670; x_wconf 93' lang='grc'>31.</span> <span class='ocrx_word' id='word_1_343' title='bbox 1196 1641 1346 1677; x_wconf 68' lang='lat' dir='ltr'>Mutum,</span> <span class='ocrx_word' id='word_1_344' title='bbox 1368 1650 1411 1671; x_wconf 85' lang='lat' dir='ltr'>sc.</span> <span class='ocrx_word' id='word_1_345' title='bbox 1429 1639 1463 1670; x_wconf 88' lang='lat' dir='ltr'>in</span> <span class='ocrx_word' id='word_1_346' title='bbox 1477 1638 1630 1678; x_wconf 79' lang='lat' dir='ltr'>adversas,</span> <span class='ocrx_word' id='word_1_347' title='bbox 1643 1649 1718 1689; x_wconf 84' lang='lat' dir='ltr'>pro:</span> <span class='ocrx_word' id='word_1_348' title='bbox 1744 1638 1802 1670; x_wconf 76' lang='lat' dir='ltr'>ad-</span> 
     </span>
     <span class='ocr_line' id='line_1_59' title="bbox 1034 1682 1801 1724; baseline 0 -11"><span class='ocrx_word' id='word_1_349' title='bbox 1034 1693 1131 1714; x_wconf 85' lang='lat' dir='ltr'>versae</span> <span class='ocrx_word' id='word_1_350' title='bbox 1145 1685 1294 1724; x_wconf 81' lang='lat' dir='ltr'>quatient,</span> <span class='ocrx_word' id='word_1_351' title='bbox 1317 1683 1508 1720; x_wconf 82' lang='lat' dir='ltr'>concutient,</span> <span class='ocrx_word' id='word_1_352' title='bbox 1529 1683 1712 1724; x_wconf 76' lang='lat' dir='ltr'>gravissime</span> <span class='ocrx_word' id='word_1_353' title='bbox 1731 1682 1801 1712; x_wconf 84' lang='lat' dir='ltr'>affi-</span> 
     </span>
     <span class='ocr_line' id='line_1_60' title="bbox 1034 1723 1799 1767; baseline 0 -11"><span class='ocrx_word' id='word_1_354' title='bbox 1034 1727 1137 1765; x_wconf 87' lang='lat' dir='ltr'>cient;</span> <span class='ocrx_word' id='word_1_355' title='bbox 1160 1733 1265 1758; x_wconf 79' lang='lat' dir='ltr'>meme</span> <span class='ocrx_word' id='word_1_356' title='bbox 1287 1728 1385 1767; x_wconf 79' lang='lat' dir='ltr'>quati,</span> <span class='ocrx_word' id='word_1_357' title='bbox 1411 1735 1508 1766; x_wconf 77' lang='lat' dir='ltr'>supra</span> <span class='ocrx_word' id='word_1_358' title='bbox 1534 1726 1600 1757; x_wconf 83' lang='lat' dir='ltr'>od.</span> <span class='ocrx_word' id='word_1_359' title='bbox 1626 1726 1698 1758; x_wconf 92' lang='lat'>111.</span> <span class='ocrx_word' id='word_1_360' title='bbox 1715 1725 1748 1757; x_wconf 89' lang='grc'>3.</span> <span class='ocrx_word' id='word_1_361' title='bbox 1765 1723 1799 1756; x_wconf 93' lang='lat'>4.</span> 
     </span>
     <span class='ocr_line' id='line_1_61' title="bbox 1034 1769 1802 1811; baseline -0.001 -10"><span class='ocrx_word' id='word_1_362' title='bbox 1034 1788 1079 1795; x_wconf 94' lang='lat'>—</span> <span class='ocrx_word' id='word_1_363' title='bbox 1092 1772 1119 1801; x_wconf 82' lang='lat' dir='ltr'>si</span> <span class='ocrx_word' id='word_1_364' title='bbox 1133 1771 1208 1811; x_wconf 85' lang='lat' dir='ltr'>quid</span> <span class='ocrx_word' id='word_1_365' title='bbox 1230 1771 1394 1808; x_wconf 80' lang='lat' dir='ltr'>mirabere,</span> <span class='ocrx_word' id='word_1_366' title='bbox 1411 1781 1510 1810; x_wconf 76' lang='lat' dir='ltr'>pones</span> <span class='ocrx_word' id='word_1_367' title='bbox 1531 1771 1668 1807; x_wconf 70' lang='lat' dir='ltr'>Invitus,</span> <span class='ocrx_word' id='word_1_368' title='bbox 1683 1769 1710 1800; x_wconf 79' lang='lat' dir='ltr'>si</span> <span class='ocrx_word' id='word_1_369' title='bbox 1724 1769 1802 1811; x_wconf 87' lang='lat' dir='ltr'>quid</span> 
     </span>
     <span class='ocr_line' id='line_1_62' title="bbox 1034 1811 1804 1853; baseline 0.003 -10"><span class='ocrx_word' id='word_1_370' title='bbox 1034 1819 1138 1844; x_wconf 84' lang='lat' dir='ltr'>totum</span> <span class='ocrx_word' id='word_1_371' title='bbox 1153 1813 1296 1843; x_wconf 82' lang='lat' dir='ltr'>animum</span> <span class='ocrx_word' id='word_1_372' title='bbox 1317 1819 1411 1844; x_wconf 87' lang='lat' dir='ltr'>tuum</span> <span class='ocrx_word' id='word_1_373' title='bbox 1427 1813 1554 1853; x_wconf 84' lang='lat' dir='ltr'>ceperit,</span> <span class='ocrx_word' id='word_1_374' title='bbox 1569 1822 1635 1844; x_wconf 86' lang='lat' dir='ltr'>non</span> <span class='ocrx_word' id='word_1_375' title='bbox 1647 1811 1742 1844; x_wconf 77' lang='lat' dir='ltr'>facile</span> <span class='ocrx_word' id='word_1_376' title='bbox 1762 1814 1804 1845; x_wconf 68' lang='lat' dir='ltr'>ab</span> 
     </span>
     <span class='ocr_line' id='line_1_63' title="bbox 1035 1856 1802 1899; baseline 0.001 -12"><span class='ocrx_word' id='word_1_377' title='bbox 1035 1867 1074 1887; x_wconf 89' lang='lat' dir='ltr'>eo</span> <span class='ocrx_word' id='word_1_378' title='bbox 1088 1856 1215 1887; x_wconf 82' lang='lat' dir='ltr'>dissolvi</span> <span class='ocrx_word' id='word_1_379' title='bbox 1229 1856 1345 1897; x_wconf 79' lang='lat' dir='ltr'>poteris</span> <span class='ocrx_word' id='word_1_380' title='bbox 1352 1868 1364 1896; x_wconf 78' lang='lat'>3</span> <span class='ocrx_word' id='word_1_381' title='bbox 1387 1858 1509 1888; x_wconf 80' lang='lat' dir='ltr'>Ponere</span> <span class='ocrx_word' id='word_1_382' title='bbox 1522 1858 1646 1899; x_wconf 61' lang='lat' dir='ltr'>difficile</span> <span class='ocrx_word' id='word_1_383' title='bbox 1659 1863 1718 1895; x_wconf 64' lang='lat' dir='ltr'>eit,</span> <span class='ocrx_word' id='word_1_384' title='bbox 1731 1868 1802 1898; x_wconf 85' lang='lat' dir='ltr'>quae</span> 
     </span>
     <span class='ocr_line' id='line_1_64' title="bbox 1299 1899 1802 1940; baseline -0.002 -9"><span class='ocrx_word' id='word_1_385' title='bbox 1299 1908 1336 1931; x_wconf 88' lang='lat' dir='ltr'>ut</span> <span class='ocrx_word' id='word_1_386' title='bbox 1361 1899 1446 1932; x_wconf 77' lang='lat' dir='ltr'>canit</span> <span class='ocrx_word' id='word_1_387' title='bbox 1469 1907 1563 1940; x_wconf 79' lang='lat' dir='ltr'>poeta</span> <span class='ocrx_word' id='word_1_388' title='bbox 1588 1900 1802 1938; x_wconf 72' lang='lat' dir='ltr'>suavissimus,</span> 
     </span>
     <span class='ocr_line' id='line_1_65' title="bbox 1036 1942 1800 1985; baseline 0 -10"><span class='ocrx_word' id='word_1_389' title='bbox 1036 1943 1203 1975; x_wconf 84' lang='lat' dir='ltr'>Lotichius</span> <span class='ocrx_word' id='word_1_390' title='bbox 1218 1944 1248 1975; x_wconf 91' lang='lat'>1.</span> <span class='ocrx_word' id='word_1_391' title='bbox 1266 1943 1297 1975; x_wconf 80' lang='lat'>2.</span> <span class='ocrx_word' id='word_1_392' title='bbox 1316 1942 1370 1975; x_wconf 76' lang='lat'>64.</span> <span class='ocrx_word' id='word_1_393' title='bbox 1407 1943 1499 1975; x_wconf 85' lang='lat' dir='ltr'>Hinc</span> <span class='ocrx_word' id='word_1_394' title='bbox 1521 1954 1616 1984; x_wconf 76' lang='lat' dir='ltr'>supra</span> <span class='ocrx_word' id='word_1_395' title='bbox 1635 1943 1743 1985; x_wconf 82' lang='lat' dir='ltr'>Epist.</span> <span class='ocrx_word' id='word_1_396' title='bbox 1766 1943 1800 1975; x_wconf 90' lang='grc'><strong>6.</strong></span> 
     </span>
     <span class='ocr_line' id='line_1_66' title="bbox 1035 1986 1504 2026; baseline -0.002 -7"><span class='ocrx_word' id='word_1_397' title='bbox 1035 1989 1098 2019; x_wconf 70' lang='lat' dir='ltr'>,Nil</span> <span class='ocrx_word' id='word_1_398' title='bbox 1110 1989 1275 2026; x_wconf 84' lang='lat' dir='ltr'>admirari,</span> <span class='ocrx_word' id='word_1_399' title='bbox 1290 1987 1346 2019; x_wconf 86' lang='lat' dir='ltr'>ubi</span> <span class='ocrx_word' id='word_1_400' title='bbox 1359 1986 1422 2018; x_wconf 80' lang='lat' dir='ltr'>vid.</span> <span class='ocrx_word' id='word_1_401' title='bbox 1439 1994 1504 2019; x_wconf 81' lang='lat' dir='ltr'>not.</span> 
     </span>
    </p>

    <p class='ocr_par' dir='ltr' id='par_1_24' title="bbox 1033 2019 1800 2162">
     <span class='ocr_line' id='line_1_67' title="bbox 1078 2019 1800 2072; baseline 0.001 -11"><span class='ocrx_word' id='word_1_402' title='bbox 1078 2042 1107 2062; x_wconf 88' lang='lat' dir='ltr'>v.</span> <span class='ocrx_word' id='word_1_403' title='bbox 1121 2030 1175 2062; x_wconf 90' lang='grc'><strong>33.</strong></span> <span class='ocrx_word' id='word_1_404' title='bbox 1196 2033 1305 2072; x_wconf 77' lang='lat' dir='ltr'>Reges,</span> <span class='ocrx_word' id='word_1_405' title='bbox 1319 2031 1518 2072; x_wconf 75' lang='lat' dir='ltr'>potentiores.</span> <span class='ocrx_word' id='word_1_406' title='bbox 1533 2019 1671 2062; x_wconf 74' lang='lat' dir='ltr'>ditiores.</span> <span class='ocrx_word' id='word_1_407' title='bbox 1726 2033 1800 2067; x_wconf 73' lang='lat' dir='ltr'>vita,</span> 
     </span>
     <span class='ocr_line' id='line_1_68' title="bbox 1033 2075 1802 2117; baseline 0 -12"><span class='ocrx_word' id='word_1_408' title='bbox 1033 2075 1190 2115; x_wconf 81' lang='lat' dir='ltr'>sapienter</span> <span class='ocrx_word' id='word_1_409' title='bbox 1202 2075 1320 2106; x_wconf 87' lang='lat' dir='ltr'>scilicet</span> <span class='ocrx_word' id='word_1_410' title='bbox 1333 2075 1486 2112; x_wconf 74' lang='lat' dir='ltr'>instituta,</span> <span class='ocrx_word' id='word_1_411' title='bbox 1500 2085 1707 2115; x_wconf 63' lang='lat' dir='ltr'>praecurrere,</span> <span class='ocrx_word' id='word_1_412' title='bbox 1722 2077 1802 2117; x_wconf 63' lang='lat' dir='ltr'>(ra-</span> 
     </span>
     <span class='ocr_line' id='line_1_69' title="bbox 1033 2118 1782 2162; baseline -0.001 -12"><span class='ocrx_word' id='word_1_413' title='bbox 1033 2120 1158 2162; x_wconf 64' lang='grc' dir='ltr'><strong>ςελθυ,</strong></span> <span class='ocrx_word' id='word_1_414' title='bbox 1176 2118 1400 2162; x_wconf 62' lang='grc' dir='ltr'>ταραδραμιιν),</span> <span class='ocrx_word' id='word_1_415' title='bbox 1415 2125 1609 2159; x_wconf 62' lang='grc' dir='ltr'>Ρῐωνθῐωῐε,</span> <span class='ocrx_word' id='word_1_416' title='bbox 1623 2128 1782 2158; x_wconf 68' lang='lat' dir='ltr'>superare·</span> 
     </span>
    </p>

    <p class='ocr_par' dir='ltr' id='par_1_25' title="bbox 1031 2160 1802 2682">
     <span class='ocr_line' id='line_1_70' title="bbox 1077 2160 1802 2194; baseline 0.001 -3"><span class='ocrx_word' id='word_1_417' title='bbox 1077 2173 1106 2192; x_wconf 91' lang='lat' dir='ltr'>v.</span> <span class='ocrx_word' id='word_1_418' title='bbox 1124 2160 1265 2193; x_wconf 82' lang='lat'>34—38.</span> <span class='ocrx_word' id='word_1_419' title='bbox 1287 2163 1371 2194; x_wconf 90' lang='lat' dir='ltr'>Cum</span> <span class='ocrx_word' id='word_1_420' title='bbox 1389 2162 1544 2193; x_wconf 86' lang='lat' dir='ltr'>Himeraei</span> <span class='ocrx_word' id='word_1_421' title='bbox 1562 2163 1613 2193; x_wconf 88' lang='lat' dir='ltr'>vel</span> <span class='ocrx_word' id='word_1_422' title='bbox 1629 2161 1802 2193; x_wconf 87' lang='lat' dir='ltr'>Himeren·</span> 
     </span>
     <span class='ocr_line' id='line_1_71' title="bbox 1034 2204 1800 2247; baseline -0.001 -10"><span class='ocrx_word' id='word_1_423' title='bbox 1034 2216 1083 2237; x_wconf 85' lang='lat' dir='ltr'>ses</span> <span class='ocrx_word' id='word_1_424' title='bbox 1114 2205 1285 2244; x_wconf 85' lang='lat' dir='ltr'>Phalaridi,</span> <span class='ocrx_word' id='word_1_425' title='bbox 1315 2204 1599 2247; x_wconf 78' lang='lat' dir='ltr'>Agrigentinorum</span> <span class='ocrx_word' id='word_1_426' title='bbox 1628 2205 1662 2235; x_wconf 90' lang='lat' dir='ltr'>in</span> <span class='ocrx_word' id='word_1_427' title='bbox 1694 2205 1800 2237; x_wconf 79' lang='lat' dir='ltr'>Sicilia</span> 
     </span>
     <span class='ocr_line' id='line_1_72' title="bbox 1033 2248 1800 2290; baseline -0.001 -10"><span class='ocrx_word' id='word_1_428' title='bbox 1033 2256 1179 2290; x_wconf 80' lang='lat' dir='ltr'>tyranno,</span> <span class='ocrx_word' id='word_1_429' title='bbox 1201 2260 1295 2290; x_wconf 90' lang='lat' dir='ltr'>quem</span> <span class='ocrx_word' id='word_1_430' title='bbox 1314 2249 1348 2279; x_wconf 88' lang='lat' dir='ltr'>in</span> <span class='ocrx_word' id='word_1_431' title='bbox 1362 2248 1520 2280; x_wconf 79' lang='lat' dir='ltr'>auxilium</span> <span class='ocrx_word' id='word_1_432' title='bbox 1543 2254 1689 2280; x_wconf 82' lang='lat' dir='ltr'>vocatum</span> <span class='ocrx_word' id='word_1_433' title='bbox 1711 2259 1800 2280; x_wconf 86' lang='lat' dir='ltr'>snm-</span> 
     </span>
     <span class='ocr_line' id='line_1_73' title="bbox 1033 2292 1800 2343; baseline 0 -20"><span class='ocrx_word' id='word_1_434' title='bbox 1033 2303 1125 2323; x_wconf 87' lang='lat' dir='ltr'>mum</span> <span class='ocrx_word' id='word_1_435' title='bbox 1140 2293 1254 2324; x_wconf 89' lang='lat' dir='ltr'>ducem</span> <span class='ocrx_word' id='word_1_436' title='bbox 1269 2293 1472 2343; x_wconf 80' lang='lat' dir='ltr'>praefeeerant</span> <span class='ocrx_word' id='word_1_437' title='bbox 1479 2302 1538 2323; x_wconf 82' lang='lat' dir='ltr'>suo</span> <span class='ocrx_word' id='word_1_438' title='bbox 1551 2292 1712 2330; x_wconf 78' lang='lat' dir='ltr'>exercitui,</span> <span class='ocrx_word' id='word_1_439' title='bbox 1728 2303 1800 2323; x_wconf 86' lang='lat' dir='ltr'>cus-</span> 
     </span>
     <span class='ocr_line' id='line_1_74' title="bbox 1033 2334 1799 2377; baseline -0.001 -10"><span class='ocrx_word' id='word_1_440' title='bbox 1033 2336 1152 2367; x_wconf 80' lang='lat' dir='ltr'>todiam</span> <span class='ocrx_word' id='word_1_441' title='bbox 1167 2336 1304 2376; x_wconf 84' lang='lat' dir='ltr'>corporis</span> <span class='ocrx_word' id='word_1_442' title='bbox 1317 2346 1444 2377; x_wconf 89' lang='lat' dir='ltr'>quoque</span> <span class='ocrx_word' id='word_1_443' title='bbox 1457 2334 1533 2366; x_wconf 77' lang='lat' dir='ltr'>dare</span> <span class='ocrx_word' id='word_1_444' title='bbox 1553 2335 1799 2374; x_wconf 79' lang='lat' dir='ltr'>constituissent,</span> 
     </span>
     <span class='ocr_line' id='line_1_75' title="bbox 1035 2378 1799 2415; baseline 0 -4"><span class='ocrx_word' id='word_1_445' title='bbox 1035 2380 1239 2415; x_wconf 79' lang='lat' dir='ltr'>Stesichorus,</span> <span class='ocrx_word' id='word_1_446' title='bbox 1255 2386 1293 2410; x_wconf 92' lang='lat' dir='ltr'>ut</span> <span class='ocrx_word' id='word_1_447' title='bbox 1305 2379 1401 2410; x_wconf 84' lang='lat' dir='ltr'>refert</span> <span class='ocrx_word' id='word_1_448' title='bbox 1416 2378 1548 2410; x_wconf 71' lang='lat' dir='ltr'>Aris-tot.</span> <span class='ocrx_word' id='word_1_449' title='bbox 1565 2379 1660 2411; x_wconf 86' lang='lat' dir='ltr'>Rhet.</span> <span class='ocrx_word' id='word_1_450' title='bbox 1676 2379 1727 2410; x_wconf 94' lang='lat'>11.</span> <span class='ocrx_word' id='word_1_451' title='bbox 1741 2379 1799 2414; x_wconf 79' lang='grc'><strong>39.</strong></span> 
     </span>
     <span class='ocr_line' id='line_1_76' title="bbox 1035 2422 1799 2464; baseline 0.003 -11"><span class='ocrx_word' id='word_1_452' title='bbox 1035 2423 1243 2454; x_wconf 84' lang='lat' dir='ltr'>Himerenses</span> <span class='ocrx_word' id='word_1_453' title='bbox 1257 2422 1297 2454; x_wconf 88' lang='lat' dir='ltr'>de</span> <span class='ocrx_word' id='word_1_454' title='bbox 1317 2422 1537 2463; x_wconf 84' lang='lat' dir='ltr'>imprudentia,</span> <span class='ocrx_word' id='word_1_455' title='bbox 1561 2433 1626 2464; x_wconf 79' lang='lat' dir='ltr'>qua</span> <span class='ocrx_word' id='word_1_456' title='bbox 1647 2433 1682 2454; x_wconf 79' lang='lat' dir='ltr'>se</span> <span class='ocrx_word' id='word_1_457' title='bbox 1694 2423 1799 2455; x_wconf 81' lang='lat' dir='ltr'>trade-</span> 
     </span>
     <span class='ocr_line' id='line_1_77' title="bbox 1033 2465 1798 2507; baseline 0.003 -11"><span class='ocrx_word' id='word_1_458' title='bbox 1033 2473 1104 2498; x_wconf 88' lang='lat' dir='ltr'>rent</span> <span class='ocrx_word' id='word_1_459' title='bbox 1128 2466 1306 2507; x_wconf 83' lang='lat' dir='ltr'>potentiori,</span> <span class='ocrx_word' id='word_1_460' title='bbox 1331 2465 1441 2497; x_wconf 73' lang='lat' dir='ltr'>fabula</span> <span class='ocrx_word' id='word_1_461' title='bbox 1465 2465 1507 2496; x_wconf 87' lang='lat' dir='ltr'>de</span> <span class='ocrx_word' id='word_1_462' title='bbox 1531 2476 1623 2497; x_wconf 87' lang='lat' dir='ltr'>cervo</span> <span class='ocrx_word' id='word_1_463' title='bbox 1647 2472 1680 2497; x_wconf 79' lang='lat' dir='ltr'>et</span> <span class='ocrx_word' id='word_1_464' title='bbox 1704 2477 1798 2507; x_wconf 84' lang='lat' dir='ltr'>equo,</span> 
     </span>
     <span class='ocr_line' id='line_1_78' title="bbox 1033 2509 1798 2550; baseline 0.003 -10"><span class='ocrx_word' id='word_1_465' title='bbox 1033 2520 1128 2550; x_wconf 83' lang='lat' dir='ltr'>quam</span> <span class='ocrx_word' id='word_1_466' title='bbox 1143 2510 1194 2540; x_wconf 90' lang='lat' dir='ltr'>hic</span> <span class='ocrx_word' id='word_1_467' title='bbox 1208 2516 1314 2540; x_wconf 79' lang='lat' dir='ltr'>narrat</span> <span class='ocrx_word' id='word_1_468' title='bbox 1326 2509 1493 2546; x_wconf 80' lang='lat' dir='ltr'>Horatius,</span> <span class='ocrx_word' id='word_1_469' title='bbox 1504 2510 1665 2541; x_wconf 87' lang='lat' dir='ltr'>monuisse</span> <span class='ocrx_word' id='word_1_470' title='bbox 1675 2509 1798 2542; x_wconf 78' lang='lat' dir='ltr'>dicitur.</span> 
     </span>
     <span class='ocr_line' id='line_1_79' title="bbox 1034 2552 1799 2595; baseline 0 -10"><span class='ocrx_word' id='word_1_471' title='bbox 1034 2553 1160 2585; x_wconf 87' lang='lat' dir='ltr'>Eodem</span> <span class='ocrx_word' id='word_1_472' title='bbox 1178 2553 1258 2584; x_wconf 85' lang='lat' dir='ltr'>redit</span> <span class='ocrx_word' id='word_1_473' title='bbox 1278 2552 1386 2584; x_wconf 72' lang='lat' dir='ltr'>fabula</span> <span class='ocrx_word' id='word_1_474' title='bbox 1406 2555 1444 2584; x_wconf 81' lang='lat' dir='ltr'>de</span> <span class='ocrx_word' id='word_1_475' title='bbox 1458 2554 1551 2594; x_wconf 83' lang='lat' dir='ltr'>Equo</span> <span class='ocrx_word' id='word_1_476' title='bbox 1565 2561 1594 2585; x_wconf 78' lang='lat' dir='ltr'>et</span> <span class='ocrx_word' id='word_1_477' title='bbox 1611 2555 1698 2594; x_wconf 82' lang='lat' dir='ltr'>Apro</span> <span class='ocrx_word' id='word_1_478' title='bbox 1710 2554 1799 2595; x_wconf 76' lang='lat' dir='ltr'>apud</span> 
     </span>
     <span class='ocr_line' id='line_1_80' title="bbox 1035 2594 1798 2640; baseline 0.001 -12"><span class='ocrx_word' id='word_1_479' title='bbox 1035 2596 1161 2628; x_wconf 76' lang='lat' dir='ltr'>Phaedr.</span> <span class='ocrx_word' id='word_1_480' title='bbox 1181 2596 1245 2627; x_wconf 84' lang='lat' dir='ltr'>IV.</span> <span class='ocrx_word' id='word_1_481' title='bbox 1263 2594 1295 2627; x_wconf 74' lang='lat'>4.</span> <span class='ocrx_word' id='word_1_482' title='bbox 1384 2597 1494 2628; x_wconf 76' lang='lat' dir='ltr'>melior</span> <span class='ocrx_word' id='word_1_483' title='bbox 1509 2599 1584 2640; x_wconf 58' lang='lat' dir='ltr'>(neti</span> <span class='ocrx_word' id='word_1_484' title='bbox 1586 2611 1662 2629; x_wconf 64' lang='lat' dir='ltr'>*re-m</span> <span class='ocrx_word' id='word_1_485' title='bbox 1651 2597 1690 2638; x_wconf 72' lang='grc'>1),</span> <span class='ocrx_word' id='word_1_486' title='bbox 1704 2607 1798 2638; x_wconf 74' lang='lat' dir='ltr'>Supe-</span> 
     </span>
     <span class='ocr_line' id='line_1_81' title="bbox 1031 2639 1548 2682; baseline -0.002 -11"><span class='ocrx_word' id='word_1_487' title='bbox 1031 2641 1114 2679; x_wconf 76' lang='lat' dir='ltr'>rior-3</span> <span class='ocrx_word' id='word_1_488' title='bbox 1136 2642 1239 2671; x_wconf 78' lang='lat' dir='ltr'>minor</span> <span class='ocrx_word' id='word_1_489' title='bbox 1255 2639 1395 2682; x_wconf 64' lang='grc' dir='ltr'>(ἥττων),</span> <span class='ocrx_word' id='word_1_490' title='bbox 1411 2639 1548 2672; x_wconf 82' lang='lat' dir='ltr'>inferior.</span> 
     </span>
    </p>

    <p class='ocr_par' dir='ltr' id='par_1_26' title="bbox 1030 2682 1797 2758">
     <span class='ocr_line' id='line_1_82' title="bbox 1074 2682 1797 2724; baseline 0.004 -10"><span class='ocrx_word' id='word_1_491' title='bbox 1074 2694 1103 2714; x_wconf 88' lang='lat' dir='ltr'>v.</span> <span class='ocrx_word' id='word_1_492' title='bbox 1121 2682 1175 2714; x_wconf 83' lang='lat'>37.</span> <span class='ocrx_word' id='word_1_493' title='bbox 1192 2685 1316 2721; x_wconf 75' lang='lat' dir='ltr'>violens,</span> <span class='ocrx_word' id='word_1_494' title='bbox 1331 2683 1470 2714; x_wconf 89' lang='lat' dir='ltr'>hominis</span> <span class='ocrx_word' id='word_1_495' title='bbox 1486 2694 1547 2724; x_wconf 84' lang='lat' dir='ltr'>ope</span> <span class='ocrx_word' id='word_1_496' title='bbox 1561 2685 1664 2716; x_wconf 75' lang='lat' dir='ltr'>factus</span> <span class='ocrx_word' id='word_1_497' title='bbox 1676 2683 1797 2717; x_wconf 80' lang='lat' dir='ltr'>violen-</span> 
     </span>
     <span class='ocr_line' id='line_1_83' title="bbox 1030 2718 1257 2765; baseline -0.009 -7"><span class='ocrx_word' id='word_1_498' title='bbox 1030 2727 1100 2765; x_wconf 83' lang='lat' dir='ltr'>tior,</span> <span class='ocrx_word' id='word_1_499' title='bbox 1115 2718 1257 2758; x_wconf 82' lang='lat' dir='ltr'>ferocior.</span> 
     </span>
    </p>

    <p class='ocr_par' dir='ltr' id='par_1_27' title="bbox 1030 2769 1797 2898">
     <span class='ocr_line' id='line_1_84' title="bbox 1074 2769 1796 2812; baseline 0.003 -11"><span class='ocrx_word' id='word_1_500' title='bbox 1074 2781 1103 2801; x_wconf 84' lang='lat' dir='ltr'>v.</span> <span class='ocrx_word' id='word_1_501' title='bbox 1129 2769 1183 2802; x_wconf 87' lang='lat'>38.</span> <span class='ocrx_word' id='word_1_502' title='bbox 1210 2782 1277 2802; x_wconf 82' lang='lat' dir='ltr'>non</span> <span class='ocrx_word' id='word_1_503' title='bbox 1289 2788 1334 2795; x_wconf 90' lang='lat'><em>-</em></span> <span class='ocrx_word' id='word_1_504' title='bbox 1349 2771 1475 2812; x_wconf 72' lang='lat' dir='ltr'>depulit,</span> <span class='ocrx_word' id='word_1_505' title='bbox 1490 2781 1555 2802; x_wconf 89' lang='lat' dir='ltr'>non</span> <span class='ocrx_word' id='word_1_506' title='bbox 1569 2771 1725 2812; x_wconf 84' lang='lat' dir='ltr'>depellere</span> <span class='ocrx_word' id='word_1_507' title='bbox 1738 2781 1796 2812; x_wconf 86' lang='lat' dir='ltr'>po-</span> 
     </span>
     <span class='ocr_line' id='line_1_85' title="bbox 1031 2813 1797 2857; baseline 0.001 -12"><span class='ocrx_word' id='word_1_508' title='bbox 1031 2813 1102 2850; x_wconf 86' lang='lat' dir='ltr'>tuit,</span> <span class='ocrx_word' id='word_1_509' title='bbox 1118 2813 1171 2845; x_wconf 82' lang='lat' dir='ltr'>sed</span> <span class='ocrx_word' id='word_1_510' title='bbox 1187 2814 1227 2845; x_wconf 78' lang='lat' dir='ltr'>ab</span> <span class='ocrx_word' id='word_1_511' title='bbox 1241 2824 1280 2845; x_wconf 85' lang='lat' dir='ltr'>eo</span> <span class='ocrx_word' id='word_1_512' title='bbox 1294 2813 1368 2844; x_wconf 89' lang='lat' dir='ltr'>inde</span> <span class='ocrx_word' id='word_1_513' title='bbox 1389 2821 1530 2854; x_wconf 85' lang='lat' dir='ltr'>tempore</span> <span class='ocrx_word' id='word_1_514' title='bbox 1550 2816 1689 2857; x_wconf 84' lang='lat' dir='ltr'>equitem</span> <span class='ocrx_word' id='word_1_515' title='bbox 1703 2815 1797 2846; x_wconf 70' lang='lat' dir='ltr'>domo</span> 
     </span>
     <span class='ocr_line' id='line_1_86' title="bbox 1030 2857 1794 2898; baseline 0.001 -9"><span class='ocrx_word' id='word_1_516' title='bbox 1030 2864 1154 2898; x_wconf 78' lang='lat' dir='ltr'>portare</span> <span class='ocrx_word' id='word_1_517' title='bbox 1166 2863 1199 2888; x_wconf 87' lang='lat' dir='ltr'>et</span> <span class='ocrx_word' id='word_1_518' title='bbox 1212 2857 1350 2888; x_wconf 84' lang='lat' dir='ltr'>fraenum</span> <span class='ocrx_word' id='word_1_519' title='bbox 1364 2867 1418 2888; x_wconf 91' lang='lat' dir='ltr'>ore</span> <span class='ocrx_word' id='word_1_520' title='bbox 1432 2859 1576 2890; x_wconf 88' lang='lat' dir='ltr'>mordere</span> <span class='ocrx_word' id='word_1_521' title='bbox 1590 2865 1716 2890; x_wconf 81' lang='lat' dir='ltr'>coactus</span> <span class='ocrx_word' id='word_1_522' title='bbox 1729 2864 1794 2889; x_wconf 57' lang='lat' dir='ltr'>esu</span> 
     </span>
    </p>

    <p class='ocr_par' dir='ltr' id='par_1_28' title="bbox 1030 2897 1796 2988">
     <span class='ocr_line' id='line_1_87' title="bbox 1073 2897 1796 2943; baseline 0.001 -12"><span class='ocrx_word' id='word_1_523' title='bbox 1073 2911 1102 2932; x_wconf 80' lang='lat' dir='ltr'>v.</span> <span class='ocrx_word' id='word_1_524' title='bbox 1120 2899 1259 2932; x_wconf 78' lang='lat'>39—41.</span> <span class='ocrx_word' id='word_1_525' title='bbox 1289 2901 1420 2932; x_wconf 87' lang='lat' dir='ltr'>Sensus:</span> <span class='ocrx_word' id='word_1_526' title='bbox 1451 2897 1512 2939; x_wconf 71' lang='lat' dir='ltr'>Sic,</span> <span class='ocrx_word' id='word_1_527' title='bbox 1527 2903 1592 2943; x_wconf 82' lang='lat' dir='ltr'>qui,</span> <span class='ocrx_word' id='word_1_528' title='bbox 1609 2912 1672 2933; x_wconf 89' lang='lat' dir='ltr'>non</span> <span class='ocrx_word' id='word_1_529' title='bbox 1687 2902 1796 2942; x_wconf 74' lang='lat' dir='ltr'>paucis</span> 
     </span>
     <span class='ocr_line' id='line_1_88' title="bbox 1030 2944 1795 2988; baseline 0 -12"><span class='ocrx_word' id='word_1_530' title='bbox 1030 2951 1206 2984; x_wconf 78' lang='lat' dir='ltr'>contentus,</span> <span class='ocrx_word' id='word_1_531' title='bbox 1233 2944 1411 2977; x_wconf 83' lang='lat' dir='ltr'>divitiarum</span> <span class='ocrx_word' id='word_1_532' title='bbox 1434 2945 1685 2988; x_wconf 78' lang='lat' dir='ltr'>colligendarum</span> <span class='ocrx_word' id='word_1_533' title='bbox 1706 2945 1795 2986; x_wconf 85' lang='lat' dir='ltr'>cupi-</span> 
     </span>
    </p>
   </div>
  </div>
 </body>
</html>
