1904 3250
195 162 281 200 418

820 156 1126 200 HORATII

1575 163 1684 212 [Lm.
1706 158 1758 200 11.'

233 286 284 324 10
316 283 358 326 O
379 285 413 325 si
434 298 583 325 urnam
604 283 766 339 argenti
787 282 872 323 fors
895 297 990 339 quae
1010 282 1114 324 mihi
1134 293 1349 337 monstret,
1370 284 1419 327 'ut
1439 284 1512 335 illi,

316 352 538 394 Thesauro
558 352 728 392 invento
749 351 821 407 qui
841 352 1124 392 mercenarius
1145 358 1313 410 agrum,

316 424 443 467 Illum
464 425 602 479 ipsum
622 429 845 473 mercatus,
868 423 1014 474 aravit,
1037 423 1153 465 dives
1174 425 1309 466 amico

317 495 504 538 Hercule
516 496 553 544 ;”
585 495 632 545 si,
656 494 771 551 quod
791 494 922 546 adest,
945 503 1111 552 gratum
1127 497 1259 552 juvat,
1281 495 1361 538 hac
1380 512 1504 553 prece
1524 504 1566 539 te
1587 505 1675 547 oro',

318 566 481 622 Pingue
502 579 631 620 pecus
653 563 833 606 domino.
846 564 987 615 facias,
1010 572 1052 606 et
1073 573 1223 615 cetera,
1245 573 1400 621 praeter

233 642 284 680 15
316 638 553 695 Ingenium,
577 645 706 694 utque
728 637 836 679 soles
858 645 997 679 custos
1018 637 1122 678 mihi
1141 637 1349 679 maximus
1370 638 1493 681 adsis.

318 711 436 769 Ergo
457 711 532 752 ubi
550 726 619 752 me
639 711 683 752 in
703 704 867 753 montes
888 719 931 753 et
947 705 994 753 *in
1014 727 1154 753 arcem
1175 707 1354 753 exturbe
1375 714 1547 764 removi,

321 781 460 838 (Quid
479 782 597 838 prius
618 781 823 823 illustrem
846 783 983 823 satiris
1006 781 1219 839 Musaque
1240 782 1425 838 pedestri
1437 780 1475 834 ?)
1508 792 1517 837 ἰ
1539 792 1541 794 ’

318 851 411 894 Nec
431 851 628 893 mala'me
646 852 822 911 'ambitio
842 842 996 908 perdit,
1019 868 1097 894 nec
1117 852 1342 908 plumbeus
1366 853 1522 894 Auster

318 922 669 978 Auctumnusque
690 923 843 979 gravis,
868 921 1068 963 Libitinae
1090 930 1276 978 quaestus
1299 922 1476 964 acerbae.

229 996 284 1034 20
316 992 530 1034 Matutine
550 1001 684 1049 pater,
707 1008 781 1034 seu
801 993 908 1034 Jane
928 992 1126 1034 libentius
1148 991 1283 1043 audis,

321 1061 450 1104 Unde
470 1062 662 1104 homines
683 1078 861 1118 operum
881 1063 1040 1119 primos
1062 1062 1242 1119 vitaeque
1262 1062 1428 1131 labores

320 1134 565 1186 Instituunt‚
588 1135 647 1177 sic
668 1133 734 1176 dis
754 1135 970 1191 placitum,
993 1143 1040 1177 tu
1061 1136 1255 1188 calminis
1277 1143 1366 1177 esto

321 1207 392 1250 P
360 1223 381 1249 1·
382 1222 595 1263 melplum
661 1207 812 1249 Romae
834 1224 1080 1265 sponsorem
1100 1224 1168 1250 Ine
1189 1209 1314 1264 raplS·

248 1346 278 1366 v.
300 1334 350 1366 lo.
380 1337 405 1368 0
428 1336 540 1378 sisoi-s
554 1347 635 1377 quae,
659 1346 735 1376 pro:
763 1336 789 1367 si
804 1346 867 1377 qua
882 1336 967 1376 sors3

207 1379 350 1419 exempla
364 1379 426 1410 vid.
445 1379 530 1419 apud
546 1382 665 1411 Heind-

250 1435 279 1453 v.
307 1422 357 1454 13.
387 1425 484 1455 amico
512 1426 661 1457 Hercule,
689 1423 766 1453 dum
793 1423 821 1454 ei
846 1424 970 1455 favebat

209 1467 378 1503 Hercules,
416 1467 594 1498 divitiarum
631 1467 730 1503 dator,
762 1467 969 1510 πλουτοδοτήρ,

211 1510 315 1542 Schol.
343 1512 418 1542 Acr.
441 1513 514 1542 Ideo
537 1512 610 1551 quia
635 1511 825 1552 (Hercules)
849 1514 971 1542 thesau-

207 1556 252 1586 ris
277 1560 398 1595 praeest.
428 1561 458 1586 et
487 1561 573 1591 sunt,
598 1556 652 1595 qui
681 1556 814 1585 eundem
843 1556 971 1586 incubo-

208 1610 282 1630 nem
299 1598 368 1639 (qui
384 1598 538 1635 thesauro,
554 1608 649 1639 quem
665 1597 812 1634 custodit,
827 1597 971 1638 incubat)

209 1652 270 1673 esse
285 1643 388 1679 velint,
404 1645 489 1673 unde
500 1648 625 1683 putant,
641 1643 723 1682 quod
744 1648 772 1672 et
794 1652 842 1672 res
856 1643 972 1673 rustica

209 1687 246 1717 in
260 1687 356 1716 tutela
371 1687 408 1716 sit
422 1686 489 1726 ejus
514 1687 596 1726 (rem
618 1685 768 1715 rusticam
789 1695 915 1726 quoque
938 1686 972 1715 in

209 1728 278 1769 ejus
314 1729 413 1759 tutela
444 1728 537 1768 esse).
623 1734 763 1768 gratum,
800 1739 861 1764 me,
891 1728 973 1768 grati

209 1771 307 1802 animi
336 1772 507 1810 homiuem,
538 1771 698 1813 eleganter
733 1782 790 1812 pro
819 1771 970 1811 simplici·

209 1825 271 1845 me.

194 1878 200 1885 -
253 1869 281 1888 v.
318 1857 367 1889 15.
398 1866 513 1899 praeter
541 1860 714 1899 ingenium,
739 1857 822 1888 ludit
845 1857 878 1888 in
901 1868 976 1889 voce

205 1905 334 1943 pingue,
352 1903 488 1942 primum
505 1901 629 1943 proprie
645 1902 686 1932 de
706 1911 843 1940 corpore,
862 1901 977 1932 deinde

210 1956 267 1986 per
281 1946 517 1977 translationem
535 1945 575 1976 de
596 1946 718 1986 ingenio
740 1945 863 1984 posita;
886 1945 976 1986 inge-

210 1990 302 2020 nium
313 1992 432 2031 pingue
446 1997 493 2020 est
506 1989 643 2026 tardum,
666 1989 761 2019 hebes
775 1995 807 2018 et
819 1988 974 2028 ineptum,

210 2034 286 2074 quia
300 2044 414 2072 corpus
427 2043 551 2074 quoque
561 2034 682 2073 pingue
696 2031 821 2062 tardum
837 2039 869 2062 et
882 2034 976 2063 rebus

211 2077 344 2118 agendis
357 2076 501 2117 ineptum
524 2083 580 2107 est.
630 2075 780 2107 Similiter
801 2075 866 2106 fere
887 2078 975 2108 homo

211 2122 304 2152 obesae
319 2122 416 2151 naris.

257 2174 285 2195 v.
306 2162 356 2194 16.
383 2165 469 2203 Ergo
484 2165 537 2194 ubi
551 2169 638 2200 cett„
653 2162 763 2204 quodsi
780 2162 876 2203 igitur
891 2169 978 2194 voto-

212 2218 285 2238 rum
300 2217 444 2238 meorum
460 2217 588 2246 compos
609 2214 641 2237 et
661 2214 744 2237 sorte
764 2217 836 2236 mea
851 2214 979 2237 conten·

213 2257 267 2282 tus
281 2257 353 2282 cett.
443 2257 471 2282 et
492 2252 526 2281 in
549 2262 661 2287 arcem,
685 2260 741 2290 per
754 2261 858 2281 arcem
873 2250 977 2291 desig-

214 2294 301 2325 navit
318 2293 475 2325 Horatius
495 2293 601 2324 villam
624 2304 726 2331 suam,
750 2300 910 2334 tamquam
932 2296 976 2324 lo·

213 2350 289 2370 cum
312 2338 461 2380 peffugii,
490 2337 543 2368 ubi
575 2344 666 2376 poeta
702 2348 721 2368 a
750 2337 822 2367 vitae
850 2338 978 2368 urbanae

215 2381 374 2418 molestiis,
397 2381 480 2412 curis
495 2389 526 2411 et
540 2381 675 2423 negotiis
695 2387 835 2411 remotus
852 2380 887 2411 in
908 2387 978 2412 tuto

214 2425 346 2456 vivebat.

259 2480 289 2499 v.
310 2467 360 2499 17.
391 2469 473 2504 Quid
490 2469 581 2508 prius
602 2474 674 2498 cett.
699 2473 782 2498 recte
803 2468 888 2498 hunc
910 2477 978 2497 ver-

216 2523 287 2543 sum
304 2512 520 2552 parentheseos
541 2512 638 2553 signis
653 2511 780 2541 inclusit
799 2513 954 2542 Gesnerus
964 2527 976 2547 ;

219 2557 376 2588 Horatius
397 2565 490 2586 sensu
515 2561 697 2585 memoratae
721 2554 886 2589 felicitatis,
914 2564 977 2594 qua

217 2599 277 2630 sibi
291 2610 330 2630 ex
345 2600 423 2630 urbe
435 2598 468 2629 in
484 2598 589 2628 villam
611 2608 701 2628 suam
716 2597 858 2628 secedere
873 2597 974 2633 liceat,

217 2653 392 2683 percussus,
416 2642 474 2673 sibi
487 2649 659 2681 temperare
682 2651 746 2671 non
767 2647 877 2680 potest,
900 2641 978 2681 quin

217 2687 323 2717 media
337 2688 369 2717 in
383 2686 522 2717 oratione
542 2686 624 2715 hanc
645 2684 829 2715 sententiam
843 2684 980 2723 interpo-

218 2737 294 2762 nat:
337 2735 356 2750 ‘⁵
372 2731 479 2766 Quam
500 2728 627 2760 tandem
649 2738 715 2758 rem
731 2729 789 2758 hac
803 2727 979 2758 rusticatio-

219 2773 269 2804 nis
283 2784 362 2804 meae
372 2773 519 2804 felicitate
533 2772 620 2812 prins
634 2771 771 2801 carmine
785 2770 979 2802 celebrem!”

221 2819 330 2849 Satim‘s
355 2819 510 2859 Musaque
532 2817 674 2857 pedestri,
703 2814 838 2853 pedestn
864 2824 980 2844 sermo-

220 2871 299 2891 num
314 2871 456 2891 meorum
475 2860 581 2891 Musa.
598 2876 642 2882 —
657 2858 755 2888 Musa
772 2859 871 2898 lyrica
886 2868 981 2888 curru

220 2904 366 2942 vehitur3
403 2906 520 2944 tragica
549 2903 703 2934 cothurno
732 2902 805 2932 nixa
840 2901 977 2940 incedit3

221 2950 344 2978 satirica
361 2947 454 2978 nudis
469 2947 600 2988 pedibus
614 2944 762 2976 ambulat.

1378 1208 1470 1260 Eia,

1054 1348 1085 1368 v.
1117 1336 1166 1368 18.
1203 1339 1286 1370 mala
1311 1339 1445 1375 ambitio,
1472 1336 1640 1368 molestum
1666 1337 1775 1379 gratiae

1012 1381 1175 1421 captandae
1190 1381 1340 1412 studium.
1427 1383 1603 1422 plumbeus,
1618 1381 1692 1422 quia
1706 1383 1777 1413 Au-

1012 1432 1084 1462 ster,
1113 1426 1221 1456 omnia
1249 1426 1408 1456 exsiccans
1446 1425 1596 1466 (Sirocco)
1634 1426 1777 1455 homines

1014 1468 1116 1499 reddit
1127 1470 1285 1507 plumbeos
1300 1469 1332 1498 h.
1347 1479 1374 1498 e.
1391 1468 1515 1498 inertes.

1058 1522 1086 1541 v.
1113 1510 1163 1542 19.
1189 1514 1453 1552 Auctumnusque
1470 1513 1584 1551 gravit,
1605 1509 1778 1542 valetudini

1015 1556 1056 1586 ob
1071 1556 1150 1585 aeris
1164 1555 1349 1596 gravitatem
1361 1555 1503 1586 infestus.
1519 1565 1613 1594 supra
1627 1554 1690 1586 011.
1706 1554 1779 1585 111.

1015 1598 1069 1629 23.
1086 1598 1118 1628 8.
1142 1600 1307 1630 auctumni
1317 1609 1410 1639 grave
1431 1605 1561 1639 tempus.
1584 1597 1691 1629 ubief.
1710 1605 1775 1630 not.

1018 1660 1059 1667 —
1069 1643 1218 1674 Libitinae
1231 1649 1340 1683 quoest.
1357 1643 1484 1678 acerbae,
1499 1641 1574 1682 quia
1587 1649 1779 1672 auctumnus

1015 1687 1056 1716 ob
1071 1685 1173 1716 multa
1191 1687 1251 1716 boc
1273 1685 1348 1716 anni
1369 1690 1511 1725 tempore
1533 1685 1646 1716 funera
1665 1684 1778 1716 Libiti-

1016 1739 1076 1766 nae,
1091 1729 1126 1760 in
1139 1729 1231 1769 cujus
1251 1728 1371 1768 templo
1393 1728 1434 1758 ad
1455 1734 1653 1759 mortuorum
1673 1738 1728 1768 sep
1730 1728 1780 1759 ul·

1018 1779 1123 1803 turam
1147 1772 1319 1802 necessaria
1340 1778 1396 1802 aut
1416 1770 1641 1809 vendebantur,
1661 1778 1719 1803 aut
1706 1738 1779 1803 ¹,lo-

1019 1817 1180 1851 cabantur‚
1207 1822 1354 1855 quaestus,
1383 1814 1448 1845 sive
1471 1821 1670 1876 quaestuosus
1698 1815 1780 1858 (ein-

1019 1859 1164 1899 tra'glich)
1180 1858 1252 1889 fuit.

1063 1901 1250 1932 aon-Q
1279 1902 1392 1932 Nexus
1404 1901 1572 1933 orationis·
1584 1902 1642 1932 In
1663 1903 1741 1934 urbe
1761 1913 1781 1932 a

1018 1945 1120 1985 prima
1134 1946 1196 1976 diei
1211 1947 1283 1977 luce
1305 1945 1428 1981 infinita
1448 1945 1624 1976 officiorum
1638 1945 1781 1986 negotio-

1018 1999 1154 2030 rumque
1175 1999 1292 2030 genera
1312 1988 1409 2020 modo
1429 1990 1493 2019 huc
1514 1989 1610 2020 modo
1630 1988 1709 2020 illuc
1729 1999 1781 2020 me

1018 2032 1146 2072 rapiunt
1159 2033 1363 2074 truduntque.
1377 2050 1421 2057 —
1432 2032 1588 2063 Horatius
1607 2032 1705 2074 igitur
1711 2032 1780 2072 jam

1018 2077 1174 2107 matutina
1187 2077 1221 2106 in
1238 2077 1315 2107 urbe
1333 2075 1460 2117 negotia
1480 2082 1672 2110 narraturus,
1688 2076 1721 2105 in
1735 2075 1781 2105 rei

1022 2119 1185 2150 narrandae
1209 2119 1370 2160 principio,
1397 2119 1446 2150 uti
1471 2119 1536 2150 fere
1557 2125 1650 2159 poeta
1673 2120 1780 2158 epicus

1025 2163 1190 2203 Calliopen
1215 2162 1265 2193 vel
1287 2163 1383 2194 aliam
1410 2163 1550 2199 Musam,
1572 2162 1782 2203 signifimmer

1022 2209 1223 2239 Matutinum
1249 2208 1390 2242 Patrem,
1418 2208 1548 2240 Jannm,
1576 2205 1721 2243 invocat3
1737 2223 1780 2230 —-

1020 2250 1126 2282 Janus
1147 2251 1329 2282 Matutinus
1350 2249 1474 2283 dicitur.
1498 2248 1572 2289 quia
1592 2248 1662 2289 ejus
1681 2248 1780 2279 favori

1021 2304 1086 2324 non
1113 2295 1333 2334 uniuscunque
1353 2292 1428 2323 anni
1453 2298 1587 2330 tantum,
1609 2291 1664 2322 sed
1684 2293 1779 2323 etiam

1021 2337 1241 2377 uniuscunque
1275 2336 1337 2367 diei
1366 2334 1554 2375 principium
1590 2341 1623 2365 et
1657 2335 1781 2376 incepta

1021 2380 1340 2416 commendabantur;
1361 2385 1460 2419 pater,
1476 2385 1514 2409 ut
1526 2378 1610 2409 infra
1625 2378 1728 2419 Epist.
1747 2380 1775 2410 1.

1024 2423 1074 2454 16.
1092 2423 1146 2454 59.
1235 2434 1289 2455 seu
1304 2424 1393 2455 -Jane
1417 2423 1574 2453 lubentius
1597 2424 1697 2459 audis,
1723 2433 1779 2453 cu-

1021 2467 1145 2498 mulant
1166 2472 1266 2506 poetae
1280 2465 1342 2503 del,
1364 2475 1458 2505 quem
1479 2465 1619 2502 laudant,
1642 2466 1778 2502 nomina,

1022 2521 1116 2551 supra
1141 2510 1245 2541 Carm-
1273 2511 1350 2540 Soec.
1369 2519 1397 2539 v.
1419 2507 1469 2538 15.
1506 2511 1572 2540 Sive
1592 2515 1629 2549 tu
1650 2511 1779 2541 Lucina

1015 2556 1127 2595 probas
1140 2554 1250 2589 vocari,
1266 2555 1326 2585 sive
1345 2553 1504 2584 Genitalis.
1601 2555 1702 2591 Unde,
1724 2563 1779 2584 cu-

1015 2598 1069 2638 jus
1083 2597 1197 2628 favore.
1217 2606 1219 2609 ’

1063 2651 1093 2670 v.
1112 2639 1164 2671 23.
1186 2642 1276 2671 Rom.
1290 2651 1338 2680 sp.
1353 2651 1402 2671 me
1416 2641 1510 2680 φαμὶ,
1526 2639 1646 2672 Janum
1661 2638 1780 2679 disper-

1021 2684 1149 2714 tientem
1164 2684 1252 2724 quasi
1274 2691 1306 2714 et
1326 2684 1537 2724 assignantem
1558 2684 1672 2726 cuique
1693 2683 1780 2714 diur-

1021 2737 1079 2757 nos
1103 2727 1222 2757 labores
1246 2726 1403 2767 appellare
1426 2727 1547 2767 pergit:
1587 2727 1619 2758 Si
1644 2729 1678 2757 iu
1704 2729 1781 2759 urbe

1023 2781 1135 2807 versor,
1150 2780 1244 2800 mane
1257 2770 1361 2801 statim
1373 2780 1425 2801 me
1436 2780 1615 2810 sponsorem
1628 2771 1661 2801 in
1674 2771 1781 2801 forum

1023 2824 1187 2854 properare
1205 2814 1315 2854 jubes;
1336 2816 1395 2850 eia,
1419 2814 1474 2851 ais,
1497 2826 1581 2855 urge,
1604 2825 1646 2845 ne
1659 2815 1730 2855 quis
1749 2821 1781 2846 te

1023 2858 1108 2897 prior
1121 2856 1194 2887 huic
1207 2857 1312 2887 officio
1325 2856 1511 2895 satisfaciat;
1581 2860 1628 2890 eia
1638 2875 1683 2884 -
1692 2869 1780 2897 urge,

1023 2900 1106 2930 idem
1133 2907 1188 2936 est,
1214 2900 1298 2941 quod
1323 2900 1477 2942 Virgilius
1504 2901 1580 2933 AEn.
1612 2902 1674 2934 IV·
1700 2900 1775 2932 569.

1024 2943 1116 2975 dicit:
1145 2946 1205 2975 Eia
1220 2956 1288 2985 age,
1303 2955 1415 2985 rumpe
1429 2956 1539 2978 moras.
