1904 3250
153 153 238 190 366

783 153 1089 196 HORATII

1537 162 1646 210 [Lm.
1669 172 1719 200 11.

270 276 540 320 Transnanto
562 278 765 327 Tiberim,
788 292 936 319 somno
956 279 1107 335 quibus
1128 288 1191 322 est
1211 296 1317 337 opus
1338 283 1437 334 alto,

270 350 568 408 Irriguumque
588 365 706 391 mero
727 350 806 391 sub
825 358 997 392 noctem
1017 367 1170 408 corpus
1189 353 1386 398 habento.

186 425 237 463 10

269 423 372 474 Aut,
395 424 430 464 si
449 431 589 464 tantus
611 437 730 463 amor
751 422 963 465 scribendi
983 431 1025 466 te
1045 425 1167 480 rapit,
1189 426 1298 469 aude

213 537 215 539 ,
271 495 452 536 Caesaris
474 494 616 535 invicti
636 508 703 535 res
724 493 888 536 dicere:
920 495 1054 537 multa
1073 495 1267 538 laborum

271 564 454 606 Praemia
473 563 649 605 laturus.

712 563 940 620 Cupidum,
962 573 1083 621 pater
1103 566 1272 622 optime,
1294 568 1402 610 vires

267 633 509 677 Deficiunt:
541 648 678 690 neque
699 633 812 675 enim
832 635 966 691 quivis
986 634 1202 677 horrentia
1220 635 1316 692 pilis

269 705 466 763 Agmina,
489 720 567 747 nec
588 705 721 747 fracta
739 714 964 762 pereuntes
987 707 1160 763 cuspide
1182 707 1344 759 Gallos,

186 781 235 819 15

267 777 358 818 Aut
377 777 556 819 labentis
578 793 688 835 equo
706 777 910 820 describit
929 779 1105 821 vulnera
1126 779 1286 821 Parthi.

267 847 468 888 Attamen
489 855 531 889 et
544 848 707 904 justum
727 857 896 904 poteras
918 857 960 890 et
980 850 1163 891 scribere
1183 849 1357 892 fortem:

269 917 509 974 Scipiadam
530 926 577 959 ut
597 918 763 974 sapiens
785 918 988 960 Lucilius.

782 990 876 1032 Nisi
897 991 1048 1033 dextro
1068 1000 1258 1048 tempore
1281 991 1421 1034 Flacci

268 989 380 1031 Cum
400 1006 466 1032 res
487 991 580 1047 ipsa
598 990 716 1032 feret.

1052 919 1183 961 Haud
1203 919 1307 961 mihi
1326 920 1468 971 deero,

266 1062 411 1104 Verba
429 1078 507 1119 per
527 1071 730 1105 attentam
749 1078 836 1104 non
856 1063 979 1105 ibunt
1002 1063 1182 1105 Caesaris
1204 1079 1371 1105 aurem:

179 1138 235 1176 20
269 1134 351 1176 Cui
370 1135 480 1177 male
501 1136 536 1177 si
555 1135 742 1192 palpere,
764 1135 1000 1178 recalcitret
1021 1135 1207 1192 undique
1227 1144 1355 1177 tutus.

147 1253 205 1282 dis.
255 1251 480 1291 Gymnasticae‚
496 1258 534 1282 ιιι
547 1253 711 1283 observant
725 1251 764 1282 ad
779 1252 811 1283 h.
825 1252 847 1283 l.
865 1252 915 1282 in-

148 1301 307 1334 terpretes,
344 1295 588 1332 exercitationes,
625 1306 698 1336 quae
733 1296 766 1325 in
804 1305 915 1335 campo

148 1338 270 1369 Martio
290 1349 309 1369 a
318 1338 488 1379 juvenibus
500 1339 570 1370 oleo
585 1339 688 1370 unctis
708 1338 914 1370 institueban-

146 1388 209 1419 tur,
233 1382 274 1412 ad
288 1392 398 1413 eorum
419 1392 548 1422 corpora
566 1382 735 1413 recreanda
756 1382 914 1413 natatione

146 1425 231 1456 finiri
246 1426 396 1457 solebant.
445 1425 507 1458 Sed
525 1425 677 1456 fortasse
668 1426 768 1465 1psius
782 1426 914 1456 natatio-

147 1468 197 1499 nis
211 1479 315 1507 causa,
329 1474 381 1511 (ut
394 1469 428 1499 in
441 1469 511 1500 aliis
524 1469 692 1507 laboribus,
705 1469 821 1510 quibus
836 1470 916 1500 vires

146 1518 180 1543 et
193 1508 280 1543 nervi
299 1513 436 1544 maxime
458 1512 701 1544 intendebantur
702 1513 728 1553 ,)
751 1512 822 1543 oleo
836 1513 915 1554 ungi

147 1555 290 1587 solebant
318 1566 456 1607 corpora.
505 1557 557 1587 Sic
589 1556 716 1587 Cleobis
745 1563 776 1587 et
804 1555 912 1592 Biton,

147 1606 315 1640 antequam
337 1600 378 1630 ad
397 1601 515 1641 jugum
541 1600 650 1631 matris
673 1600 706 1630 in
728 1600 839 1630 fanum
862 1610 915 1630 ve.

146 1643 261 1674 hendae
286 1653 380 1674 causa
404 1644 602 1680 accedebant,
627 1649 706 1675 veste
728 1645 827 1683 posita
852 1646 913 1674 oleo

145 1698 272 1727 corpora
292 1690 472 1727 perum-isse
496 1688 656 1718 dicuntur.
691 1686 758 1718 Cic.
790 1687 912 1723 Quaest.

147 1730 245 1761 Tusc.
265 1730 293 1760 1.
312 1740 339 1761 c.
356 1729 409 1761 47.

189 1784 218 1804 v.
237 1773 269 1810 8,
286 1773 316 1804 9.
342 1780 541 1811 transnanto,
563 1773 668 1814 lepide
683 1773 862 1811 Trebatius,
875 1780 913 1804 ut

146 1817 407 1853 Jurisconsultus,
446 1818 554 1859 legum
578 1817 724 1848 formulis
752 1817 911 1854 adsuetus,

145 1860 222 1902 quid
237 1861 416 1891 faciendum
441 1862 480 1893 s'tt
505 1861 651 1898 Horatio,
675 1860 708 1890 in
730 1860 913 1900 imperativo

145 1905 325 1944 praescribit.
351 1906 580 1945 Irriguumqne
590 1916 674 1936 mero
689 1915 810 1944 corpus,
826 1914 911 1940 nam,

958 1258 1020 1290 tur,
1037 1262 1144 1283 versus
1157 1251 1278 1294 aliquot
1298 1252 1373 1284 fecit
1393 1258 1486 1294 poeta
1500 1251 1590 1293 epico
1603 1251 1722 1294 diguis-

958 1305 1063 1326 srmos.

1002 1338 1104 1377 v.16,
1130 1337 1325 1381 l7.sortem,
1348 1350 1422 1381 quae
1442 1346 1527 1371 recta
1546 1346 1579 1370 et
1592 1340 1723 1371 honesta

957 1389 1040 1420 sunt,
1090 1391 1216 1413 strenue
1267 1390 1477 1425 peragentem.
1545 1385 1722 1424 Scipiadam

959 1426 1098 1467 (Graece,
1122 1433 1159 1456 ut
1180 1427 1266 1466 apud
1290 1426 1404 1468 virgil.
1425 1427 1543 1467 Georg.
1571 1426 1621 1457 11.
1645 1425 1717 1458 170.

960 1470 1037 1500 AEn.
1055 1469 1117 1500 VI.
1132 1467 1206 1500 844.
1222 1480 1297 1509 pro:
1324 1469 1562 1511 Scipioniadem)
1577 1470 1722 1512 intelligo

961 1512 1140 1552 Scipionem
1154 1512 1342 1544 Africanum
1356 1514 1522 1550 minorem,
1533 1514 1625 1553 cujus
1634 1514 1722 1544 haud

957 1556 1120 1598 vulgarem
1142 1567 1217 1588 cum
1239 1556 1343 1588 Laelio
1363 1556 1534 1588 amicitiam
1555 1556 1722 1588 celebravit

960 1599 1072 1630 Cicero
1086 1602 1122 1632 in
1137 1611 1275 1632 sermone
1291 1603 1328 1632 de
1350 1601 1510 1632 Amicitia.
1599 1602 1721 1641 sapiens

957 1645 1111 1680 Lucilius,
1147 1643 1222 1684 quia
1258 1644 1413 1683 sapienter
1440 1644 1536 1674 vitam
1568 1643 1723 1683 Scipionis

957 1687 1015 1717 sibi
1029 1686 1263 1718 describendam
1277 1687 1399 1718 sumsit.
1452 1689 1516 1719 Vet.
1535 1689 1632 1719 Schol-
1649 1689 1722 1719 Lu-

955 1732 1041 1762 cilius
1072 1732 1175 1762 Vitam
1200 1732 1348 1771 Scipionis
1368 1732 1523 1771 Jm'oatam
1550 1733 1718 1772 descripsit,

956 1775 1088 1805 Ennius
1101 1785 1170 1805 vero
1184 1775 1270 1804 bella.
1347 1776 1450 1806 Haud
1462 1775 1540 1805 milti
1552 1776 1652 1812 deero,
1669 1776 1722 1815 (ut

956 1827 1051 1856 supra
1069 1817 1095 1847 Ι.
1117 1817 1146 1847 9.
1165 1816 1238 1858 56.)
1262 1818 1295 1848 id
1317 1817 1464 1858 equidem
1479 1816 1602 1848 faciam.
1652 1817 1720 1854 Qui

957 1870 1020 1890 non
1037 1860 1170 1902 negligit
1182 1861 1293 1897 facere,
1317 1860 1403 1901 quod
1417 1870 1474 1901 pro
1488 1860 1605 1891 viribus
1618 1861 1721 1892 facere

956 1910 1066 1943 potest,
1088 1903 1115 1933 is
1139 1903 1197 1935 sibi
1218 1914 1284 1935 non
1304 1903 1400 1940 deest,
1490 1907 1570 1936 Cum
1590 1915 1639 1935 rex
1652 1907 1721 1945 ipsa

145 1947 203 1989 qui
226 1947 300 1979 vino
324 1949 461 1985 madent,
488 1948 580 1978 facile
606 1958 624 1978 a
645 1957 757 1978 somno
778 1947 914 1987 opprimi
944 1948 1042 1990 seret,
1059 1958 1133 1978 cum
1149 1948 1215 1987 ipsa
1228 1948 1323 1989 hujus
1336 1948 1382 1978 rei
1396 1947 1582 1989 peragendae
1596 1958 1629 1979 se
1642 1948 1720 1979 offe-

145 1992 256 2022 solent.
305 1992 455 2022 Ceterum
477 1992 537 2022 hoc
559 1991 669 2022 datum
687 1991 824 2022 Horatio
838 2001 923 2021 con-¹

147 2034 253 2065 silium
281 2036 362 2066 bene
396 2035 564 2075 respondet
599 2034 730 2076 ingenio
767 2034 916 2072 Trebatii,

145 2089 242 2119 quem
264 2086 295 2109 et
316 2078 446 2109 natandi
469 2078 733 2109 studiosissimum
749 2084 781 2108 et
795 2080 915 2108 bonum

145 2121 211 2152 vini
227 2128 367 2160 potorem
383 2122 479 2152 fuisse
494 2132 532 2152 ex
550 2122 617 2153 eie.
637 2122 739 2162 Epist.
757 2121 843 2152 VII.
863 2120 914 2152 10.

146 2172 180 2196 et
192 2164 245 2196 22.
265 2165 424 2195 discimus-

151 2224 153 2226 ·
190 2220 219 2240 v.
240 2207 290 2239 11.
319 2210 457 2244 Caesaris,
478 2208 524 2239 sic
541 2208 734 2240 Octavianus
749 2209 788 2240 ab
807 2209 912 2239 Hora-

145 2251 193 2283 tio
218 2252 252 2283 in
279 2251 396 2287 Satiris,
427 2252 530 2291 Epod.
560 2259 590 2283 et
620 2252 688 2286 libr.
719 2252 811 2292 prim.
847 2252 911 2283 Od.

147 2298 202 2338 (ut
216 2298 357 2327 observat
371 2294 411 2326 ad
425 2296 455 2325 h.
475 2295 496 2325 l.
517 2297 654 2335 Heina'.)
671 2302 814 2332 vocatur;
838 2305 914 2326 nam

150 2339 291 2381 Augusti
301 2349 417 2370 nomen
426 2349 510 2369 anno
519 2339 649 2369 demum
656 2339 915 2371 DCCXXVII.

147 2383 294 2414 assumsit
331 2382 540 2420 Octavianus;
580 2383 646 2414 Dio
678 2383 764 2414 Cass.
799 2382 908 2413 XIII.

191 2481 220 2501 v.
253 2468 304 2501 13.
338 2470 493 2501 horrentia
507 2471 584 2519 ’pilis
613 2481 752 2510 agmma,
783 2469 911 2509 agmina

146 2513 282 2555 rigentia
297 2513 368 2553 pilis
381 2513 531 2553 protensis
548 2513 620 2543 vel'
611 2523 644 2543 ιιι
660 2514 761 2543 altum
777 2512 909 2550 erectis;

148 2557 193 2588 sic
219 2558 333 2597 passim
359 2558 511 2588 horrentia
537 2568 635 2593 arma,
661 2556 751 2597 Virg.
779 2556 855 2586 AEn.
880 2556 905 2585 1.

146 2599 222 2632 618.
241 2603 396 2632 horrentes
409 2602 503 2631 hastae
518 2600 624 2642 (Virg.
641 2600 718 2630 AEn.
741 2599 785 2630 X.
807 2597 878 2628 178.
886 2598 910 2639 ),

147 2647 308 2676 horrentes
322 2655 416 2675 coma·
428 2649 500 2674 cett.

192 2698 220 2718 v.
250 2686 301 2718 14.
311 2689 423 2729 fracta
446 2688 581 2727 cuspide,
604 2686 807 2727 frangebatur
827 2684 913 2715 enim

149 2731 252 2762 emissi
269 2732 325 2771 pili
339 2730 442 2770 cuspis
454 2730 488 2760 in
503 2739 630 2769 corpore
644 2729 767 2766 defixa;
791 2728 830 2758 de
845 2727 909 2758 for-

148 2785 201 2805 ma
223 2774 290 2815 pili,
307 2773 426 2805 hastilis
440 2773 536 2815 lignei
559 2772 654 2803 trium
669 2772 856 2808 cubitorum,
879 2777 911 2801 et

149 2819 232 2849 ferro
267 2817 407 2860 ejusdem
444 2815 650 2859 longitudinis
684 2815 799 2845 muniti
843 2814 906 2844 vid.

150 2862 318 2911 Heindorf.
337 2861 378 2892 ad
398 2862 430 2892 h.
455 2860 478 2891 l.
527 2860 674 2892 Ceterum
700 2857 855 2889 Horatius
876 2858 909 2887 iu

148 2903 208 2934 hoc
232 2904 300 2945 ipso
325 2904 405 2943 loco,
431 2904 486 2935 ubi
510 2914 544 2935 se
568 2902 609 2934 ad
632 2912 758 2933 carmen
784 2902 910 2940 epicum

144 2948 400 2988 componendum
429 2947 548 2980 viribus
571 2945 760 2979 destitutum
784 2943 909 2986 profite-

957 1997 1005 2021 ret
1019 1991 1244 2031 opportunitas.

1002 2044 1030 2063 v.
1062 2033 1199 2065 18-20.
1227 2036 1302 2067 Nisi
1325 2037 1428 2066 dmm
1451 2041 1592 2075 tempore.
1641 2034 1721 2066 Sen-

960 2088 1032 2108 sus:
1062 2078 1134 2109 Nisi
1148 2078 1234 2109 enim
1254 2088 1380 2109 carmen
1402 2089 1422 2109 a
1441 2088 1495 2109 me
1511 2078 1719 2118 compositum

959 2121 1108 2162 Augusto
1122 2121 1264 2152 tradetur
1284 2128 1462 2161 opportuno
1482 2127 1632 2161 tempore,
1654 2131 1719 2162 quo

955 2163 1036 2195 illud
1051 2171 1170 2196 attento
1183 2166 1289 2196 animo
1304 2166 1408 2206 legere
1421 2165 1526 2204 possit,
1548 2165 1584 2200 is,
1607 2167 1717 2207 (undi-

955 2209 1156 2283 atzam.
1170 2210 1337 2288 *Ξυέῗὲἓζ
1346 2208 1717 2291 Ρέῗωὲἰωῖἓψῗὲῒῃῗ

955 2302 1096 2335 tempore
1110 2307 1129 2326 a
1143 2306 1195 2326 me
1209 2295 1359 2326 traditum
1373 2294 1501 2336 rejiciet-
1547 2295 1718 2334 Compara,-

956 2345 1008 2368 tur
1038 2340 1206 2379 Augustus
1228 2349 1303 2369 cum
1325 2347 1407 2378 equo
1427 2347 1586 2378 generoso,
1609 2338 1676 2378 qui,
1697 2349 1718 2369 a

956 2382 1082 2412 nemine
1095 2382 1153 2412 sibi
1168 2382 1291 2417 timens,
1307 2381 1334 2411 si
1346 2380 1418 2421 quis
1430 2381 1460 2411 ei
1475 2381 1585 2423 (male)
1600 2381 1717 2421 impor-

955 2431 1035 2455 tuno
1049 2432 1188 2465 tempore
1202 2424 1381 2456 blandiatur
1398 2423 1555 2463 palpando
1569 2423 1619 2454 vel
1632 2425 1716 2455 mul-

954 2469 1065 2505 cendo,
1079 2468 1261 2499 recalcitrat.
1278 2484 1324 2492 —
1340 2467 1436 2498 Hanc
1449 2467 1715 2507 comparationem

955 2513 1156 2554 Heindorfius
1171 2511 1283 2542 duram
1304 2517 1336 2541 et
1356 2511 1553 2541 inhonestam
1565 2510 1713 2550 appellat.

956 2557 1003 2585 At
1019 2555 1085 2595 jam
1104 2555 1271 2596 Augustus
1292 2564 1356 2586 non
1377 2553 1412 2583 in
1432 2553 1614 2584 uuiversum
1628 2564 1715 2586 com-

955 2604 1080 2638 paratur
1093 2608 1166 2628 cum
1188 2607 1280 2638 equo,
1300 2596 1355 2628 sed
1369 2606 1442 2627 cum
1464 2607 1502 2628 ea
1521 2603 1644 2628 tantum
1659 2608 1716 2639 ge-

955 2641 1057 2672 nerosi
1071 2641 1144 2682 equi
1159 2640 1275 2677 indole,
1290 2650 1354 2680 qua
1369 2650 1402 2670 se
1417 2650 1480 2671 non
1491 2640 1624 2672 mulceri
1634 2641 1715 2680 pati·

954 2690 1007 2715 tur
1020 2683 1202 2723 importuno
1222 2691 1371 2721 tempore.
1420 2683 1471 2714 Sic
1484 2685 1571 2723 apud
1589 2684 1714 2715 Home-

953 2737 1024 2758 rum
1046 2726 1137 2757 Iliad.
1165 2727 1230 2758 XI.
1254 2725 1330 2757 557.
1358 2727 1453 2767 Ajax,
1475 2737 1493 2757 e
1515 2737 1633 2769 pugna,
1659 2728 1715 2759 ubi

952 2770 1030 2802 caedi
1043 2770 1224 2808 indulserat,
1246 2770 1332 2801 lento
1353 2780 1462 2811 gressu
1475 2771 1631 2807 recedens,
1648 2781 1713 2802 non

953 2815 985 2844 in
1011 2814 1190 2844 universum
1215 2824 1290 2844 cum
1316 2815 1404 2844 asino
1428 2821 1635 2854 comparatur,
1657 2815 1714 2846 sed

952 2858 1077 2899 egregie
1092 2857 1131 2887 ad
1147 2867 1213 2888 rem
1229 2867 1304 2888 cum
1318 2857 1407 2893 asini,
1426 2867 1444 2887 e
1457 2865 1573 2898 segete,
1589 2859 1642 2889 cui
1655 2858 1713 2889 de-

951 2900 1114 2940 pascendae
1129 2900 1284 2941 indulget,
1295 2911 1328 2931 se
1338 2910 1422 2942 aegre
1432 2900 1540 2940 repelli
1556 2901 1712 2952 patientis,

952 2943 1105 2977 tarditate.
1156 2944 1196 2976 In
1210 2944 1354 2985 plurimis
1375 2943 1460 2975 enim
1474 2945 1713 2986 comparationi-
