1904 3250
201 137 286 176 254·

835 136 1140 180 HORATII

1511 146 1667 193 [cAnM.
1692 150 1759 182 111‘.

314 252 391 294 Vel
415 269 522 312 agna
543 255 662 296 festis·
678 269 786 296 caesa
808 253 1132 305 Terminalibus,

225 328 280 366 60

428 326 507 368 Vel
528 327 679 368 hoedus
700 334 867 382 ereptus
888 326 1002 382 lupo.

315 398 405 441 Has
427 400 535 441 inter
556 399 712 455 epulas,
736 407 782 440 ut
795 400 915 454 juvat
934 407 1074 455 pastas
1095 414 1192 441 oves

429 472 585 514 Videre
600 480 873 528 properantes
895 472 1068 514 domum
1084 471 1093 515 !

313 545 467 587 Videre
487 544 617 586 fessos
639 560 851 587 vomerem
871 545 1082 587 inversum
1102 545 1230 586 boves

429 614 552 656 Collo
571 615 783 657 trahentes
804 615 1005 673 languido
1022 613 1031 657 !

224 688 278 725 65
312 684 559 742 Positosque
581 700 742 735 vernas,
765 685 861 726 ditis
883 699 1059 726 examen
1080 683 1242 733 domus,

429 753 601 796 Circum
622 754 858 796 renidentes
882 753 1013 795 Lares
1032 752 1041 796 !

310 824 418 867 Haec
439 826 512 867 ubi
532 825 730 883 loquutus
752 826 979 868 foenerator
1001 825 1195 881 Alphius,

425 897 603 954 Jamjam
625 898 791 940 futurus
813 899 1006 948 rusticus,

311 965 493 1008 Omnem
514 967 676 1025 redegit
698 967 843 1009 Idibus
865 968 1098 1024 pecuniam,

223 1037 277 1074 70

381 1069 384 1075 ,
427 1035 593 1086 Quaerit
616 1036 813 1079 Calendis
834 1051 1004 1093 ponere.

720 1212 1083 1255 CARMEN
1141 1213 1235 1254 ΙΙΙ.

766 1331 837 1362 AD
860 1330 1200 1362 MAECENATEM.

313 1433 542 1476 Pisanum
563 1434 662 1475 olim
685 1435 719 1475 si
740 1435 832 1491 quis
853 1434 982 1489 impia
1001 1448 1127 1474 manu

427 1506 566 1549 Senile
586 1514 731 1564 guttur
751 1506 935 1564 fregerit,

191 1641 285 1672 supra
303 1632 328 1663 1.
347 1631 400 1663 31.
427 1632 458 1663 6.
487 1633 637 1664 dicuntur
661 1636 759 1671 leves,·
784 1633 880 1664 Mart.
909 1633 953 1664 X.

191 1672 245 1706 48.
269 1673 299 1706 7.
390 1678 624 1709 Exoneraturas
645 1684 782 1709 ventrem
802 1679 878 1708 mihi
902 1678 957 1708 vil-

131 1726 133 1729 “
190 1721 252 1751 lica
272 1721 388 1751 malvas
414 1722 539 1756 Attulit.
565 1726 595 1752 et
619 1723 733 1757 varias,
760 1731 838 1762 quas
871 1722 959 1751 habet

191 1765 308 1799 hortus,
338 1774 415 1803 opes.
512 1766 680 1796 Terminal.
714 1764 959 1796 Celebrabantur

197 1808 388 1838 Terminalia
403 1817 430 1837 a.
450 1806 481 1837 d.
503 1807 588 1837 vll.
610 1807 678 1839 Cal.
700 1807 797 1838 Mart.
823 1806 892 1838 vide
918 1807 958 1838 de

192 1847 230 1880 iis
248 1849 341 1881 ovid.
364 1850 447 1880 Fast.
468 1850 519 1881 ΙΙ.
538 1849 604 1881 639
629 1861 712 1892 seqq.

193 1904 248 1931 na,
275 1893 368 1924 Ovid.
392 1893 413 1923 l.
442 1894 463 1924 l.
494 1905 520 1925 v.
541 1893 616 1925 655.
643 1896 806 1935 Spargitur
830 1901 856 1925 et
881 1905 959 1925 caesa

193 1939 350 1968 communi
385 1939 553 1970 Terminus
575 1949 669 1979 agna.
758 1940 834 1969 lzaed.
866 1945 959 1978 erept-

191 1981 258 2021 lup.
287 1980 336 2011 vel
362 1980 448 2021 quod
469 1981 623 2023 ejusmodi
648 1980 770 2018 hoedus,
794 1981 861 2022 jam
891 1981 959 2022 lupi

192 2023 339 2055 dentibus
353 2024 455 2061 laesus,
478 2025 606 2056 mactari
630 2024 761 2055 omnino
785 2024 886 2061 debet,
910 2025 959 2055 vel

192 2067 277 2108 quod
291 2078 338 2105 ea,
354 2078 426 2108 quae
439 2070 521 2099 bona
535 2068 661 2100 fortuna
677 2068 766 2099 nobis
787 2074 906 2099 servata
927 2075 959 2099 et

191 2110 314 2141 reddita
327 2118 408 2147 sunt.
424 2111 594 2143 studiosius
606 2112 641 2142 in
656 2122 751 2144 usum
766 2118 798 2142 et
819 2111 957 2143 fructum

195 2154 414 2185 convertimus.

237 2208 265 2228 v.
283 2196 422 2228 61-70.
450 2201 521 2230 Has
534 2201 616 2231 inter
637 2201 743 2240 epulas
764 2205 836 2230 cett.
883 2198 959 2231 Jam

195 2241 407 2272 dulcissimam
423 2241 509 2272 illam
531 2243 731 2282 voluptatem,
755 2253 816 2284 qua
838 2252 958 2282 vesper-

194 2285 262 2316 tino
275 2291 415 2324 tempore
431 2292 498 2325 post
512 2293 651 2325 peractos
666 2286 728 2316 diei
750 2286 869 2317 labores
889 2296 958 2316 rus·

194 2327 275 2359 ticus
288 2327 498 2368 perfunditur,
514 2330 645 2360 breviter
658 2329 834 2360 adumbrat.
873 2329 958 2360 Con·

195 2371 271 2412 cipit
300 2381 412 2411 nempe
440 2372 546 2403 animo
578 2373 745 2403 foenerator
768 2372 958 2414 jucundissi—

195 2425 286 2446 mum
300 2414 391 2446 illum
406 2425 542 2452 sensum,
558 2427 621 2457 quo
636 2416 770 2447 rusticus
783 2417 864 2447 inter
877 2426 954 2456 epu·
994 2417 1142 2456 Inoa-imis
1158 2416 1268 2447 Idibus
1281 2416 1407 2455 impend

195 2459 241 2490 las
269 2470 287 2489 a

195 2502 436 2543 properantium,
459 2502 509 2533 vel
537 2504 632 2533 boum
659 2513 731 2533 cum
758 2503 880 2534 inverso
905 2513 958 2534 vo·

195 2556 282 2577 mere
302 2545 343 2577 ad
365 2545 522 2577 stabulum
546 2546 754 2581 redeuntium,
777 2546 827 2577 vel
850 2557 958 2578 verna-

195 2599 267 2620 rum
282 2589 363 2621 cirea
378 2589 476 2620 Lares
496 2588 673 2620 sedentium
694 2589 841 2629 adspectu
863 2590 958 2621 affici-

197 2633 266 2665 tur!
355 2635 448 2665 vider.
459 2634 541 2675 sess.
559 2644 637 2664 vom.
663 2635 772 2664 invers-
797 2635 860 2664 bov.
884 2636 955 2666 Coll.

196 2679 278 2708 trah.
296 2679 406 2718 langu.
424 2676 464 2707 cf.
483 2686 576 2716 supra
592 2676 664 2707 111.
683 2675 713 2706 6.
731 2674 784 2706 41.
804 2683 844 2712 et,
866 2687 961 2718 quem

196 2719 305 2751 laudat
319 2722 445 2752 Mitsck.
463 2719 598 2760 Oppian-
620 2719 740 2760 Cyneg.
761 2720 787 2750 1.
806 2718 867 2750 138
875 2731 957 2762 seqq.

195 2775 402 2796 —vomerem
416 2765 572 2796 inversum
594 2765 665 2795 collo
687 2765 850 2799 trahentes,
873 2765 903 2794 b.
929 2774 956 2794 e.

196 2813 296 2838 aratra
323 2818 448 2848 vomere
475 2807 596 2838 inverso
620 2806 702 2848 jugo
725 2816 874 2845 suspensa
898 2813 959 2837 tra-

197 2851 325 2889 hentes;
366 2850 479 2893 virgil.
515 2850 626 2891 Eclog.
662 2849 710 2880 11.
744 2848 797 2880 66.
830 2851 960 2890 Adspice

198 2901 303 2925 aratra
341 2894 424 2935 jugo
461 2895 602 2937 referunt
636 2904 781 2935 suspensa
816 2893 955 2933 juvenci.

199 2939 431 2975 —renidemes‚
448 2938 538 2980 ignis
559 2937 593 2969 in
617 2936 687 2969 foco
701 2937 830 2977 *accensi
857 2936 958 2976 splen-

1001 1631 1076 1664 dore
1090 1631 1301 1673 refulgentes3
1327 1631 1422 1662 Mart.
1443 1631 1513 1662 111.
1530 1630 1594 1663 58:
1608 1630 1660 1663 22.
1689 1634 1760 1665 Cin-

997 1682 1080 1717 gunt
1096 1687 1238 1708 serenum
1255 1674 1442 1716 (lucentem)
1456 1676 1675 1717 lactei-focum
1695 1688 1762 1707 vor-
1788 1677 1794 1686 ¹

1000 1731 1062 1757 noe,
1089 1721 1133 1751 Ec
1158 1721 1248 1759 larga
1258 1719 1360 1760 fistos
1380 1720 1461 1750 lucet
1487 1721 1529 1750 ad
1551 1720 1661 1751 Lares
1674 1721 1758 1751 silva.

1001 1765 1134 1795 -Haec
1148 1764 1202 1795 ubi
1214 1764 1337 1794 locutus
1359 1768 1431 1793 cett.
1479 1761 1696 1793 Nihilominus
1716 1769 1766 1793 up>

1003 1817 1075 1837 men
1091 1807 1266 1848 soenerator
1290 1807 1434 1846 Alphius,
1458 1807 1523 1837 haec
1545 1807 1677 1841 locutu.
1698 1807 1763 1842 ubi.

801 1862 880 1882 caesa
903 1862 960 1891 ag·
992 1850 1129 1891 jamjam
1137 1851 1279 1891 futurus
1292 1851 1579 1885 mmmmm
1594 1850 1764 1900 pemmo-m

1004 1893 1059 1936 (ad
1073 1893 1227 1933 praedium
1242 1892 1299 1923 sibi
1314 1892 1499 1931 emendum)
1515 1894 1624 1925 Idibus
1636 1896 1762 1933 κάπρω,

1002 1936 1136 1968 eandem
1156 1942 1278 1967 mutato
1298 1935 1429 1968 consilio
1448 1936 1598 1976 pmximis
1621 1938 1764 1968 Calendis

1002 1983 1114 2022 φαεν-ἐι
1125 1991 1247 2021 ponere,
1264 1979 1386 2021 (denuo
1398 1978 1508 2012 foenori
1522 1979 1622 2020 dare.)
1635 1997 1679 2004 —
1696 1979 1765 2011 Sci·

1002 2024 1074 2055 licet
1089 2026 1234 2056 Calendae
1246 2030 1278 2054 et
1292 2025 1371 2055 Idus
1384 2023 1449 2055 duo
1462 2021 1510 2057 illi
1533 2022 1618 2063 apud
1643 2023 1761 2055 Rofia-

1002 2078 1058 2098 nos
1072 2070 1224 2109 cujusque
1237 2067 1352 2098 mensis
1365 2066 1432 2100 dies
1444 2066 1549 2104 fuere,
1571 2065 1686 2107 quibus
1708 2076 1763 2105 pe-

1001 2111 1095 2142 cunia
1119 2111 1168 2141 vel
1190 2110 1302 2141 foenori
1321 2109 1457 2146 daretur,
1481 2109 1530 2140 vel
1550 2108 1673 2142 foeuiori'
1690 2108 1763 2140 dnm

1000 2155 1212 2196 redigeretur;
1237 2154 1292 2196 (de
1319 2153 1495 2184 locutione:
1515 2154 1685 2194 pecuniam
1711 2164 1762 2184 re-

1002 2200 1113 2239 digere,
1139 2197 1241 2228 multa
1267 2196 1410 2236 exempla
1433 2195 1520 2227 dedit
1547 2195 1668 2236 Berua.)
1690 2196 1764 2227 hinc

1002 2251 1066 2272 non
1084 2244 1226 2274 Calendae
1240 2246 1361 2271 tantum
1376 2238 1576 2277 debitoribus,
1588 2245 1630 2278 με
1645 2239 1763 2271 Noster

1001 2284 1083 2316 infra
1099 2286 1163 2316 Sat.
1185 2285 1212 2315 Ι.
1228 2282 1258 2314 3.
1284 2282 1336 2315 87.
1359 2282 1446 2321 dicit,
1468 2284 1568 2315 aristes
1589 2281 1696 2323 fuere,v
1710 2281 1766 2314 aad

1001 2329 1096 2359 etiam
1124 2330 1214 2365 Idus,
1252 2334 1288 2358 ut
1323 2326 1476 2361 Catilinae,
1506 2325 1559 2357 cui
1590 2326 1702 2358 Cicero
1720 2325 1766 2356 ,ἰιι

1004 2372 1091 2404 Orat.
1115 2372 1142 2402 1.
1160 2372 1194 2402 in
1211 2370 1303 2403 Catil.
1322 2381 1349 2402 c.
1374 2369 1406 2401 6.
1422 2371 1764 2413 fortunar-umnam:

1405 2425 1457 2445 ere
1471 2414 1523 2444 ait.
1596 2423 1764 2454 manum

287 2466 404 2501 grentes
431 2458 480 2490 vel
507 2459 613 2490 ovium
643 2467 799 2500 pastamm
825 2459 956 2490 domum
995 2471 1110 2500 ponere
1138 2469 1212 2499 pro:
1253 2458 1365 2489 soeuori
1393 2457 1490 2494 dare,⁴
1506 2463 1544 2488 ut
1568 2449 1655 2497 apud
1695 2454 1764 2488 Cic·

1005 2503 1094 2533 Verr.
1123 2502 1196 2534 111.
1223 2500 1276 2532 ¹70.
1303 2513 1377 2534 cum
1402 2502 1518 2542 posita„
1531 2506 1615 2532 eust·
1626 2501 1764 2541 menania

1001 2549 1087 2587 apud
1115 2558 1168 2578 eas
1195 2547 1359 2583 societates,
1387 2546 1473 2577 unde
1503 2547 1579 2575 erat·
1604 2543 1764 2578 attribuo,

1003 2591 1082 2622 binis
1110 2591 1279 2622 centesimis
1293 2590 1474 2632 soenerams
1500 2593 1554 2619 eu.
1603 2585 1656 2617 sic
1680 2585 1764 2625 apud

1006 2633 1135 2664 Graecos
1162 2634 1296 2670 βάλλω,
1333 2632 1550 2668 καταβάλλειν,
1587 2630 1698 2664 τιθέναι,
1724 2628 1765 2659 de

1003 2676 1118 2717 quibus
1132 2676 1213 2712 vide,
1227 2686 1322 2716 quem
1345 2676 1474 2706 Mitscla„
1493 2671 1611 2711 laudat,
1639 2673 1760 2714 Ταμὼν.

1004 2719 1045 2751 ad
1060 2719 1135 2759 Lys.
1148 2730 1179 2759 p.
1198 2718 1272 2750 580.

1234 2803 1443 2836 CARMEN
1468 2802 1540 2834 111.

1048 2894 1218 2934 Postquam
1232 2892 1343 2923 allium
1361 2890 1516 2922 Heu-atius
1530 2889 1618 2923 inter.
1634 2875 1764 2926 medioe,

1003 2938 1117 2979 quibus
1130 2946 1163 2966 se
1178 2934 1289 2966 misere
1303 2934 1359 2965 illo
1372 2939 1478 2965 sumto
1486 2952 1492 2966 ,ι
1498 2933 1593 2975 affligi
1616 2933 1765 2975 queritur,
