1904 3250
153 133 238 172 414

792 131 1102 174 HORATII

1547 138 1654 185 [Lm.
1677 147 1729 174 11.

182 252 238 289 60
270 248 475 292 Divinare
497 250 650 292 etenim
671 263 849 306 magnus
869 249 973 290 mihi
993 249 1124 291 donat
1145 250 1314 307 Apollo.

270 322 389 372 Quid
409 317 549 364 tamen
569 323 650 363 ista
669 320 768 362 velit
788 321 869 363 sibi
888 320 1042 372 fabula,
1065 322 1100 362 si
1119 321 1229 374 licet,
1249 323 1340 365 ede.

273 394 487 451 Tempore
508 409 593 450 quo
608 393 775 449 juvenis
798 392 968 434 Parthis
989 393 1240 445 horrendus,
1262 396 1316 438 ab
1336 395 1421 440 alto

269 467 515 509 Demissum
535 480 669 524 genus
692 464 846 516 AEnea,
868 465 1019 507 tellure
1039 466 1228 523 marique

271 538 458 596 Magnus
479 537 572 588 erit,
594 537 693 579 forti
711 538 845 580 nubet
863 553 1043 594 procera
1065 538 1236 581 Corano

270 612 376 653 Filia
397 611 579 661 Nasicae,
601 611 825 652 metuentis
845 611 1025 653 reddere
1046 611 1226 653 soldum.

270 682 383 723 Tum
403 696 534 739 gener
554 681 637 723 hoc
656 681 802 723 faciet:
834 681 998 723 tabulas
1019 696 1165 724 socero
1185 681 1315 732 dabit,
1337 689 1462 738 atque

270 750 333 793 Ut
352 750 477 808 legat,
501 750 660 792 orabit:
692 750 874 792 multum
895 750 1051 793 Nasica
1070 758 1242 808 negatas

266 823 460 879 Accipiet
479 822 651 864 tandem
672 831 714 864 et
734 823 885 864 tacitus
903 814 1018 882 le⁸get
1029 839 1040 874 ;
1072 823 1339 880 invenietque

267 892 341 933 Nil
362 893 441 934 sibi
460 887 648 950 l‘e'gatum
667 900 824 949 praeter
844 892 1014 948 plorare
1035 893 1216 950 suisque.

179 965 233 1002 ’70

266 961 380 1004 Illud
401 961 456 1003 ad
476 961 570 1003 haec
584 961 715 1019 jubeo
732 978 741 1003 :
774 961 925 1003 mulier
945 962 981 1002 si
1002 961 1110 1003 forte
1129 961 1280 1003 dolosa

267 1031 520 1074 Libertusve
541 1047 684 1074 senem
704 1032 885 1074 delirum
906 1040 1125 1088 temperet„
1146 1032 1230 1073 illis

266 1100 458 1143 Accedas
481 1101 642 1143 socius:
674 1100 835 1152 laudes,
856 1101 1041 1143 lauderis
1062 1110 1110 1143 ut
1129 1101 1306 1144 absens:

267 1171 455 1228 Adjuvat
473 1170 556 1213 hoc
577 1187 769 1228 quoque;
800 1171 877 1213 sed
896 1172 1025 1214 vincit
1044 1172 1171 1230 longe
1190 1173 1308 1229 prius
1328 1173 1467 1230 ipsum

266 1243 527 1302 Expugnare
548 1252 699 1300 caput:
733 1244 890 1286 scribet
908 1244 1019 1286 mala
1040 1245 1227 1286 carmina
1245 1244 1424 1287 vecors?

177 1317 232 1356 75
264 1313 484 1356 Laudato:
516 1321 722 1356 scortator
743 1313 855 1356 erit?
885 1329 984 1356 cave
1005 1322 1046 1356 te
1067 1323 1212 1372 roget:
1243 1314 1357 1357 ultro

264 1387 509 1444 Penelopen
528 1386 661 1429 facilis
681 1387 836 1443 potiori
857 1387 989 1429 trade.

189 1548 218 1570 v.
244 1536 298 1570 58.
325 1540 419 1570 Num
429 1538 553 1588 suris?
576 1543 648 1569 cett.
698 1537 789 1568 Num
813 1544 855 1576 te,
877 1544 915 1569 ut

146 1589 260 1620 vatem,
276 1582 365 1613 furor
385 1588 462 1623 agit,
485 1592 536 1620 au,
559 1581 638 1612 dum
665 1582 752 1613 canis
772 1583 913 1618 obscura,

144 1625 291 1657 consulto
305 1636 358 1656 me
372 1624 456 1656 ludis
466 1625 482 1654 P

188 1680 217 1700 v.
243 1668 297 1707 59,
320 1668 374 1700 60.
412 1671 437 1701 0
467 1670 638 1700 Laertiade
666 1675 740 1700 cett.
775 1669 909 1700 Sensus:

147 1713 225 1745 Non
238 1723 299 1754 ego
313 1718 354 1750 te,
373 1712 498 1752 Ulysse‚
514 1712 608 1750 ludo;
631 1712 784 1754 quIcquid
799 1712 912 1749 dicam,

142 1756 288 1788 futurum
310 1766 385 1791 esse,
409 1756 443 1786 id
469 1756 543 1794 fiet3
566 1762 600 1786 at
621 1755 775 1797 quicquid
797 1755 912 1793 dicam,

131 1809 208 1831 -non
221 1799 369 1830 futurum
384 1809 460 1836 esse,
483 1799 518 1830 id
542 1809 607 1830 non
632 1799 706 1837 fiet3
731 1809 806 1830 nam
831 1799 912 1830 divi-

143 1842 242 1875 nandi
277 1843 461 1873 facultatem
497 1853 635 1884 magnus
672 1843 792 1883 Apollo
836 1842 915 1872 mihi

143 1887 250 1919 donat.
263 1904 309 1910 —
322 1885 569 1928 Elegantissima
583 1886 713 1927 quidem
734 1886 832 1927 hujus
852 1885 915 1917 loci

143 1937 191 1962 est
237 1929 426 1966 emendatio,
472 1939 569 1971 quam
617 1930 657 1960 ab
698 1931 912 1962 lunserissinw

143 1975 326 2007 Eichstadio
363 1972 536 2013 profectam
576 1974 740 2013 proposuit
786 1974 912 2005 Haber-

129 2019 257 2060 seldtus
271 2017 305 2047 in
318 2017 424 2048 Editis
441 2016 570 2048 Horatii
587 2017 694 2048 Carm.
713 2017 807 2048 Tom.
837 2016 909 2047 111.

142 2072 173 2102 p.
191 2059 267 2092 413.
319 2062 344 2093 Ο
360 2062 537 2098 Laertiade,
558 2062 705 2102 quicquid
718 2063 829 2097 dicam,
855 2066 914 2092 aut

142 2107 210 2143 erit,
225 2110 282 2136 aut
298 2116 363 2136 non
377 2105 532 2135 Divinare
547 2105 624 2135 mihi
638 2115 776 2145 magnus
787 2106 913 2136 donavit

143 2150 264 2190 Apollo.
292 2148 349 2179 sed
371 2157 447 2178 cum
469 2157 528 2177 vox
554 2149 667 2179 etenim
689 2148 794 2179 deleta
819 2153 851 2178 et
878 2147 913 2177 in

142 2192 256 2224 deletae
277 2191 363 2222 vocis
383 2190 490 2221 sedem
519 2200 579 2221 vox
607 2193 685 2223 mihi
714 2191 911 2231 transposita,

141 2235 280 2277 denique
305 2244 366 2266 vox
391 2236 486 2266 donat
511 2233 545 2264 in
571 2237 696 2267 donavit
721 2241 843 2266 mutata
861 2236 911 2272 sit,

142 2279 275 2310 nimiam
290 2277 355 2309 vim
373 2277 510 2309 Horatio
523 2277 696 2309 adhibitam
717 2289 784 2309 esse
806 2278 912 2309 existi-

143 2332 245 2361 mans,
269 2322 304 2353 in
329 2331 376 2360 ea,
400 2331 496 2363 quam
521 2320 604 2358 dedi,
629 2321 840 2362 explicatione
862 2332 914 2352 ac-

143 2376 310 2440 quLesczl·
337 2415 454 2446 tamen,
491 2407 560 2438 haec
596 2408 750 2448 particula
785 2409 913 2440 inservit

143 2453 320 2484 transitioni
333 2452 375 2484 ad
389 2450 484 2484 aliam
504 2461 583 2488 rem,
604 2458 642 2482 ut
661 2452 727 2483 fere
749 2451 806 2483 sit:
832 2458 911 2482 atta-

143 2507 218 2528 men
233 2497 282 2527 his
297 2495 409 2534 missis,
434 2493 484 2525 vel
509 2501 583 2526 anve
605 2497 714 2526 omnia
738 2505 825 2526 nunc
845 2498 909 2532 ede,

164 2542 221 2572 uid
235 2542 292 2572 sibi
305 2542 377 2572 velit
390 2541 449 2572 ista
458 2538 578 2581 fabula
588 2555 600 2575 ;
626 2539 717 2580 Virg.
735 2539 850 2580 Eclog.
878 2539 906 2569 1.

143 2553 198 2615 i9.
233 2587 293 2616 Sed
307 2591 416 2616 tamen
427 2585 483 2615 itte
495 2583 573 2613 deus
587 2583 643 2623 qui
656 2584 702 2619 sit,
719 2584 772 2619 da,
793 2583 910 2623 Tityre,

143 2629 236 2659 nobis.
313 2629 388 2667 fab.
406 2635 484 2663 rem,
498 2635 594 2666 quam
620 2625 756 2656 Tiresias
780 2627 911 2656 obscure

143 2671 300 2713 attigerat,
320 2671 450 2711 Ulysses
462 2669 715 2712 voeatsabulam.

187 2725 216 2745 v.
241 2713 295 2745 62.
309 2714 450 2755 juvenis,
468 2712 680 2750 Octavianus3
703 2712 728 2742 si
746 2713 813 2743 haec
834 2712 907 2743 sati·

143 2769 186 2794 ra,
202 2764 240 2789 ut
253 2765 344 2798 putat
361 2759 576 2800 Heindmfius,
595 2755 638 2787 U.
655 2756 693 2787 C.
714 2755 908 2787 DCCXIX

143 2801 404 2833 -DCCXXL
437 2801 551 2841 scripta
578 2804 633 2835 est,
667 2798 818 2830 Octavius
839 2805 909 2829 tum

144 2844 360 2887 undetriginta
373 2845 473 2876 ferme
487 2854 587 2876 annos
599 2848 693 2874 natus
705 2842 777 2878 fuit,
793 2842 826 2872 in
848 2852 912 2882 qua

145 2888 275 2927 quidem
289 2894 381 2919 aetate
395 2895 479 2919 recte
492 2887 547 2918 ille
567 2886 630 2918 dici
651 2891 770 2927 poterat
782 2886 912 2926 juvenis

145 2930 258 2962 adhuc.
273 2950 316 2957 —
328 2932 479 2965 Ceterum
496 2930 576 2963 mira
587 2937 654 2963 arte
670 2929 826 2962 Horatius
843 2929 911 2970 jam

1052 1387 1238 1429 Putasne

957 1537 1091 1569 breviter
1126 1538 1234 1569 inserit
1273 1537 1413 1579 Augusti
1455 1538 1573 1576 laudes,
1611 1539 1726 1581 quibus

958 1582 1011 1612 vix
1033 1581 1140 1613 locum
1176 1581 1345 1622 praebitura
1380 1581 1543 1613 videbatur
1577 1583 1645 1614 haec
1676 1595 1725 1615 sae

957 1625 1027 1657 tira.

1001 1679 1030 1699 v.
1056 1667 1110 1699 63.
1135 1670 1173 1700 ab
1202 1670 1265 1700 alto
1290 1670 1428 1701 Demiss.
1453 1682 1527 1711 gen.
1552 1671 1648 1707 AEw,
1670 1670 1726 1712 qui

957 1712 1113 1754 originem
1141 1722 1232 1742 suam
1260 1713 1300 1743 ab
1328 1718 1466 1754 augusta
1490 1713 1587 1753 stirpe
1611 1713 1726 1746 AEneae

955 1755 1078 1795 repetit.
1106 1755 1301 1786 Octavianus
1322 1756 1419 1794 enim,
1442 1767 1462 1787 a
1483 1755 1573 1789 Julio
1602 1757 1726 1788 Caesare

955 1799 1131 1838 adoptatus,
1154 1798 1258 1829 factus
1280 1805 1327 1830 est
1347 1809 1475 1830 consors
1493 1801 1596 1840 geneis
1618 1802 1726 1839 Julioe,

957 1842 1051 1916 1ciilxijus·
1073 1848 1184 1916 auctgr
1201 1843 1316 1891 Julius
1343 1842 1393 1873 vel
1416 1843 1585 1880 Ascanius,
1613 1843 1726 1876 AEneae

1005 1896 1052 1922 us,
1068 1895 1135 1916 esse
1173 1892 1274 1916 icitur.

1001 1939 1029 1960 v.
1051 1927 1105 1959 65.
1129 1930 1298 1961 metuentis
1332 1931 1461 1962 reddere
1493 1932 1626 1969 eoldum,
1659 1940 1726 1962 non

957 1972 1024 2004 sine
1038 1972 1133 2004 anxia
1146 1982 1223 2003 cura
1236 1972 1277 2004 de
1291 1973 1453 2005 reddendo
1473 1973 1562 2005 soldo
1583 1972 1727 2016 cogitan-

956 2016 1004 2051 tis,
1021 2016 1086 2048 sive
1101 2026 1141 2046 ex
1155 2015 1294 2054 avaritia,
1317 2017 1383 2048 sive
1405 2019 1446 2048 ob
1468 2017 1515 2049 rei
1535 2017 1727 2057 pecuniaria

956 2059 1194 2098 difficultatem3
1216 2059 1319 2101 magis
1332 2060 1492 2100 probabile
1511 2061 1666 2102 posterius
1685 2063 1727 2092 ob

955 2113 1034 2134 vers.
1053 2102 1107 2134 69.
1196 2111 1332 2136 metuere
1345 2103 1466 2145 aliquid
1487 2114 1553 2135 non
1574 2103 1726 2144 simplici-

955 2153 1003 2177 ter
1017 2157 1095 2187 pro:
1122 2146 1207 2178 nolle
1221 2147 1347 2184 dicitur,
1363 2148 1418 2178 sed
1431 2147 1581 2189 adjuncta
1597 2147 1726 2178 notione

954 2190 1100 2228 horroris,
1122 2200 1187 2232 quo
1211 2190 1332 2232 aliquid
1353 2190 1542 2232 refugimus,
1567 2200 1644 2221 nos:
1669 2193 1723 2222 ein

951 2246 1075 2274 grauen
1089 2245 1143 2266 vor
1156 2240 1248 2266 etwas
1269 2236 1456 2275 empfiuden·
1518 2236 1646 2266 reddere
1666 2235 1725 2265 sol-

957 2280 1042 2315 dum,
1060 2279 1145 2319 (prm
1171 2277 1324 2318 solidum)
1339 2277 1495 2319 integram
1507 2277 1642 2319 alicujus
1657 2287 1723 2308 sor-

957 2321 997 2352 tis
1011 2331 1167 2352 summam
1182 2320 1311 2352 solvere.

999 2375 1027 2395 v.
1067 2363 1121 2395 69.
1154 2370 1270 2405 proeter
1292 2365 1428 2405 plorare,
1458 2369 1572 2403 praeter
1605 2370 1722 2395 sortem

954 2408 1099 2439 miseram
1116 2414 1149 2439 et
1167 2407 1413 2447 deplorandam3
1436 2406 1511 2438 hinc
1530 2417 1625 2446 supra
1652 2407 1718 2439 Sat.

958 2452 987 2482 Ι.
1009 2450 1062 2482 10.
1080 2449 1133 2482 91.
1148 2451 1262 2492 jubere
1277 2452 1412 2492 aliquem
1421 2452 1558 2491 plorare,
1581 2450 1718 2492 οἷμόζω.

956 2494 1230 2535 simplicissimum
1257 2493 1407 2525 fortasse:
1442 2500 1556 2534 praeter
1580 2493 1721 2534 ploratus

953 2537 988 2568 in
1002 2538 1116 2569 funere
1129 2536 1265 2568 ciendos-

997 2592 1028 2613 v.
1052 2580 1104 2612 71.
1129 2586 1286 2622 temperet,
1307 2586 1406 2622 regat,
1427 2587 1460 2611 et
1483 2579 1519 2611 in
1542 2590 1641 2612 manu
1663 2591 1721 2613 sua

954 2625 1076 2656 habeat.

997 2678 1026 2698 v.
1051 2667 1104 2699 ¹73.
1130 2668 1236 2703 vincit,
1263 2676 1374 2697 omnes
1401 2666 1591 2707 Interpretes
1618 2668 1719 2709 expli-

951 2718 1041 2743 cant:
1066 2717 1202 2751 prestat,
1218 2714 1330 2754 κςιτιΐ,
1347 2716 1379 2741 et
1384 2712 1475 2751 prius
1489 2710 1529 2742 ad
1540 2722 1717 2752 eapugnare

951 2755 1112 2793 referunt3
1136 2763 1196 2795 ego
1215 2755 1308 2794 prius
1332 2754 1365 2784 in
1388 2754 1564 2785 accusativo
1585 2755 1716 2795 accipio,

952 2804 983 2829 et
996 2799 1082 2829 hunc
1096 2798 1202 2828 locum
1216 2798 1259 2828 ita
1267 2797 1407 2837 explico:
1432 2801 1494 2835 sed,
1506 2801 1609 2839 ipsum
1620 2805 1715 2840 caput

954 2852 1129 2882 expugnare
1145 2840 1265 2883 (ipsum
1279 2850 1386 2872 senem
1400 2841 1449 2872 vel
1464 2841 1576 2872 herum
1595 2842 1718 2873 blandis

955 2885 1072 2916 artibus
1094 2893 1214 2924 capere,
1244 2890 1434 2925 captumque
1461 2885 1662 2926 temperare),
1683 2885 1718 2917 id

954 2930 1041 2970 longe
1055 2929 1149 2961 vincit
1165 2933 1196 2959 et
1210 2934 1336 2969 superat
1347 2931 1447 2970 prius,
1466 2929 1602 2969 priorem
1623 2929 1719 2961 tatio-
