1904 3250
190 163 275 202 296
811 161 1119 207 HORATII
1141 164 1150 201 ξ

305 288 401 330 Jam
424 288 563 341 Fides,
585 298 627 332 et
650 290 755 339 Pax,
777 296 820 329 et
841 288 1017 339 Honor,
1033 288 1263 348 Pudorque

308 359 491 412 Priscus,
514 369 556 403 et
575 360 768 418 neglecta
787 359 927 402 redire
948 360 1095 403 Virtus

307 432 474 474 Audet:
507 428 765 490 apparemue
785 433 909 474 beata
927 432 1055 488 pleno

715 505 851 562 Copia
871 515 1018 547 cornu.

305 578 469 634 Augur,
493 585 535 618 et
554 577 941 636 fulgentedecorus
963 593 1064 621 arcu

307 649 509 700 Phoebus,
531 660 812 708 acceptusque
832 667 985 693 novem
1009 652 1220 703 Camenis,

307 719 394 768 Qui
416 719 586 761 salutari
607 721 719 763 levat
739 730 828 763 arte
849 722 981 772 fessos

716 795 919 851 Corporis
941 803 1069 845 artus,

222 868 276 905 65
310 864 356 906 Si
379 865 591 908 Palatinas
613 867 727 909 videt
747 877 894 925 aequus‘
915 883 1033 910 arces
1045 885 1057 918 ;

310 933 503 992 Remque
526 936 776 989 Romanam,
801 938 1068 995 Latiumque,
1091 938 1192 979 felix

308 1006 503 1050 Alterum
525 1009 567 1050 in
588 1009 769 1051 lustrum
789 1011 1024 1068 meliusque
1045 1026 1212 1067 semper

218 507 274 545 60

719 1082 927 1141 Proroget
948 1099 1099 1125 aevum.

310 1153 505 1210 Quaeque
527 1155 786 1197 Aventinum
807 1164 923 1198 tenet
944 1156 1247 1214 Algidumque,

219 1226 273 1263 70
307 1223 564 1272 Quindecim
585 1225 727 1267 Diana
747 1241 893 1282 preces
915 1227 1106 1268 virorum

310 1293 455 1344 Curet,
478 1304 519 1336 et
540 1297 646 1337 votis
667 1312 899 1351 puerorum
921 1298 1075 1339 amicas

720 1366 919 1421 Adplicet
940 1381 1075 1407 aures.

189 1530 319 1561 -Jam
334 1531 435 1570 Scyth.
454 1541 595 1569 responsa
606 1537 667 1571 pet.
686 1533 804 1571 superb.
824 1542 902 1571 nup.
928 1538 955 1562 ει

188 1574 276 1604 Indi.
292 1571 334 1602 cf.
350 1572 391 1603 ad
409 1572 472 1603 IV.
493 1571 543 1603 14.
562 1571 615 1604 4⁴2.
696 1575 771 1606 Jam
787 1576 867 1607 Fide
880 1581 952 1606 cett.

193 1616 340 1648 Caelicolae
353 1616 450 1653 enim,
464 1617 520 1656 qui
542 1627 636 1648 aurea
657 1624 756 1655 inmte,
780 1624 818 1648 ut
845 1618 955 1648 catul-

191 1659 245 1690 lus
279 1659 364 1689 canit
400 1659 534 1691 LXIV.
562 1660 637 1691 385.
661 1668 829 1701 Jnoesentes
857 1663 960 1692 domos

192 1708 294 1733 castas
317 1704 447 1734 invisere
469 1710 497 1735 et
523 1706 636 1745 soepius
664 1707 788 1736 mortali
816 1706 909 1736 coetui
929 1716 960 1736 se

192 1747 347 1777 ostendere
361 1746 444 1776 soliti
462 1747 591 1784 fuerint,
612 1748 715 1778 ferrea
735 1754 826 1779 aetate
847 1754 962 1778 terram

184 1788 354 1830 mliquisse
365 1789 551 1830 finguntur3
573 1790 615 1821 cf.
625 1787 769 1822 Hesiod.
788 1793 877 1834 Ἐργ.
900 1790 962 1821 197

183 1841 278 1907 ἶῗίςῗ.
301 1875 351 1907 17
366 1834 453 1906 Ιίεὲιια
463 1836 555 1874 pleno
568 1836 655 1875 copia
669 1846 779 1872 cornu,
801 1835 841 1866 cf.
868 1844 963 1875 supra

184 1932 187 1936 v
235 1929 265 1949 v.
297 1919 437 1951 61—72.
478 1923 604 1961 Augur,
634 1927 664 1953 et
679 1923 830 1964 fulgente
859 1924 959 1954 decor.

191 1974 270 1995 arcu
302 1970 375 1995 cett.
426 1964 563 2000 Quodsi·
584 1964 683 2006 igitur
721 1965 841 2006 Apollo
875 1966 964 2007 genti

195 2007 352 2038 Romanae
365 2007 520 2048 propitius
543 2013 600 2046 est,
627 2008 756 2048 sospitet
774 2019 844 2040 eam
870 2015 903 2040 et
923 2009 964 2040 ad

186 2050 372 2081 felicissima
400 2057 542 2091 tempora
572 2058 743 2093 propaget3
770 2052 879 2084 Diana
905 2063 963 2083 au-

187 2100 269 2132 tem,
285 2095 310 2125 si
324 2094 413 2135 genti
434 2095 594 2126 -Romanae
618 2095 753 2135 propitia
777 2102 834 2133 est,
857 2105 965 2136 preces

183 2136 375 2179 ‘quindecim
394 2138 535 2169 virorum
556 2139 715 2176 exaudiat,
739 2147 772 2170 et
795 2146 878 2171 ratas
898 2150 964 2171 esse

190 2181 310 2222 Jubeat.
378 2184 506 2222 Augur,
533 2182 694 2222 Apollinis
716 2183 826 2214 laudes
846 2189 879 2214 et
903 2184 964 2214 vir-

190 2230 285 2260 tutes,
301 2231 338 2256 ut
351 2224 385 2254 in
400 2225 527 2265 hymnis
540 2225 608 2257 fieri
627 2226 714 2261 solet,
737 2227 963 2265 cumulantur3

185 2267 365 2299 plaudatur
355 2268 454 2309 igitur
467 2268 522 2299 ille
537 2270 676 2308 primurn
690 2276 728 2301 ut
742 2276 836 2308 vates,
847 2272 964 2311 μάντις,

190 2310 311 2343 deiude
324 2317 362 2343 ut
374 2311 558 2350 arcitenens,
570 2326 698 2356 geaco-ro
686 2314 728 2352 ηοξ
715 2328 754 2350 ο,ς
764 2317 872 2368 &ayugo
859 2315 963 2353 οτοξος,

195 2361 267 2386 tum
281 2361 320 2386 ut
333 2355 502 2386 Musarum
516 2366 640 2395 praeses,
654 2370 693 2397 μο
695 2357 854 2397 υηιγίτης,
877 2357 966 2388 deni-

191 2408 261 2439 que
282 2404 319 2430 ut
343 2398 424 2429 deus
451 2398 596 2430 salutaris
623 2400 689 2431 sive
717 2400 792 2431 artis
819 2400 966 2432 medendi

188 2442 327 2481 peritus,
357 2444 410 2474 laer
410 2442 474 2485 (353
513 2442 638 2474 easdem
670 2443 831 2483 Apollinis
858 2444 967 2475 laudes

196 2491 339 2517 recenset
355 2456 512 2517 Pindarus
537 2486 584 2526 Py
586 2487 630 2516 th.
658 2487 701 2517 V.
726 2486 771 2517 80
793 2498 847 2528 seq
810 2498 878 2529 eq.q
898 2489 966 2528 jam

198 2539 218 2559 a
247 2531 372 2562 Mitseh
404 2529 440 2559 in
463 2529 615 2560 Analect.
641 2541 671 2570 p.
702 2529 776 2561 711.
805 2531 962 2562 laudatus.

199 2575 285 2605 —Si
314 2574 478 2605 Palatinas
511 2574 591 2604 videt
623 2585 733 2615 oequus
767 2585 856 2606 arces
889 2580 962 2605 cett

191 2616 362 2658 ·Equidem
377 2617 462 2647 bunc
475 2612 582 2647 locum
595 2616 640 2647 ita
661 2617 885 2657 explicandum
905 2628 966 2657 pu-

198 2666 250 2691 to:
281 2660 314 2691 si
328 2659 414 2691 mitis
425 2659 480 2691 ille
492 2669 606 2700 preces,
622 2670 694 2700 quae
709 2671 796 2692 nunc
810 2661 845 2691 in
858 2667 967 2692 monte

203 2703 350 2735 Palatino
370 2700 560 2740 funduntur,
582 2703 692 2741 audin
715 2714 783 2734 rem
806 2704 965 2744 publicam

203 2746 385 2779 Romanam
397 2753 430 2779 et
444 2746 575 2779 Latium
587 2746 622 2777 in
646 2746 723 2777 felix
745 2747 880 2778 alterum
900 2748 965 2778 lus-

200 2797 286 2821 trum
300 2797 333 2822 et
346 2791 379 2822 in
393 2790 517 2822 melius-
529 2799 651 2830 semper
677 2800 780 2821 aevum
805 2797 962 2832 proroget.

204 2836 367 2866 Palatinas
386 2846 483 2873 arces,
508 2833 614 2865 innuit
631 2833 799 2874 templum,
824 2834 966 2873 Apollini

202 2880 241 2908 ab
258 2879 409 2919 Augusto
422 2879 454 2908 in
477 2884 586 2909 monte
610 2877 754 2909 Palatino
778 2877 964 2917 splendidis—

201 2921 280 2951 sime
308 2928 510 2959 exstructum,
534 2920 595 2952 vid.
629 2921 695 2952 Dio
721 2920 824 2952 LIII.
861 2919 888 2952 l.
910 2921 964 2952 ubi

200 2964 259 2994 hoc
274 2963 378 3004 ipsum
394 2976 519 2998 cannen
533 2965 679 2997 saeeulare
691 2964 892 2996 decantatum
906 2971 961 2996 est.

1000 1549 1044 1555 —
1070 1534 1213 1571 Remque
1248 1534 1429 1562 Romanam
1469 1531 1684 1572 Latiumque;
1728 1531 1768 1562 ad

999 1574 1093 1605 illum
1108 1584 1234 1605 versum
1262 1573 1380 1606 Ennii.
1411 1576 1472 1610 Qui
1494 1586 1562 1607 rem
1589 1578 1769 1617 Romanum

1001 1619 1195 1658 Latiumque
1220 1628 1382 1658 >augescere
1415 1619 1518 1650 vultis.
1604 1629 1770 1659 prorogare

1003 1673 1116 1698 aevum,
1132 1666 1257 1692 oetatem
1271 1660 1453 1700 producere,
1470 1667 1506 1691 ut
1526 1660 1610 1691 infra
1632 1662 1704 1692 Art.
1733 1662 1771 1692 P.

1004 1703 1081 1735 346.
1107 1711 1138 1735 et
1167 1704 1211 1735 sic
1239 1703 1372 1744 passim.
1397 1706 1518 1742 horam,
1548 1706 1641 1742 diem,
1670 1717 1771 1736 annos

1005 1755 1076 1779 cett.
1094 1759 1203 1789 prorog
1206 1759 1280 1785 are;
1303 1747 1365 1778 vid.
1388 1749 1493 1779 Bentl.
1543 1747 1650 1778 Aliam
1672 1748 1772 1802 expli-

1005 1791 1098 1822 candi
1112 1787 1265 1822 rationem
1279 1788 1352 1821 iniit
1368 1790 1418 1822 el.
1437 1790 1562 1822 Mtuek.
1580 1790 1637 1832 qui
1649 1789 1773 1833 ”filie

1005 1841 1038 1866 et
1066 1836 1233 1875 meliusque
1261 1834 1302 1865 ad
1330 1836 1461 1866 Latium
1485 1833 1687 1866 referendum
1706 1844 1774 1866 ene
1837 1842 1847 1854 ⁸

1006 1877 1195 1920 existimat,
1206 1877 1262 1909 sed
1274 1875 1320 1908 sic
1333 1877 1466 1909 debebat
1486 1876 1578 1908 scribi
1588 1890 1597 1909 ι
1609 1898 1612 1903 ‹
1623 1876 1685 1910 Rei
1707 1880 1774 1910 Ro*-

1006 1933 1111 1954 monae
1135 1923 1282 1963 Latiique
1293 1922 1401 1964 filicis
1414 1936 1458 1946 —-
1471 1923 1662 1962 melior-inm
1692 1932 1772 1954 sem-

1003 1976 1062 2006 per
1085 1971 1226 2006 proroget
1254 1976 1379 2002 oeoum,·
1416 1974 1492 1997 mm
1521 1964 1684 2006 quomodo
1710 1975 1773 1996 vox

1006 2020 1108 2041 aevum
1122 2019 1196 2039 cum
1212 2009 1445 2040 Mitscherlichn'i
1467 2008 1675 2048 explicatione
1697 2017 1774 2040 oon·-

1006 2052 1104 2083 ciliari
1118 2052 1224 2092 possit,
1239 2051 1387 2093 equidem
1401 2059 1467 2083 non
1487 2051 1589 2083 video.
1680 2055 1774 2090 Quae-

1006 2097 1227 2138 queAvenein.
1245 2101 1318 2126 cett.
1333 2101 1366 2126 et
1383 2095 1498 2132 Dima,
1517 2105 1592 2145 quae
1611 2095 1654 2126 in
1666 2101 1774 2126 monte

1010 2140 1172 2170 Aventino
1190 2139 1372 2180 Algidoque
1384 2139 1508 2175 colitur,
1523 2138 1551 2170 si
1570 2137 1705 2179 propin..
1727 2145 1774 2169 est

1006 2184 1096 2224 genti
1127 2183 1291 2220 Romanae,
1320 2181 1639 2223 quindecimvir-orum
1666 2191 1774 2222 preces

1006 2226 1151 2276 respiciat
1171 2231 1244 2257 cett.
1270 2228 1419 2258 Aventin.
1449 2225 1490 2256 de
1517 2225 1632 2255 Dianae
1656 2225 1775 2263 templo

1008 2270 1042 2300 in
1073 2270 1235 2301 Aventino
1256 2269 1319 2300 vid.
1344 2270 1465 2300 Donat.
1495 2270 1587 2300 Rom.
1619 2267 1691 2300 111.
1724 2267 1774 2303 13.

1008 2315 1182 2354 —Algidu
1276 2334 1286 2350 ‚
1300 2312 1335 2343 in
1357 2312 1417 2343 hoc
1437 2311 1547 2343 monte
1570 2311 1656 2342 enim
1677 2321 1775 2352 prope

1011 2358 1149 2388 Romam
1164 2355 1302 2387 adviam
1330 2355 1468 2395 Appiam
1492 2354 1607 2385 ven-sari
1630 2354 1775 2394 inprimis

1008 2400 1127 2431 solebat
1143 2399 1259 2437 Diana,
1273 2398 1315 2429 cf.
1335 2398 1364 2429 Ι.
1389 2397 1443 2429 21.
1468 2397 1500 2428 6.
1519 2396 1616 2435 unde,
1638 2408 1725 2430 sam
1745 2399 1775 2431 ei

1008 2444 1052 2475 ibi
1066 2443 1148 2474 facta
1161 2453 1237 2479 esse,
1263 2447 1375 2482 sponte
1394 2441 1592 2492 intelligitur.
1680 2443 1775 2484 quin—

1008 2488 1165 2519 decimvir.
1193 2497 1279 2526 pree.
1310 2483 1566 2526 quindecimviris
1592 2484 1688 2520 enim,
1718 2485 1774 2526 qui

1008 2530 1095 2562 libris
1118 2528 1277 2570 Sibyllinis
1297 2535 1460 2568 preerant,
1483 2527 1651 2570 singularis
1671 2538 1774 2559 sacro-

1009 2584 1081 2605 rum
1108 2572 1307 2604 saecularium
1335 2571 1524 2604 demandata
1551 2571 1615 2602 fuit
1641 2581 1718 2602 cura
1742 2578 1774 2603 et

1008 2615 1243 2648 administratio.

1051 2671 1081 2691 v.
1107 2658 1246 2691 73—76.
1270 2659 1346 2691 Jam
1375 2659 1498 2696 chorus,
1522 2658 1688 2690 decantato
1707 2669 1774 2690 αιτ-

1008 2703 1103 2741 mine,
1119 2702 1207 2734 addit
1219 2702 1391 2744 epilogum,
1406 2708 1439 2733 et
1458 2711 1546 2742 spem
1570 2703 1686 2733 bonam
1706 2712 1773 2733 eer-

1008 2754 1144 2788 tamque,
1161 2755 1268 2777 senon
1281 2745 1386 2776 solum
1400 2746 1450 2776 ab>
1463 2745 1614 2786 Apolline
1636 2752 1668 2777 et
1693 2745 1773 2777 Dia.

1009 2801 1060 2828 na,
1075 2790 1130 2821 sed
1144 2790 1239 2821 etiam
1253 2800 1272 2820 a
1286 2789 1367 2821 Jove
1389 2789 1572 2830 cunctisque
1594 2789 1655 2820 diis
1675 2799 1771 2820 exau-

1010 2835 1113 2865 ditum
1141 2844 1217 2870 esse,
1247 2843 1322 2864 cum
1357 2832 1509 2863 concione
1539 2834 1771 2870 communicatu

1007 2877 1093 2919 quod
1106 2876 1234 2918 quidem
1260 2876 1293 2906 in
1315 2875 1511 2907 audientium
1534 2876 1646 2907 animis
1664 2886 1773 2908 sensus

1008 2922 1140 2952 excitare
1155 2920 1286 2952 debebat
1300 2919 1482 2952 laetissimos.
1571 2922 1693 2956 sentire,
1715 2930 1772 2950 au-

1008 2964 1082 3002 dire,
1113 2969 1160 3037 ειέ
1182 2971 1216 2995 ut
1243 2970 1307 2995 rata
1333 2974 1399 2994 esse
1422 2963 1540 3005 jubeat,
1570 2972 1770 3003 permovere;
