1904 3250
225 124 313 163 320

863 123 1171 166 HORATII

1641 133 1748 181 [Lm.
1770 144 1803 172 1.

344 249 591 292 Mercedem
613 258 684 292 aut
705 263 899 290 nummos
922 249 1033 290 unde
1055 249 1167 291 unde
1188 253 1378 304 extricat,
1408 268 1569 295 amaras

344 321 548 364 Porrecto
561 321 714 378 jugulo
734 320 944 370 historias,
967 322 1157 377 captivus
1178 331 1238 374 ut,
1260 325 1389 367 audit.

255 395 310 432 90

343 391 604 432 Comminxit
625 389 781 430 lectum
801 398 941 445 potuS‚
963 405 1160 432 mensave
1181 392 1367 435 catillum

342 460 531 502 Evandri
552 459 746 501 manibus
767 460 914 501 tritum
934 459 1110 517 dejecit:
1142 461 1198 502 ob
1217 461 1328 504 hanc
1347 478 1450 515 rem,

343 532 432 572 Aut
451 530 632 585 positam
652 537 750 571 ante
770 545 865 571 mea
885 529 984 586 quia
1003 529 1168 585 pullum
1188 531 1232 572 in
1252 540 1373 586 parte
1393 534 1520 575 catini

343 603 521 646 Sustulit
542 604 745 654 esuriens,
768 604 907 645 minus
928 603 1011 645 hoc
1025 603 1240 660 jucundus
1261 605 1420 647 amicus

342 674 406 715 Sit
426 672 562 715 mihi?
595 673 700 730 quid
719 672 884 725 faciam,
908 674 944 715 si
963 673 1123 716 furtum
1143 673 1302 726 fecerit,
1324 684 1397 717 aut
1417 677 1453 717 si

253 749 308 786 95

342 744 586 787 Prodiderit
606 746 830 788 commissa
849 746 948 797 fide,
972 762 1226 803 sponsumve
1246 746 1442 806 negarit?

339 813 450 865 Quis
471 816 591 872 paria
611 831 702 858 esse
722 815 810 858 fere
830 816 989 872 placuit
1008 825 1194 873 peccata,
1217 818 1425 870 laborant,

341 887 489 937 Quum
509 895 682 929 ventum
702 888 758 930 ad
777 904 926 930 verum
947 897 1032 939 est3
1066 906 1212 932 sensus
1233 906 1456 948 moresque
1477 903 1712 950 repugnant

339 961 482 1017 Atque
502 962 594 1017 ipsa
613 961 784 1013 utilitas,
801 963 906 1018 justi
926 978 1061 1019 prope
1082 971 1215 1005 mater
1235 972 1278 1005 et
1298 965 1422 1021 aequi.

341 1030 489 1080 Quum
509 1040 814 1088 prorepserunt
834 1033 982 1088 primis
1003 1034 1200 1076 animalia
1220 1035 1357 1085 terris,

227 1106 309 1145 100

343 1103 517 1146 Mutum
539 1113 581 1146 et
600 1113 725 1161 turpe
745 1121 889 1162 pecus,
911 1106 1110 1163 glandem
1132 1115 1258 1164 atque
1278 1107 1434 1150 cubilia
1452 1116 1629 1165 propter

342 1173 570 1231 Unguibus
591 1183 634 1216 et
652 1176 824 1234 pugnis,
846 1176 943 1218 dein
966 1175 1160 1227 fustibus,
1183 1185 1309 1234 atque
1330 1178 1388 1219 ita
1406 1192 1540 1234 porro

340 1246 596 1304 Pugnabant
615 1249 756 1298 armis,
779 1264 875 1304 quae
895 1255 993 1304 post
1011 1247 1291 1291 fabricaverat
1310 1265 1425 1301 usus,

338 1320 492 1363 Donec
512 1321 654 1371 verba,
677 1321 830 1378 quibus
851 1337 975 1364 voces
998 1337 1228 1378 sensusque
1249 1331 1458 1373 notarent,

339 1389 609 1446 Nominaque
628 1390 850 1440 invenere3
883 1390 1037 1433 dehinc
1057 1391 1259 1433 absistere
1279 1392 1406 1443 bello,

217 1539 346 1579 expedit
358 1545 391 1571 et
404 1540 509 1581 cogit3
526 1550 604 1571 nos:
629 1551 722 1572 menn
735 1551 771 1571 er
783 1541 870 1572 nicht
883 1541 991 1571 zimen

217 1587 292 1616 oder
305 1586 430 1624 capital,
445 1595 491 1615 wo
507 1595 540 1614 er
550 1595 582 1615 es
593 1586 674 1615 auch
685 1586 797 1615 immer
805 1586 859 1615 her
872 1585 991 1615 behem-

218 1640 292 1660 men
305 1639 389 1668 mg,
401 1629 540 1671 scliqffen
550 1629 620 1659 und
634 1629 828 1670 affbringen
843 1629 991 1659 kann.—

217 1683 356 1708 amams,
372 1671 477 1710 inepte
489 1671 627 1711 scriptas.
713 1678 850 1711 porrecto
858 1671 988 1712 jugulo,

219 1727 254 1746 se
267 1714 477 1747 occidendum
491 1715 582 1755 quasi
595 1714 722 1745 tradens
735 1714 898 1752 recitanti3
915 1725 989 1745 nam

217 1759 294 1790 mali
321 1758 487 1798 scriptores
511 1758 625 1798 scripta
649 1768 707 1788 sua
731 1758 893 1789 recitando
924 1769 987 1795 eos,

216 1813 296 1843 quos
310 1813 344 1833 se
365 1801 476 1832 audire
500 1808 631 1843 coguut,
654 1803 791 1833 occidere
815 1801 988 1839 dicuutur;

1032 1539 1087 1571 80.
1106 1547 1191 1573 vetus
1205 1541 1343 1582 cratera)
1354 1540 1443 1583 quod
1455 1540 1532 1572 olim
1550 1541 1710 1580 Evander,
1721 1542 1803 1573 cele·

1034 1584 1228 1615 bratissimus
1248 1584 1303 1615 ille
1320 1588 1430 1622 Arcas,
1452 1587 1598 1617 manibus
1618 1587 1745 1622 triverit,
1766 1588 1798 1616 h.

1034 1638 1063 1658 e.
1080 1629 1256 1666 versaverit,
1272 1628 1460 1660 tractaverit.
1508 1629 1560 1660 sic
1573 1629 1658 1660 infra
1675 1630 1739 1660 Sat.
1753 1630 1803 1660 11.

1033 1670 1064 1702 3.
1091 1670 1144 1702 20.
1162 1672 1283 1702 mentio
1303 1671 1341 1703 fit
1361 1674 1441 1705 vasis
1460 1674 1551 1711 oenei,
1574 1685 1635 1714 quo
1656 1675 1802 1715 Sisyphus

1028 1718 1122 1756 pedes
1134 1717 1253 1747 laverit.

1076 1769 1104 1789 v.
1123 1758 1176 1789 93.
1194 1762 1260 1795 hoc,
1276 1760 1318 1790 ob
1330 1759 1391 1790 hoc
1405 1759 1535 1795 factum,
1556 1760 1599 1790 ob
1612 1766 1802 1800 prereptum

1033 1813 1051 1833 e
1065 1802 1170 1833 catino
1183 1803 1328 1842 pullum;
1351 1803 1393 1833 cf.
1410 1802 1452 1834 ad
1475 1804 1540 1835 Sot-
1561 1803 1589 1833 1.
1610 1801 1640 1833 l.
1657 1797 1798 1834 46—95.

215 1847 257 1878 cf.
276 1845 360 1877 iufra
376 1845 479 1885 Epist.
497 1845 539 1875 ad
558 1845 621 1876 Pis.
640 1856 670 1876 v.
687 1843 763 1876 475.
801 1848 902 1881 Quem
916 1857 986 1877 vero
1017 1848 1090 1889 fide
1103 1847 1232 1887 antique
1245 1856 1303 1886 pro
1314 1858 1322 1877 z
1330 1848 1426 1889 fidei,
1441 1851 1479 1877 ut
1495 1846 1559 1877 Od.
1580 1846 1653 1878 111.
1670 1846 1703 1878 ¹7.
1721 1845 1800 1877 4.—

216 1892 363 1930 arripuit,
389 1895 473 1920 tenet
494 1890 664 1930 occiditque
691 1891 828 1930 legendo,
856 1897 888 1920 et
912 1889 987 1920 hinc

220 1933 376 1965 Horatius
390 1932 473 1963 infra
489 1933 554 1964 Sat.
575 1933 603 1963 1.
619 1931 650 1962 9.
665 1931 717 1963 74».
737 1933 815 1963 dum
830 1934 870 1963 ab
882 1933 986 1963 homi-

217 1987 259 2008 ue
273 1977 401 2019 garrulo
415 1983 550 2013 tenetur,
566 1976 671 2016 lepide
684 1987 718 2007 se
731 1978 788 2008 sub
802 1976 871 2017 ejus
886 1979 985 2009 cultro

217 2032 292 2058 osse,
309 2021 363 2052 ait.
452 2022 554 2056 audit,
569 2019 680 2051 audire
692 2020 830 2062 cogitur.

260 2076 289 2096 v.
308 2064 362 2095 90.
383 2066 511 2101 lectum,
527 2062 712 2095 triclinium.

261 2119 290 2140 v.
310 2107 363 2139 91.
377 2110 501 2144 tritum,
517 2106 600 2137 torni
615 2118 677 2138 usu
690 2107 832 2138 effictum
846 2107 913 2138 sive
924 2114 987 2139 tor-

217 2160 346 2190 natum;
369 2151 431 2182 fuit
451 2152 550 2192 igitur
570 2151 711 2192 dejectus
725 2151 779 2181 ille
800 2150 926 2182 catillus
938 2159 987 2182 to-

217 2207 327 2227 reuma
340 2194 500 2230 Evandri:
516 2200 615 2225 terere
626 2205 683 2234 pro
693 2201 819 2226 tornare
829 2195 988 2234 accipiunt

215 2240 313 2272 etiam
338 2238 426 2279 apud
451 2237 566 2278 virgil.
597 2238 714 2279 Georg.
743 2238 760 2268 Ι
767 2239 794 2268 Ι.
819 2236 895 2269 444..
913 2240 986 2270 hinc

217 2286 320 2315 radios
334 2284 444 2314 trivere
457 2283 532 2312 rotis
540 2297 551 2317 ;
569 2281 688 2312 scilicet
701 2282 813 2313 artifex
829 2282 878 2312 vel
894 2289 986 2312 torno

216 2329 254 2370 (a
277 2326 368 2370 τείρει,
396 2326 512 2368 τίη-ομ,
535 2326 610 2361 'ter-o,
635 2325 723 2364 trivi)
749 2325 799 2355 vel
824 2325 913 2363 caelo,
937 2325 987 2356 vel

215 2370 339 2410 scalpro
363 2368 464 2401 erudit
486 2375 519 2399 et
542 2367 655 2399 deterit
678 2379 717 2399 ex
738 2369 877 2405 materia,
900 2368 987 2410 quod

218 2414 294 2445 inde
307 2413 456 2445 detritum
480 2412 567 2449 vult3
592 2422 672 2451 opus
692 2421 800 2443 autem
823 2411 988 2452 insculptis

218 2457 331 2499 figuris
345 2456 529 2487 distinctum
550 2462 678 2486 vocatur
699 2455 749 2486 vel
771 2462 916 2486 toreuma
936 2454 987 2485 vel

216 2498 886 2583 ffissffxuffi2'2g'haefifilzm11lai‘}
911 2498 987 2583 οῗί

219 2589 445 2621 Alcimedontis
455 2599 467 2618 .-
492 2587 596 2618 Lenta
611 2587 720 2626 quibus
734 2587 921 2626 tomosacili
933 2597 987 2617 su-

215 2634 382 2674 peraddita
395 2632 464 2663 m'tis
474 2630 619 2673 Diffusus
629 2631 740 2660 hedera
754 2631 840 2660 vestit
850 2631 987 2669 Jmllente

220 2677 388 2717 corymbos.
478 2675 629 2705 Evander
650 2672 712 2702 fuit
733 2672 835 2702 clarus
849 2672 985 2709 caelator,

218 2721 288 2760 qui,
304 2726 342 2749 ut
354 2718 451 2749 refert
469 2723 560 2748 vetus
582 2716 777 2751 Scholiasta,
800 2726 821 2745 a
844 2716 892 2745 M.
915 2717 987 2746 An-

221 2763 310 2793 tonio
325 2762 460 2792 Athenis
473 2759 698 2791 Alexandriam
713 2759 881 2790 translatus
895 2765 927 2789 et
937 2759 986 2788 in-

220 2806 264 2837 de
285 2806 368 2836 iuter
388 2805 526 2844 captivos
549 2804 685 2835 Romam
710 2802 866 2833 deductus
885 2803 987 2832 multa

219 2859 318 2889 opera
346 2848 501 2880 mirabilia
526 2847 636 2879 fecisse
663 2845 806 2877 traditur.
832 2863 876 2871 -
903 2845 986 2876 Fieri

221 2903 350 2934 quoque
363 2892 478 2933 potuit,
493 2898 531 2922 ut
550 2891 690 2932 dejectus
703 2889 756 2920 ille
770 2888 895 2920 catillus
908 2889 987 2929 pris-

218 2946 269 2967 cae
283 2936 382 2969 aetatis
401 2946 482 2977 opus
502 2940 593 2973 esset,
615 2937 668 2978 (ut
686 2933 770 2965 infra
792 2933 857 2965 Sat.
883 2933 934 2965 11.
953 2931 984 2964 4.

1029 1901 1212 1930 sponsumve
1226 1901 1309 1931 neg„
1332 1889 1457 1931 quodve
1482 1890 1661 1930 spopondit,
1682 1901 1717 1922 se
1729 1901 1802 1930 spo-

1030 1933 1177 1973 pondisse
1193 1933 1337 1974 negarim
1352 1933 1416 1964 vid.
1434 1935 1563 1965 Erneet.
1577 1934 1612 1964 in
1629 1934 1717 1965 Clav.
1734 1934 1803 1966 Cic.

1029 1987 1053 2007 s.
1075 1987 1152 2007 voce
1166 1979 1314 2018 spondere
1328 1984 1361 2008 et
1373 1979 1504 2018 sponsio.

1072 2031 1102 2051 v.
1121 2020 1174 2051 96.
1203 2020 1291 2058 Quis,
1315 2021 1494 2061 philosophi
1515 2020 1658 2063 (Stoici),
1670 2021 1798 2062 quibus.

1027 2065 1114 2107 fere,
1132 2066 1236 2106 junge
1250 2074 1324 2094 cum
1342 2066 1444 2105 μανία,
1466 2065 1523 2095 ned
1539 2067 1695 2096 Bauer-us
1708 2065 1803 2095 refert

1029 2109 1105 2151 fere
1119 2108 1159 2138 ad
1174 2110 1327 2140 labor-am.
1394 2110 1534 2139 laborm-e
1542 2108 1611 2149 jam
1627 2114 1692 2139 eet:
1717 2107 1802 2138 diffi-

1030 2151 1149 2182 cultate
1163 2151 1281 2191 premi3
1372 2153 1478 2187 Quum
1492 2157 1622 2183 ventum
1634 2153 1677 2182 ad
1690 2162 1799 2183 vnum

1029 2201 1084 2232 est,
1101 2205 1176 2225 cum
1190 2206 1249 2232 res,
1267 2201 1304 2226 ut
1325 2205 1459 2236 quaeque
1479 2205 1551 2225 vere
1572 2200 1628 2230 est,
1645 2195 1798 2234 pondera-

1029 2245 1101 2276 tur;
1189 2250 1308 2276 sensus,
1322 2238 1439 2279 cuique
1450 2237 1583 2275 imitus3
1602 2237 1661 2268 cic
1674 2237 1714 2268 de
1729 2238 1800 2269 Fin.

1031 2281 1094 2312 IV.
1117 2280 1167 2312 19.
1186 2292 1211 2311 s.
1230 2281 1284 2312 fin.
1301 2292 1410 2313 sensus
1421 2283 1508 2312 em'm
1521 2281 1681 2323 cujusque,
1696 2288 1727 2312 et
1741 2294 1800 2313 na-

1029 2331 1103 2356 tura
1117 2336 1238 2362 rerum,
1253 2332 1348 2367 atque
1369 2326 1434 2365 ipen
1452 2327 1565 2356 veritas
1586 2326 1701 2356 clamat
1723 2337 1797 2366 quo-

1029 2371 1201 2405 dammodo,
1216 2380 1281 2400 non
1291 2378 1378 2409 posse
1389 2368 1454 2410 (se)
1465 2369 1592 2405 adduci,
1602 2374 1642 2399 ut
1650 2370 1733 2399 inter
1746 2380 1798 2400 eas

1028 2423 1088 2448 res,
1104 2423 1182 2453 quas
1199 2414 1283 2443 Zeno
1295 2419 1478 2452 exaquei-et,
1493 2413 1571 2442 nihil
1584 2414 1797 2444 {meo-emt.—-
1833 2423 1837 2426 “

1029 2466 1194 2496 moresque,
1221 2454 1386 2494 disciplina
1406 2455 1499 2489 enim.
1521 2465 1594 2496 quae
1615 2455 1712 2485 vitum
1727 2466 1796 2486 mo-

1028 2508 1141 2539 resque
1156 2498 1344 2535 moderatur,
1367 2505 1495 2538 peeeata
1508 2497 1626 2529 leviora
1638 2509 1658 2529 a
1671 2500 1797 2540 gravio-

1029 2542 1116 2572 ribus
1130 2541 1305 2582 distinguit.

1073 2595 1101 2615 v.
1127 2584 1181 2615 98.
1207 2587 1313 2626 Atque
1337 2586 1402 2625 ipsa
1416 2586 1486 2617 weil.
1513 2590 1587 2616 cett.
1613 2585 1793 2617 secundum

1030 2629 1218 2659 sementiam
1234 2628 1478 2668 Epicureorum,
1493 2628 1559 2669 qui,
1574 2628 1660 2670 quod
1675 2636 1795 2660 recmm

1031 2679 1065 2702 et
1078 2681 1204 2712 aequum
1219 2678 1276 2709 est,
1291 2682 1311 2702 a
1325 2672 1487 2702 communi
1501 2672 1650 2702 humunae
1665 2673 1794 2704 societa-

1029 2715 1069 2746 tis
1083 2715 1216 2746 utilitate
1230 2721 1386 2754 repetunt.

1072 2769 1102 2788 v.
1119 2757 1171 2788 99.
1201 2760 1310 2794 Quum
1325 2769 1465 2799 proreps-
1481 2764 1555 2790 ceu.
1580 2760 1648 2790 haec
1668 2769 1796 2801 quoque

1028 2801 1069 2832 de
1083 2802 1186 2841 primo
1199 2803 1322 2842 generis
1342 2802 1473 2832 humani
1486 2809 1559 2833 ortu
1573 2811 1606 2834 et
1619 2803 1708 2834 cultu
1724 2813 1795 2834 nar-

1029 2846 1156 2876 ratioad
1173 2845 1404 2885 Epicureorum
1418 2848 1603 2877 sententiam
1618 2855 1794 2878 accommo-

1030 2889 1103 2919 data
1117 2895 1172 2919 est.
1223 2889 1461 2928 comparandus
1482 2893 1612 2921 omnino
1640 2890 1794 2921 Horatius

1029 2942 1105 2965 cum
1122 2933 1271 2965 Lucretio
1289 2933 1327 2965 V.
1341 2931 1416 2965 923.
1434 2943 1518 2976 seqq.
1531 2934 1585 2966 ubi
1596 2935 1762 2966 hominum
1776 2943 1795 2964 e
