1904 3250
230 177 284 215 26

822 174 1125 218 HORATII

1623 175 1731 224 [Lm.
1753 185 1783 212 1.

342 298 484 352 Hunc,
507 307 549 342 et
568 299 757 341 incomtis
781 300 956 341 Curium
976 299 1149 355 capillis,

342 368 502 411 Utilem
521 369 633 411 bello
653 369 759 420 tulit,
781 377 822 411 et
845 368 1082 419 Camillum,

344 438 464 480 Saeva
483 447 706 495 paupertas
727 446 768 479 et
788 438 920 479 avitus
941 446 1040 493 apto

802 506 911 548 Cum
931 507 1018 549 lare
1037 507 1203 550 fundus.

253 583 309 621 45
343 580 518 632 Crescit,
540 581 704 622 occulto
725 580 838 621 velut
857 579 984 621 arbor
1003 595 1108 631 aevo,

342 655 471 697 Fama
493 654 708 697 Marcelli:
741 655 866 696 micat
885 655 994 696 inter
1013 671 1158 697 omnes

339 725 498 767 Julium
519 724 646 775 sidus,
668 724 781 766 velut
801 725 909 766 inter
928 725 1046 782 ignes

802 794 926 837 Luna
945 795 1140 837 minores.

223 937 250 957 v.
274 926 440 964 Wesseling.
461 923 589 954 observ.
619 922 645 953 1.
669 920 719 962 8.)
742 921 870 962 ejusque
894 920 979 953 filius

223 970 274 1001 M.
291 969 435 1005 Scaurus,
449 966 604 997 aedilitatis
614 964 846 1007 magnificentia
856 965 976 1004 clarus3

221 1024 251 1044 v.
271 1012 355 1043 Pliu.
376 1011 426 1042 H.
444 1010 487 1041 N.
509 1009 685 1041 XXXVI.
702 1007 751 1039 15.
841 1011 980 1040 Paul.—

222 1057 263 1088 L.
287 1054 435 1088 AEmilius
451 1053 595 1091 Paullus,
614 1052 744 1090 Consul,
760 1062 833 1083 cum
847 1053 882 1083 in
896 1063 977 1092 proe-

219 1101 274 1138 lio,
299 1098 456 1134 Varronis,
482 1097 610 1128 alterius
634 1096 779 1134 consulis,
804 1095 978 1137 temeritate

218 1143 261 1175 ad
278 1143 404 1174 Cannas
422 1141 598 1178 commisso,
612 1139 766 1181 insignem
781 1139 902 1171 cladem
923 1150 978 1171 ex-

218 1193 325 1228 pertus
339 1191 418 1217 esset
439 1184 592 1216 exercitus
617 1185 791 1220 Romanus,
817 1193 858 1214 ne
882 1189 977 1215 tantae

217 1229 400 1273 ignominias
415 1234 569 1269 superstes
582 1234 670 1264 esset,
692 1233 802 1267 sponte
822 1237 856 1258 se
880 1228 976 1259 truci-

216 1273 360 1305 dandum
373 1272 514 1303 hostibus
527 1271 649 1302 obtulit.
669 1271 739 1302 Liv.
767 1270 894 1302 XXII.
920 1269 974 1302 49.

211 1318 305 1349 ‘Flon
326 1316 376 1348 11.
395 1315 425 1347 6.
447 1314 497 1346 16.
515 1315 589 1346 hinc
599 1317 746 1356 prodigus
763 1326 886 1355 magnae
905 1317 976 1347 ani-

215 1366 279 1393 ‘moe
292 1360 420 1398 dicitur,
440 1360 472 1390 h.
493 1369 521 1390 e.
545 1360 650 1396 vitam,
677 1369 734 1399 pro
759 1359 858 1398 patria
879 1358 975 1399 depo-

215 1405 362 1440 nendam,
390 1413 507 1444 magno
528 1402 633 1433 animo
654 1409 867 1441 contemnens,
889 1401 970 1434 sive:

215 1449 322 1486 vitam,
339 1447 433 1478 tantis
456 1445 574 1477 mefitis
591 1446 802 1486 conspicuam,
827 1445 975 1488 prodigo.

214 1502 287 1522 rum
313 1500 411 1528 more,
437 1496 598 1530 tamquam
622 1499 688 1520 rem
713 1489 818 1527 vilem,
844 1490 975 1530 profun-

214 1535 303 1567 dens.
346 1533 591 1575 Exquisitiorem
612 1532 804 1564 locutionem
823 1535 975 1575 prodigus

213 1581 331 1611 animae
355 1577 462 1618 plures
486 1576 599 1608 imitati
621 1583 718 1616 sunt;
741 1576 782 1608 cf.
809 1578 970 1610 Drakenb.

213 1622 255 1654 ad
272 1622 327 1654 Sil.
346 1621 420 1652 Ital.
441 1621 469 1651 1.
488 1619 561 1651 225.
580 1621 635 1651 ubi
657 1620 697 1651 de
722 1619 875 1652 militibus
895 1621 974 1652 His-

207 1662 320 1707 ¹panis:
356 1666 493 1705 Prodiga
512 1675 588 1705 gens
608 1665 732 1702 animae,
755 1671 786 1696 et
804 1675 972 1706 Imperare

200 1711 361 1752 ficiHima
388 1716 526 1740 mortem.
575 1707 724 1739 Similiter
747 1709 813 1739 fere
840 1708 907 1739 Cic.
931 1707 971 1739 de

216 1753 282 1785 off.
316 1752 345 1789 1,
375 1750 427 1782 24.
456 1754 550 1783 vitam
568 1752 769 1794 prtffundere.
786 1754 972 1784 —Inventi
991 1781 994 1784 ,

211 1803 318 1830 autem
333 1798 426 1828 multi
439 1801 524 1832 sunt,
540 1797 593 1836 qui
607 1807 672 1827 non
685 1798 774 1827 modo
789 1798 968 1836 pecuniam,

210 1842 263 1872 sed
280 1842 377 1872 vitam
390 1841 483 1871 etiam
499 1839 693 1881 mqfundere
711 1850 771 1880 pro
791 1841 896 1880 patria
912 1851 971 1880 pa-

210 1885 273 1915 rati
285 1890 395 1915 essene.
485 1893 512 1913 v-
531 1882 584 1913 39.
601 1884 718 1923 insigni
733 1885 881 1919 Camena,
904 1893 971 1913 car-

209 1927 297 1958 mine
311 1926 445 1963 sublimi,
462 1933 602 1957 versante
623 1936 737 1966 nempe
757 1926 791 1957 in
812 1926 971 1958 celebran-

209 1970 262 2002 dis
273 1970 411 2001 virorum
425 1969 598 2011 insignium
614 1969 769 2001 laudibus.
848 1971 972 2002 Fabric.

210 2032 255 2039 —
271 2017 304 2046 C·
330 2015 493 2046 Fabricius
519 2015 688 2051 Luscinus,
721 2013 769 2044 vir
790 2014 968 2045 honestissi-

209 2067 294 2095 mus,
310 2067 412 2098 neque
426 2057 549 2098 legatus
562 2056 685 2099 magnis
698 2068 718 2088 a
740 2058 871 2098 Pyrrho,
895 2067 970 2100 rege

212 2100 427 2142 Epirotarum,
443 2101 482 2131 ad
496 2111 590 2141 quem
605 2101 644 2131 de
660 2100 880 2141 recuperandis
895 2111 968 2141 cap-

192 2144 283 2176 ·tivis
298 2144 411 2175 missus
438 2144 550 2181 fuerat,
579 2144 690 2175 oblatis
717 2145 902 2176 muneribus
927 2144 968 2176 ad

208 2187 382 2228 perfidiam,
418 2197 520 2228 neque
556 2187 668 2218 deinde
703 2188 825 2226 consul,
860 2194 969 2220 contra

212 2231 370 2272 Pyrrhum
385 2230 503 2261 bellum
525 2240 644 2271 gerens,
666 2241 685 2261 a
708 2233 866 2272 proditore
890 2242 968 2274 quo-

209 2273 293 2313 dam,
309 2274 364 2316 qui
381 2274 539 2314 Pyrrhum
554 2274 695 2305 mercede
716 2283 843 2315 accepta
863 2286 896 2306 se
918 2276 966 2306 in..

205 2317 415 2350 'terfecturum
443 2327 509 2348 esse
538 2319 729 2356 promiserat,
755 2319 794 2350 ad
822 2319 966 2350 fraudem

209 2361 315 2403 pellici
335 2360 459 2401 potuit;
481 2360 555 2391 hinc
578 2362 644 2400 ipse
670 2362 828 2402 Pyrrhus:
854 2365 965 2395 Fabri-

207 2407 276 2438 cius
288 2406 444 2447 difficilius
457 2405 495 2435 ab
509 2406 672 2442 honestate,
685 2418 781 2446 quam
792 2408 834 2437 sol
842 2418 861 2437 a
872 2418 967 2438 cursu

208 2460 264 2481 suo
277 2450 375 2480 averti
392 2453 500 2488 potest.
523 2446 638 2478 dixisse
662 2448 803 2480 traditur.
828 2449 867 2480 cf.
896 2450 962 2481 Cic.

212 2492 279 2524 Off.
300 2491 372 2523 111.
388 2490 441 2522 22.
461 2490 533 2522 Val.
553 2490 643 2521 Max.
664 2491 725 2522 IV.
744 2492 775 2523 3.

252 2540 286 2567 v.
298 2534 439 2566 41—44.
475 2536 586 2572 Hunc,
601 2541 630 2565 et
645 2541 714 2566 cett.
733 2546 860 2568 sensus:
900 2537 967 2569 Hic

211 2579 382 2617 Fabricius,
397 2586 430 2610 et
445 2578 572 2615 curius,
595 2577 642 2607 vir
662 2578 796 2619 antiquis
818 2580 965 2616 moribus

206 2630 302 2664 atque
319 2622 483 2660 Camillus,
503 2621 646 2662 quamvis
663 2621 703 2651 ad
724 2622 880 2654 duriorem
903 2634 968 2655 sor-

209 2672 274 2696 tem
293 2665 376 2697 'nati
403 2665 450 2697 nil
476 2664 537 2696 nisi
566 2665 719 2705 exiguum
744 2675 821 2696 -cum
854 2667 968 2708 exigua

208 2709 303 2740 domo
317 2708 455 2740 fundum
474 2719 494 2740 a
517 2707 687 2750 majoribus
709 2716 871 2748 acceptum
893 2721 964 2750 pos-

209 2753 360 2791 sidebant,
383 2753 441 2783 viri
460 2758 567 2784 tamen
586 2751 682 2783 fortes
702 2758 734 2783 et
758 2752 802 2783 rei
825 2752 967 2784 militaris

208 2796 386 2835 peritissimi
397 2801 569 2828 evaserunt.
649 2797 784 2828 Curium
794 2815 838 2821 -—
848 2795 888 2827 de
902 2797 966 2827 Cu-

209 2839 257 2868 rio
288 2839 437 2878 Dentato,
466 2849 562 2882 quem
587 2838 764 2870 Samnitum
792 2838 897 2879 legati,
928 2841 967 2871 de

209 2891 285 2920 pace
306 2893 380 2913 cum
401 2894 439 2915 eo
463 2882 571 2920 acturi,
599 2881 704 2924 ligneo
724 2891 852 2913 scamno
873 2883 966 2923 juxta

210 2924 317 2956 focum
346 2926 502 2958 sedentem
526 2932 559 2958 et
581 2927 669 2958 tostis
685 2925 768 2966 rapis
791 2933 965 2956 vescentem

207 2967 362 3000 invenisse
398 2969 556 3008 dicuntur,
594 2969 634 3001 cf.
667 2969 738 3002 val.
774 2969 863 3001 Max.
898 2969 961 3001 1v.

1020 922 1053 954 3.
1141 924 1282 955 incmntis
1307 925 1435 965 cupillis,
1465 922 1583 956 Curius
1607 923 1692 955 enim
1713 934 1776 955 non

1021 971 1224 998 venustorum
1239 973 1271 998 et
1279 966 1506 1009 elegantiorum
1513 967 1679 998 hominum
1690 978 1778 1000 more

1021 1011 1163 1041 comebat
1183 1010 1320 1051 capillos,
1342 1011 1408 1049 sed,
1430 1017 1465 1042 ut
1486 1010 1587 1042 solent
1611 1011 1668 1042 viri
1691 1022 1777 1043 seve-

1019 1053 1126 1093 riores,
1142 1061 1307 1086 externum
1331 1053 1468 1094 corporis
1492 1053 1612 1086 cultum
1635 1055 1776 1098 neglige-

1020 1099 1084 1129 bat.
1145 1097 1295 1129 Similiter
1333 1098 1423 1135 Cato,
1461 1098 1626 1139 antiquum
1654 1108 1776 1130 morem

1020 1151 1154 1178 servans,
1169 1141 1254 1172 haud
1275 1152 1309 1173 se
1329 1141 1451 1173 tonderi
1471 1152 1580 1182 passus
1604 1147 1669 1181 est3
1691 1142 1777 1174 unde

1018 1184 1072 1216 ille
1090 1187 1230 1217 intonsus
1249 1184 1322 1216 infr.
1350 1185 1400 1216 11.
1432 1184 1483 1216 15.
1514 1183 1564 1216 11.
1655 1187 1774 1218 Camill-

1019 1228 1060 1260 de
1090 1229 1202 1260 Marco
1235 1229 1331 1261 Furio
1363 1229 1507 1264 Camillo.
1535 1229 1699 1260 liberatore
1718 1229 1776 1261 illo

1020 1272 1118 1311 urbis,
1132 1283 1151 1303 a
1168 1272 1270 1304 Gallis
1282 1278 1389 1320 captae,
1404 1273 1446 1304 cf.
1465 1272 1536 1304 Liv.
1560 1273 1600 1304 V.
1623 1271 1668 1304 46
1689 1283 1772 1314 seqq.

1020 1323 1052 1347 et
1079 1315 1163 1347 Flor.
1188 1316 1216 1347 1.
1247 1316 1297 1348 13.
1394 1327 1474 1348 saeva
1491 1322 1674 1358 paupertas,
1700 1326 1776 1348 cum

1018 1366 1184 1400 paupertas
1197 1360 1256 1392 hoc
1269 1369 1395 1402 quoque
1408 1360 1479 1391 loco
1495 1360 1619 1391 dicatur
1638 1359 1679 1391 de
1699 1369 1777 1391 eon-

1017 1403 1136 1435 ditione
1148 1413 1267 1442 eorum,
1282 1404 1347 1446 qui,
1362 1411 1517 1445 quantum
1530 1403 1571 1435 ad
1589 1403 1686 1435 vitam
1706 1414 1776 1435 sus-

1016 1446 1199 1478 tentandam
1225 1458 1307 1489 opus
1331 1453 1387 1485 est,
1404 1448 1541 1484 habent,
1566 1446 1652 1478 haud
1680 1446 1775 1479 nitriis

1017 1491 1198 1533 urgendum
1210 1499 1257 1523 est
1271 1490 1430 1532 epitheton
1443 1502 1534 1530 soeva,
1555 1490 1642 1533 quod
1662 1491 1771 1532 prmi-

1016 1544 1080 1574 pue
1107 1534 1306 1566 referendum
1329 1533 1454 1566 videtur
1477 1534 1519 1566 ad
1546 1533 1658 1565 duram
1684 1534 1774 1567 illam

1015 1588 1192 1619 saevamque
1205 1578 1294 1620 quasi
1307 1584 1432 1616 sortem,
1455 1588 1518 1620 qua
1537 1578 1635 1620 vulgo
1655 1587 1774 1620 paupe-

1014 1622 1111 1660 ribus,
1125 1622 1298 1654 beatiorum
1319 1622 1458 1662 potentia
1476 1621 1636 1662 depressis,
1661 1623 1710 1653 via
1731 1621 1774 1654 ad

1013 1666 1140 1696 meritos
1153 1666 1286 1697 honores
1298 1665 1465 1706 intersepta
1479 1673 1537 1696 est.
1622 1671 1702 1706 apto,
1714 1675 1772 1706 pro

1012 1709 1116 1747 fundi,
1130 1719 1225 1750 quem
1238 1708 1446 1749 possidebant,
1461 1708 1600 1740 modulo.

1057 1763 1085 1783 v.
1114 1751 1254 1784 45-48.
1296 1751 1407 1791 Poeta,
1432 1757 1650 1793 praetervectus
1680 1752 1770 1794 quasi

1012 1795 1142 1839 longam
1154 1806 1352 1838 magnorum,
1366 1795 1423 1837 qui
1435 1797 1504 1838 ejus
1511 1795 1653 1827 animum
1662 1797 1771 1828 adver.

1012 1846 1078 1871 tere
1091 1847 1242 1880 poterant,
1258 1839 1395 1871 virorum
1415 1839 1538 1877 seriem,
1559 1839 1664 1871 subito
1679 1839 1773 1881 juve-

1013 1883 1064 1914 nis
1099 1884 1256 1922 Marcelli,
1279 1890 1429 1925 tanquam
1461 1883 1535 1914 novi
1563 1882 1770 1915 <nobilissimae

1013 1927 1090 1958 olim
1103 1927 1207 1968 stirpis
1220 1926 1347 1962 surculi,
1362 1926 1567 1958 admiratione
1579 1925 1769 1967 percellitur.

1017 1971 1152 2002 Sensus:
1177 1981 1233 2011 per
1252 1971 1403 2013 juvenem
1433 1969 1623 2001 Marcellum
1651 1971 1773 2013 antIqui

1013 2014 1160 2046 Marcelli
1181 2014 1267 2046 fama
1294 2020 1390 2056 atque
1417 2013 1526 2056 gloria,
1555 2013 1643 2045 velut
1665 2014 1768 2053 arbor,

1011 2058 1134 2090 occulte
1148 2058 1275 2096 crescit3
1296 2057 1351 2088 ille
1367 2057 1493 2100 juvenis
1513 2056 1599 2088 enim
1617 2063 1769 2099 tanquam

1011 2112 1130 2132 novum
1143 2101 1248 2143 gentis
1265 2101 1364 2133 Juliae
1381 2101 1468 2132 sidus
1488 2110 1552 2141 prae
1571 2100 1682 2132 ceteris
1702 2111 1770 2133 om·

1011 2146 1115 2184 nibus,
1143 2145 1231 2176 velut
1259 2145 1355 2176 Luna
1381 2145 1464 2176 inter
1490 2144 1596 2175 stellas
1622 2144 1767 2182 minores,

1011 2189 1142 2231 effulget
1169 2195 1263 2230 atque
1289 2189 1416 2219 eminet.
1491 2188 1591 2230 sama
1625 2189 1771 2221 Marcelli

1011 2243 1077 2263 non
1091 2242 1165 2264 cum
1183 2233 1232 2264 Cl.
1250 2234 1375 2264 Mic-sch.
1400 2231 1439 2262 ad
1457 2230 1608 2272 juvenem
1631 2231 1768 2263 Marcel-

1011 2276 1090 2313 lum,
1103 2276 1159 2318 qui
1173 2286 1229 2316 per
1248 2277 1371 2309 Julium
1392 2276 1479 2306 sidus
1499 2273 1691 2316 designatur,
1712 2275 1770 2308 sed

1011 2320 1115 2359 potius
1138 2320 1179 2351 ad
1204 2319 1252 2350 Μ.
1284 2317 1454 2350 Claudium
1481 2317 1681 2356 Marcellum,
1711 2320 1769 2361 qui

1010 2363 1176 2404 quinquies
1189 2362 1299 2394 consul
1318 2362 1354 2393 iu
1373 2361 1457 2393 bello
1483 2361 1609 2392 Punico
1629 2363 1767 2394 secundo

1010 2406 1125 2444 floruit,
1147 2413 1179 2438 et
1199 2407 1318 2446 primus
1341 2404 1558 2436 Hannibalem
1582 2404 1623 2436 ad
1649 2405 1767 2437 Nolam

1009 2450 1092 2481 vinci
1120 2460 1209 2490 posse
1237 2449 1354 2487 docuit,
1389 2448 1497 2480 referri
1525 2448 1638 2487 debet;
1672 2449 1769 2492 hujus

994 2495 1094 2536 sama
1108 2493 1205 2536 igitur
1217 2495 1378 2532 crescebat,
1393 2492 1471 2523 dum
1488 2491 1614 2534 juvenis
1628 2492 1767 2524 Marcel-

1009 2537 1067 2573 lus,
1083 2544 1231 2579 tanquam
1246 2547 1347 2568 novus
1371 2547 1408 2567 ex
1431 2536 1559 2577 antiqua
1582 2535 1678 2577 stirpe
1698 2546 1768 2567 sur.

1010 2581 1111 2618 culus,
1149 2581 1352 2617 efflorescens,
1386 2589 1506 2611 novum
1547 2579 1577 2610 ei
1615 2581 1766 2611 honorem

1010 2624 1203 2656 conciliabat.
1260 2622 1569 2664 Exsplendescebant
1595 2628 1700 2654 autem
1730 2623 1766 2654 in

1006 2669 1123 2710 juvene
1137 2667 1300 2704 Marcello,
1318 2666 1468 2703 Octavia,
1485 2665 1626 2707 Augusti
1641 2665 1764 2704 sororis,

1010 2713 1084 2750 filio,
1099 2718 1131 2743 et
1144 2712 1253 2750 Juliae,
1272 2710 1411 2753 Augusti
1425 2709 1508 2746 filim.
1526 2710 1669 2752 conjuge,
1692 2708 1765 2742 licet

1009 2755 1061 2786 vix
1077 2755 1306 2796 septemdecim·
1314 2764 1412 2786 annos
1423 2759 1494 2785 tum
1515 2758 1599 2789 nato,
1622 2758 1671 2784 tot
1691 2758 1765 2784 tan-

1011 2806 1112 2840 taeque
1126 2799 1266 2837 virtutes,
1280 2805 1318 2830 ut
1330 2807 1396 2829 non
1408 2796 1678 2838 solumsAugusto
1693 2797 1763 2838 (qui

1010 2852 1083 2872 eum
1098 2842 1260 2883 adoptasse
1273 2848 1305 2873 et
1317 2849 1523 2873 successorem
1537 2840 1588 2870 sui
1610 2840 1655 2869 in·
1664 2849 1764 2881 regno

1008 2885 1177 2917 destinasse
1191 2886 1316 2924 dicitur,
1330 2884 1371 2916 cf.
1392 2883 1458 2915 Dio
1480 2882 1585 2915 LIII.
1610 2881 1684 2924 ffl.)
1706 2883 1762 2915 sed

1008 2928 1102 2959 etiam
1127 2930 1274 2960 omnibus
1298 2926 1451 2961 Rornanis
1474 2927 1508 2957 in
1532 2926 1664 2958 summis
1682 2929 1761 2958 esset

1008 2971 1145 3012 deliciis;
1169 2973 1242 3005 hinc
1256 2979 1362 3005 tantus
1382 2969 1524 3003 omnium
1547 2969 1580 3001 in
1602 2970 1677 3012 ejus,
1700 2969 1759 3001 im-
