1904 3250
216 148 304 187 314

856 147 1157 190 HORATII

1630 152 1738 199 [Lm.
1762 161 1794 190 1.

806 374 809 375 ν
832 343 1064 386 SATIRA
1095 345 1180 387 ΙΙΙ.

337 485 555 527 OMNJBUS
576 481 659 523 hoc
679 481 825 522 vitium
847 490 916 523 est
931 482 1187 532 cantoribus,
1208 482 1317 524 inter
1336 484 1490 526 amicos
1530 525 1534 527 .

338 553 401 594 Ut
420 566 636 607 nunquam
656 549 860 592 inducant
880 551 1067 592 animum
1088 559 1256 592 cantare
1276 553 1424 608 rogati,

336 624 490 680 Injussi
510 638 728 680 nunquam
748 622 979 665 desistant⁸¹

336 693 413 746 Ille
436 692 643 750 Tigellius
664 692 759 734 hoc.

1026 623 1186 666 Sardus
1206 623 1390 666 habebat
1422 666 1426 668 .

822 693 981 744 Caesar,
1004 694 1078 750 qui
1098 708 1249 751 cogere
1268 702 1424 749 posset,

236 813 241 820 ,
275 770 301 807 5
335 766 380 808 Si
399 773 563 821 peteret
582 780 660 821 per
680 765 906 807 amicitiam
925 766 1057 822 patris
1078 774 1203 822 atque
1224 781 1356 817 suam,
1379 782 1467 809 non

335 837 578 894 Quicquam
597 838 850 894 proficeret3
883 839 918 880 si
938 839 1207 890 collibuisset,
1229 840 1385 885 abovo

337 910 486 966 Usque
507 910 562 951 ad
582 910 694 952 mala
714 911 862 952 citaret
883 911 934 953 Io
956 911 1125 954 Bacche
1145 910 1154 955 !
1187 912 1316 954 modo
1337 927 1501 954 summa

334 983 464 1033 Voce,
487 982 616 1031 modo
636 982 729 1034 hac,
751 993 921 1025 resonat
941 1000 1036 1040 quae
1058 984 1228 1026 chordis
1249 993 1448 1042 quattuor
1467 985 1567 1026 ima.

335 1052 409 1094 Nil
429 1052 592 1109 aequale
612 1052 775 1094 homini
794 1052 874 1094 fuit
894 1053 966 1095 illi.

1000 1092 1003 1095 ,
1032 1054 1155 1110 Saepe
1175 1053 1398 1111 velutqui,

252 1130 318 1167 10-
335 1125 559 1176 Currebat,
582 1124 747 1182 fugiens
768 1125 948 1177 hostem,
970 1141 1164 1182 persaepe
1185 1125 1302 1168 velut
1321 1127 1397 1183 qui

333 1198 361 1240 J
363 1198 513 1240 unonis
535 1212 653 1239 sacra
674 1197 827 1248 ferret3
859 1198 1043 1240 habebat
1064 1214 1178 1254 saepe
1199 1198 1417 1249 ducentos,

465 1329 648 1360 SATIRA
671 1329 744 1360 111.

263 1415 449 1447 Amicorum
478 1416 555 1448 vitia
577 1415 691 1447 leniter
713 1415 854 1455 ferenda,
884 1427 988 1458 neque

218 1460 336 1498 omnia,
350 1459 385 1490 in
406 1460 523 1501 quibus
543 1466 675 1500 peccant
695 1459 799 1498 amici,
819 1459 860 1491 ad
882 1460 989 1491 vivum

217 1503 386 1535 resecanda
399 1513 475 1534 esse.
518 1515 522 1520 ·

261 1558 291 1578 v.
307 1545 336 1577 l.
355 1549 542 1585 cancor-ibus,
557 1546 597 1577 de
611 1546 739 1578 musicis
749 1546 784 1576 in
795 1546 988 1584 universum,

217 1591 282 1622 sive
310 1590 426 1621 fidibus
454 1591 519 1621 sive
547 1601 623 1622 voce
652 1590 847 1622 canentibus.
880 1591 921 1622 cf.
949 1590 991 1621 ad

218 1635 286 1666 Sat..
303 1634 334 1665 Ι.
352 1633 384 1664 2.
402 1633 433 1665 3.

260 1688 289 1707 v.
302 1676 334 1707 4„
359 1679 419 1715 ille,
435 1687 491 1716 per
514 1676 689 1717 emphasin,
716 1683 754 1708 ut
774 1683 860 1708 recte
882 1664 988 1709 obser-

215 1727 269 1752 vat
285 1721 389 1752 Schol.
411 1719 508 1762 Cruq.
526 1731 600 1751 nam
616 1723 666 1752 M.
692 1723 906 1762 Hermogenes
934 1723 990 1753 Ti-

211 1766 322 1805 gellius
337 1774 408 1795 vere
422 1771 492 1795 tum
506 1764 621 1795 nobilis
634 1763 696 1795 fuit
709 1770 776 1795 tam
802 1771 868 1795 arte
890 1765 990 1795 musi-

215 1807 262 1845 ca,
299 1818 397 1849 quam
432 1808 534 1849 gratia
569 1814 602 1838 et
630 1807 768 1838 amicitia
796 1807 876 1839 adeo
904 1807 991 1848 apud

219 1852 408 1893 Augustum
435 1857 467 1882 et
491 1850 678 1882 liberalitate
700 1850 787 1891 apud
813 1851 991 1892 populum3

215 1894 257 1926 cf.
276 1895 317 1925 ad
335 1896 398 1926 Sat.
419 1894 448 1925 Ι.
466 1893 498 1925 2.
515 1894 547 1925 3.
606 1897 662 1926 Ιιοσ
678 1905 720 1926 sc.
739 1894 863 1926 vitium.
926 1898 992 1927 Cae-

210 1938 279 1981 ssar,
299 1938 503 1976 Octavianus,
519 1937 576 1979 qui
590 1939 629 1969 ab
646 1938 784 1969 Horatio
804 1937 840 1968 in
860 1937 900 1968 iis
921 1948 989 1969 car-

212 1982 365 2023 minibus,
389 1992 460 2022 quae
485 1981 617 2021 scripsit,
643 1988 812 2023 antequam
842 1981 989 2013 Octavia-

210 2036 278 2066 ‘nus
313 2036 432 2057 nomen
471 2025 613 2067 Augusti
646 2031 835 2056 assumserat
857 2026 919 2067 (U.
947 2025 986 2056 C.

216 2069 480 2101 DCCXXVII.
485 2069 510 2110 ),
525 2067 708 2109 simpliciter
725 2071 830 2101 Coesar
850 2068 990 2109 appella-

215 2118 279 2144 tur.

236 2188 238 2191 ,
270 2166 301 2187 v.
340 2155 363 2186 5
385 2165 456 2200 seq.
496 2157 523 2187 si
562 2161 680 2196 peteret
723 2166 798 2196 pro:
843 2157 990 2196 petebat;

194 2196 427 2256 t—prqfice'ret
441 2209 518 2239 pro:
543 2199 744 2239 proficiebat;
769 2200 811 2242 (ι’
831 2213 862 2231 aa
857 2200 990 2237 'enada-0,

197 2243 199 2246 ⁴
217 2244 270 2275 οὒκ
284 2242 321 2274 ἂν
336 2243 425 2284 τύχοι
416 2241 441 2282 ι)
455 2242 535 2272 ratio
549 2242 764 2283 grammatica,
779 2253 820 2273 ex
830 2253 894 2284 qua
908 2253 991 2273 non-

217 2296 382 2328 nunquam
397 2285 483 2326 apud
505 2287 641 2325 optimos
663 2296 805 2328 quosque
828 2286 992 2326 scriptores

211 2329 438 2371 'conjunctivus
465 2339 523 2369 pro
554 2328 725 2360 indicativo
760 2329 901 2370 ponitur,
937 2330 990 2360 vix

218 2373 381 2414 perspicue
396 2372 470 2404 satis
484 2372 589 2403 doceri
603 2379 714 2412 potest.
779 2374 892 2414 patris,
908 2373 931 2405 J
933 2373 991 2404 ulu

220 2416 363 2455 Cauris,
385 2417 478 2458 cujus
504 2415 670 2456 adoptatus
693 2416 778 2448 filius
801 2416 864 2448 fuit
892 2416 990 2448 Octa-

214 2460 339 2492 vianus.

260 2515 289 2535 v.
312 2503 357 2535 7.
368 2504 407 2535 ab
433 2515 485 2536 ovo
514 2505 618 2543 Usque
646 2505 688 2533 ad
706 2504 802 2539 mala,
831 2504 871 2533 ab
900 2502 992 2534 initio

218 2559 321 2589 usque
349 2547 391 2578 ad
413 2541 530 2585 finem3
553 2545 739 2577 uanslatum
766 2557 785 2577 a
811 2545 886 2576 satis
914 2553 990 2577 noto

217 2602 306 2623 more
325 2592 555 2626 Romanorum,
570 2589 656 2629 apud
680 2599 762 2630 quos
780 2589 815 2619 in
836 2589 989 2629 principio

217 2635 435 2667 conviviorum
448 2645 514 2671 ova,
537 2633 571 2663 in
593 2633 658 2662 fine
679 2634 763 2663 mala
788 2634 990 2672 apponeban-

217 2686 291 2716 tui-3
315 2688 373 2719 pro
404 2679 512 2710 citaret
540 2677 643 2716 piacet
667 2675 808 2716 quidem,
833 2675 920 2716 quod
948 2686 988 2706 ex

218 2723 399 2763 conjectura
426 2719 529 2752 dedit·
539 2720 725 2752 Bentleius:
761 2721 910 2755 ueraret,·
934 2718 989 2750 sed

218 2768 324 2803 citare,
341 2765 366 2795 si
387 2765 455 2806 jam
476 2770 524 2795 est
543 2761 823 2806 (frequentativum
848 2772 868 2792 a
892 2762 985 2803 ciere)

210 2809 398 2851 frequenter
412 2808 504 2846 ciere,
518 2813 551 2838 et
563 2804 695 2847 proinde
709 2811 851 2846 repetere,
875 2805 987 2836 eodem

219 2853 308 2884 redit.
361 2850 539 2885 Gesnerus
529 2861 563 2881 ιιι
586 2851 667 2880 hanc
692 2859 759 2879 rem
779 2848 918 2879 laudavit
939 2849 987 2880 lo-

218 2906 292 2926 cum
310 2895 473 2928 Ciceronis
490 2894 580 2927 Orat.
600 2893 629 2926 1.
646 2891 701 2924 59.
732 2892 785 2923 ubi
810 2898 876 2923 est:
897 2903 985 2933 paea-

220 2950 292 2970 nem
313 2941 419 2972 citare.
469 2937 619 2970 Similiter
639 2936 704 2969 fere
727 2935 842 2968 dicitur
856 2946 985 3010 ‹ingr-men

1031 1341 1171 1362 movere.-
1213 1331 1316 1371 Virga.
1351 1330 1429 1361 AEn.
1457 1330 1503 1361 X.
1532 1328 1606 1362 163.
1629 1336 1801 1372 cantusque

1030 1379 1146 1405 movete
1156 1389 1167 1410 ‚-
1195 1373 1290 1405 ovid.
1310 1373 1391 1404 Met.
1410 1373 1511 1404 XIV.
1529 1373 1582 1404 21.
1601 1385 1729 1406 carmen
1750 1387 1802 1406 ore

1031 1428 1118 1449 move
1145 1428 1243 1448 sacro.
1334 1419 1372 1448 Io
1400 1419 1554 1449 Bacche!
1586 1417 1688 1457 prima
1710 1419 1802 1448 verba

1033 1460 1181 1491 carminis
1194 1460 1276 1491 inter
1293 1461 1483 1491 coenandum
1506 1463 1558 1502 (ut
1582 1471 1622 1492 ex
1641 1461 1742 1492 verbis
1762 1463 1802 1493 ab

1033 1515 1087 1536 ovo
1100 1515 1201 1544 usque
1213 1507 1254 1535 ad
1268 1505 1354 1535 mala
1369 1503 1514 1546 colligas)
1527 1504 1691 1535 decantati.
1726 1505 1801 1537 Jam

1033 1557 1073 1578 ex
1099 1547 1208 1587 primis
1228 1547 1330 1578 verbis
1351 1554 1463 1578 notum
1488 1548 1548 1578 hoc
1577 1558 1702 1578 carmen
1732 1555 1801 1578 tum

1033 1591 1097 1622 fuit
1120 1591 1277 1622 omnibus.
1325 1590 1456 1621 Veteres
1484 1598 1603 1628 autem,
1627 1591 1708 1623 sicut
1732 1601 1801 1629 nos,

1031 1640 1098 1665 tota
1111 1634 1251 1665 carmina
1265 1633 1365 1665 verbis
1383 1634 1492 1674 primis
1513 1634 1650 1666 indicare
1675 1642 1708 1666 et
1733 1634 1802 1665 lau-

1032 1677 1107 1708 dare
1121 1677 1272 1708 solebant.
1323 1677 1375 1708 Sic
1392 1677 1569 1720 Virgilius'
1558 1688 1594 1708 m
1620 1678 1732 1720 Eclog·
1756 1679 1799 1710 V.

1032 1721 1086 1752 86.
1128 1721 1285 1762 Eclogam
1314 1720 1485 1752 secundm
1509 1731 1575 1762 per
1601 1723 1704 1765 prima
1734 1722 1804 1763 ejus

1033 1766 1146 1795 verba:
1176 1766 1347 1796 Formosus
1371 1766 1514 1806 Corydon.
1534 1766 1662 1797 ardebat
1678 1767 1804 1803 Ales-in,

1034 1814 1066 1839 et
1090 1807 1216 1839 tertiam
1244 1818 1318 1847 per:
1346 1809 1464 1849 Cujum
1484 1808 1612 1849 pecus?
1642 1819 1686 1841 un
1711 1810 1806 1840 Meli·

1030 1852 1118 1883 hoei?
1143 1851 1408 1893 designat3—in
1421 1853 1548 1884 Bacche?
1568 1851 1684 1883 vocalis
1703 1852 1806 1883 brevis

1035 1907 1055 1927 e
1067 1901 1193 1936 propter
1206 1896 1290 1925 arsin
1304 1895 1458 1934 producta
1470 1902 1527 1926 ost.
1615 1897 1706 1928 modo
1716 1906 1806 1928 sum-

1032 1950 1086 1970 ma
1101 1949 1180 1976 voce,
1196 1938 1386 1976 acutissima,
1410 1949 1486 1970 nos:
1512 1940 1548 1971 in
1572 1941 1628 1970 der
1650 1941 1738 1977 halae,
1759 1941 1804 1971 im

1032 1984 1162 2018 discant,
1192 1985 1281 2014 modo
1311 1984 1369 2014 Ιιαο
1397 1992 1440 2013 sc.
1473 1992 1559 2016 voce.
1581 1994 1654 2023 quae
1679 1990 1804 2015 monae

1034 2025 1136 2068 (est)
1126 2035 1161 2055 ιιι
1176 2029 1336 2067 quattuor
1360 2027 1478 2058 chordis
1498 2025 1547 2067 (in
1575 2025 1803 2067 Tetrachordo)

1033 2071 1106 2106 ima,
1119 2070 1320 2109 gravissima,·
1344 2079 1423 2100 nos·
1448 2071 1484 2101 in
1499 2072 1555 2101 der
1569 2070 1650 2112 tide,
1664 2072 1709 2102 im
1721 2071 1804 2102 bass.

1078 2123 1107 2143 v.
1149 2111 1170 2143 9
1192 2123 1275 2153 seqq.
1319 2115 1405 2154 Soepe
1432 2115 1517 2144 velut
1545 2116 1666 2154 qui—
1683 2113 1800 2156 junge:

1027 2167 1114 2197 ,ηερε
1127 2157 1280 2192 currebat,
1302 2158 1385 2188 velut
1405 2158 1461 2197 qui
1481 2158 1595 2188 hostem
1601 2156 1737 2198 sugnens
1757 2167 1803 2188 sc.

1034 2206 1182 2231 curreret.
1195 2216 1240 2225 —
1253 2200 1274 2231 J
1277 2210 1330 2230 am
1343 2206 1436 2239 poeta
1449 2210 1469 2230 a
1483 2199 1569 2236 viiio,
1583 2199 1672 2240 quod
1695 2200 1803 2242 Tigel.
1845 2224 1849 2228 .

1033 2242 1097 2273 lius
1110 2253 1280 2274 commune
1294 2243 1429 2274 habebat
1441 2253 1516 2274 cum
1531 2243 1670 2280 musicis,
1684 2243 1727 2275 ad
1742 2243 1805 2275 alia

1035 2286 1120 2322 vitia.
1157 2286 1345 2318 nominatim
1378 2287 1420 2317 ad
1455 2286 1642 2318 mutabilem
1676 2287 1805 2329 Tigellii

1034 2331 1178 2360 animum
1193 2336 1225 2361 et
1250 2329 1291 2361 ad
1314 2330 1383 2370 ejus
1406 2328 1660 2369 inconstantiam,
1683 2331 1804 2368 mnsit,

1027 2383 1073 2417 >eo
1085 2373 1215 2414 quidem
1229 2372 1368 2408 consilio.
1383 2379 1422 2404 ut
1434 2373 1479 2404 sic
1492 2372 1577 2404 viam
1590 2375 1648 2406 sibi
1663 2374 1706 2406 ad
1722 2384 1802 2423 ρξε-

1033 2423 1183 2455 ceptum:
1223 2417 1419 2448 ‘amicorum
1432 2416 1516 2453 vitia,
1532 2427 1607 2448 cum
1621 2427 1717 2449 nemo
1735 2417 1804 2448 siue

1033 2459 1117 2490 vitiis
1131 2466 1287 2497 nascatur,
1304 2470 1395 2501 aequo
1415 2459 1524 2491 auimo
1542 2460 1675 2492 ferenda
1698 2471 1775 2499 esse,
1779 2461 1802 2474 ’¹

1033 2502 1177 2533 muniat·
1168 2503 1352 2544 ,—adper
1335 2515 1430 2544 rsaepe
1454 2513 1522 2534 non
1545 2505 1689 2536 currebat
1713 2514 1803 2544 repe·

1033 2527 1179 2582 tendum:
1193 2545 1248 2576 sed
1261 2545 1338 2577 inde
1358 2546 1569 2578 eliciendum.
1594 2546 1682 2578 lento
1700 2547 1803 2590 gradu

1033 2588 1205 2624 incedebat,
1220 2589 1310 2629 quasi
1331 2596 1412 2620 esset
1432 2591 1599 2632 κιηφὸςος,
1622 2600 1696 2631 quae
1716 2600 1803 2622 sacra

1031 2631 1173 2663 Junonis
1211 2631 1245 2662 in
1280 2632 1382 2671 capite
1417 2639 1562 2673 gestaret.
1607 2633 1733 2666 Scilicet
1766 2636 1802 2665 in

1031 2675 1155 2714 pompis
1169 2674 1371 2713 solemnibus,
1386 2674 1503 2716 quales.
1525 2681 1563 2706 ut
1585 2686 1625 2706 ex
1645 2677 1706 2708 hoc
1731 2678 1802 2709 loco

1031 2724 1169 2758 apparet,
1185 2717 1219 2748 in
1233 2717 1372 2749 Junonis
1392 2727 1519 2760 quoque
1537 2719 1690 2751 honorem
1711 2721 1804 2752 insti·

1030 2762 1210 2798 tuebantur,
1226 2761 1363 2802 virgines
1378 2762 1504 2804 (κιηιφο
1496 2762 1558 2812 ’.ιὰ
1582 2773 1684 2795 sacras
1708 2765 1802 2796 cistas

1029 2804 1093 2835 sive
1109 2804 1242 2835 canistra
1256 2804 1346 2835 tardo
1370 2811 1403 2837 et
1425 2770 1504 2836 adwo
1518 2806 1680 2847 'gnitatem
1700 2818 1801 2858 quan-

1028 2847 1106 2878 dam
1119 2847 1293 2887 composito
1313 2847 1438 2880 incessu
1456 2856 1580 2888 portare
1603 2851 1775 2883 solebant'
1764 2862 1800 2882 ιιι

1029 2890 1149 2931 capioe3
1171 2890 1234 2921 vid.
1253 2893 1277 2923 S
1273 2893 1416 2932 multem
1434 2891 1475 2923 ad
1493 2892 1676 2926 Callimach.
1699 2895 1746 2926 H.
1764 2894 1799 2925 in

1031 2934 1102 2966 Cer.
1121 2945 1150 2966 v.
1172 2933 1244 2965 127.
1293 2934 1383 2967 Hinc
1407 2935 1490 2967 infra
1513 2938 1578 2968 Sat.
1606 2938 1658 2970 11.
1683 2937 1716 2969 8.
1744 2937 1796 2969 13.
