1904 3250
184 173 275 213 xxiv
291 211 295 214 ,
731 174 971 215 HORATII
1000 173 1210 212 METRA.

294 283 431 322 eodem
463 284 581 322 modo
609 291 653 323 ut
672 283 951 335 Asclepiadeus
970 282 1092 333 major
1114 282 1242 332 (num.
1262 284 1319 334 9.)
1337 296 1384 321 ex
1403 282 1660 334 Asclepiadeo
1686 284 1756 320 mi-

293 352 378 390 nori
401 353 528 403 (num.
552 354 622 405 8.),
642 353 786 392 inserto
812 352 997 390 nimirum
1017 363 1095 388 uno
1112 350 1242 388 adhuc
1259 350 1492 390 choriambo.

453 444 608 462 -υ--
713 417 1157 474 -ΙΙυυ-ΙΙ-υυ-
1265 437 1369 461 §.J-2:

454 487 563 538 Soepe
580 493 686 525 trans
693 487 812 537 finem
820 484 956 536 jaculo
973 483 1105 522 nobilis
1122 484 1299 535 expedito.
1324 485 1351 523 i.
1371 490 1406 524 8.
1430 491 1490 524 12.

294 552 335 591 Si
353 562 456 592 recte
474 568 497 592 a
516 554 573 592 Cl.
594 554 823 591 Hermanno
838 552 902 590 hic
930 565 1063 590 versus
1092 551 1194 590 inter
1217 552 1494 592 choriambicos
1521 562 1759 600 numeratur,

291 632 403 669 aequo
425 620 515 671 jure
536 618 752 670 Sapphicus
780 618 1004 668 praecedens
1034 617 1165 656 locum
1198 618 1299 656 inter
1329 618 1416 658 illos
1441 619 1616 659 obtinere
1648 633 1761 671 posse

289 684 454 722 videtur.

293 751 365 790 Est
382 752 421 789 in
442 759 565 790 metro
584 751 678 788 VII.

765 851 802 888 d.
842 852 976 889 Versus
999 850 1182 903 dactylici.

187 941 246 974 13.
285 934 428 972 Versus
446 934 660 980 Adonicus,
682 949 709 973 s.
730 934 946 985 dactylicus
965 934 1129 973 dimeter
1147 935 1366 973 catalectus.

694 1037 719 1042 -
734 1025 764 1043 υ
779 1025 809 1043 υ
918 1037 944 1042 -
957 1019 982 1042 z

672 1070 822 1109 Terruit
842 1071 978 1109 urbem.
999 1072 1022 1110 i.
1045 1077 1083 1110 2.
1105 1077 1141 1109 4.

292 1135 364 1174 Est
381 1135 422 1173 in
441 1143 566 1174 metro
584 1136 620 1172 V
625 1136 656 1173 I.

187 1208 246 1241 14.
286 1202 431 1242 Versus
450 1204 724 1243 Archilochius
742 1205 880 1250 minor,
901 1219 929 1243 s.
959 1205 1133 1244 trimeter
1164 1205 1482 1257 hypocatalectus
1495 1221 1508 1252 ;
1537 1220 1566 1244 s.
1598 1207 1760 1258 penthe-

288 1269 460 1309 mimeris
480 1270 744 1323 (πενθημιμεξὶς)
765 1270 969 1321 dactylica.

505 1369 531 1375 -
550 1357 581 1376 υ
600 1357 631 1376 υ
687 1370 713 1375 -
730 1358 762 1376 υ
780 1358 810 1376 υ
892 1370 918 1376 .-

507 1402 639 1440 Pulvis
657 1408 689 1441 el
709 1403 838 1441 umbra
857 1418 995 1442 sumus.
1027 1404 1078 1442 iv.
1101 1410 1136 1448 7.
1160 1404 1222 1444 16.

295 1468 483 1507 Horatius
502 1469 683 1519 spondeis
701 1483 779 1507 non
802 1470 934 1508 utitur.

292 1535 364 1573 Est
382 1535 423 1573 in
442 1543 566 1574 metro
588 1536 659 1574 IX.
681 1537 729 1575 cf.
749 1551 856 1575 num.
877 1544 930 1577 20
949 1545 989 1577 et
1008 1543 1085 1584 21„
1105 1547 1144 1577 et
1163 1552 1251 1589 quae
1271 1538 1326 1578 ibi
1343 1540 1542 1591 praemissa
1559 1547 1661 1578 sunt.

188 1605 247 1639 15.
291 1599 437 1639 Versus
455 1601 668 1652 dactylicus
687 1609 909 1641 tetrameter
927 1601 1149 1648 catalectus,
1170 1617 1200 1642 s.
1219 1610 1444 1643 tetrameter
1460 1604 1650 1644 heroicus.

506 1691 615 1710 -υυ
723 1692 833 1711 -uu
941 1693 1056 1712 -υυ
1164 1688 1226 1711 ..ἕ

509 1817 1215 1831 ιιιιιιιιιιιιιιιιιιιιιιιιιιιιιιιιιιιιιιιιιιιιιιιιιι

512 1910 683 1949 Carmine
696 1918 874 1964 perpetuo
893 1912 1091 1951 celebrare.
1109 1914 1134 1951 i.
1156 1918 1192 1957 7.
1212 1913 1251 1953 6.

513 1976 677 2027 Ofortes
690 1979 895 2030 pejoraque
908 1979 1026 2030 passi.
1046 1979 1071 2016 i.
1092 1984 1129 2023 7.
1150 1984 1213 2018 30.

508 2044 718 2084 Memorem
737 2046 912 2100 cohiflbent
931 2047 1122 2101 Arlchyta.
1141 2048 1166 2085 i.
1187 2052 1250 2086 28.
1271 2053 1307 2086 2.

294 2122 482 2159 Horatius
501 2136 686 2161 caesuram
706 2125 906 2164 constituit
923 2133 1012 2177 post
1033 2126 1201 2177 primam
1219 2126 1409 2178 syllabam
1427 2133 1495 2165 aut
1512 2126 1673 2165 secundi
1696 2133 1763 2165 aut

293 2191 396 2228 tertii
415 2190 525 2241 pedis
540 2206 551 2236 3
581 2193 751 2243 exceptis
771 2201 829 2231 ter
849 2194 1025 2233 versibus
1044 2195 1130 2232 odae
1149 2199 1213 2233 28,
1232 2194 1300 2233 lib.
1319 2195 1344 2232 i.

295 2259 368 2297 Est
386 2258 426 2295 in
445 2267 568 2297 metro
588 2260 706 2298 XIII.

191 2327 250 2364 16.
289 2323 434 2361 Versus
455 2322 694 2370 Alcmanius,
716 2326 783 2376 qui
802 2334 860 2365 est
878 2327 1095 2379 dactylicus
1113 2333 1339 2367 tetrameter
1355 2326 1599 2367 acatalectus.

509 2411 628 2430 -υυ
682 2413 796 2432 ...υυ
850 2415 964 2434 -υυ
1017 2415 1133 2435 ...de

295 2518 395 2558 conf.
416 2531 524 2556 num.
547 2524 606 2564 19.

191 2593 250 2629 17.
290 2587 527 2625 Hexameter
545 2586 734 2634 heroicus,
755 2589 822 2640 qui
842 2597 899 2628 est
919 2591 1141 2630 catalactus.

466 2674 578 2693 -υυ
631 2674 741 2693 -uu
794 2678 823 2685 -
899 2676 973 2695 υυ
1026 2678 1141 2697 —uu
1194 2678 1312 2698 -υυ
1365 2675 1428 2696 -ῧ

466 2731 548 2738 --
655 2731 822 2739 ———
915 2733 944 2741 —.
1013 2735 1084 2741 ——

475 2790 1306 2806 οοοοοοοοοοοοοοοοοοοοοοοοοοοοοοοοοοοοοοοοοοοοοοοοοοοοοοοοοοο

410 2883 445 2920 V
441 2896 480 2920 os
498 2882 629 2934 quibu-5·
646 2889 699 2922 est
717 2883 836 2922 virtus
854 2884 1061 2922 muliebrem
1081 2886 1192 2924 tollite
1210 2888 1354 2926 luctum.
1384 2885 1510 2938 Epod.
1534 2885 1594 2926 16.
1611 2890 1674 2931 39.

299 2946 499 2986 Interdum
520 2948 714 3000 spondeus
733 2957 792 2988 est
809 2948 850 2986 in
869 2948 959 2987 sede
980 2949 1127 3000 quinta,
1148 2951 1171 2987 i.
1194 2957 1257 2990 28.
1278 2957 1342 2991 21.
1373 2951 1498 3004 Epod.
1532 2955 1592 2990 13.
1621 2956 1669 2998 93
1703 2949 1762 2989 16·
