1904 3250
213 160 296 199 266

844 153 1170 204 HORATII'

1520 167 1678 216 [cmm.
1699 178 1785 206 vn.-

245 286 295 325 15
327 284 411 337 An,
434 287 467 327 si
489 287 581 344 quis
603 294 695 327 atro
715 286 840 327 dente
860 301 928 327 me
947 287 1153 341 petiverit,

443 356 608 398 Inultus
629 365 676 398 ut
696 356 806 398 flebo
826 354 964 411 puer?

753 568 1095 612 CARMEN
1125 570 1239 611 VII.

680 719 750 750 AD
775 696 1016 761 POPiJLUM
1042 720 1308 752 ROMANUM.

323 847 443 899 QUO,
467 862 552 904 quo
573 847 736 890 scelesti
756 848 908 891 ruitis?
926 859 1009 892 -aut
1029 865 1104 892 cur
1124 850 1309 892 dexteris

436 919 651 974 Aptantur
671 934 791 961 enses
813 919 970 961 conditi
983 919 1002 961 ?

322 988 534 1031 Parumne
555 989 713 1044 campis
734 997 859 1046 atque
882 989 1083 1046 Neptuno
1105 1005 1232 1045 super

437 1058 473 1099 F
474 1073 596 1099 usum
617 1066 680 1099 est
701 1058 842 1100 Latini
863 1057 1108 1115 sanguinis?

262 1134 288 1171 5
320 1130 419 1172 Non
440 1138 488 1172 ut
507 1131 709 1186 superbas
730 1130 884 1172 invidae
907 1130 1175 1188 Carthaginis

438 1199 655 1241 Romanus
676 1215 792 1241 arces
814 1208 977 1242 ureret:

320 1268 508 1310 Intactus
529 1276 602 1310 aut
623 1268 852 1310 Britannus
873 1276 920 1310 ut
940 1268 1213 1311 descenderet

437 1341 565 1383 Sacra
585 1348 798 1383 catenatus
819 1341 885 1382 via
898 1357 907 1382 :

202 1484 308 1516 restim
324 1484 482 1527 redegisse
495 1484 622 1516 dicitur.
692 1486 823 1520 inultus,
847 1485 902 1526 qui
925 1486 966 1516 ob

202 1528 416 1560 infirmitatem
430 1539 521 1560 suam
536 1538 601 1559 non
613 1527 721 1559 ulcisci
735 1535 836 1568 potest
850 1529 965 1560 iactam

200 1571 258 1604 sibi
272 1573 430 1614 injuriam.

421 1659 634 1696 CARMEN
658 1659 742 1691 VII.

245 1745 402 1786 Scriptum
423 1752 470 1777 est
490 1747 551 1777 hoc
572 1756 697 1778 carmen
720 1746 787 1777 sine
808 1745 905 1777 dubio
927 1755 964 1776 eo

198 1795 348 1830 tempore,
372 1800 446 1831 quo,
471 1800 555 1826 cum,
580 1790 662 1821 victo
685 1790 809 1829 Lepido
824 1797 855 1820 et
873 1790 958 1820 Sext.

198 1833 354 1872 Pompeio
367 1833 478 1866 occiso,
502 1833 602 1873 sopita
622 1832 816 1874 aliquamdiu
830 1832 963 1874 quievis-

198 1882 268 1907 sent
282 1876 363 1907 bella
377 1876 490 1914 civilia,
508 1887 624 1907 novum
646 1876 736 1912 illud,
753 1875 840 1917 quod
859 1876 900 1907 U.
921 1876 957 1907 C.

199 1919 406 1951 DCCXXI.
453 1928 562 1951 contra
615 1920 793 1951 Antonium
836 1920 964 1959 parabat

200 1963 403 2001 Octavianus,
441 1963 572 2005 gliscere
607 1963 768 2004 inciperet,
806 1969 838 1993 et
872 1963 963 2004 ignes

197 2006 306 2037 doloso
320 2007 416 2038 cineri
431 2007 583 2047 suppositi
599 2007 667 2048 jam
677 2007 744 2048 jam
761 2015 963 2046 prorumpere

196 2048 399 2080 viderentur.'
433 2050 532 2081 Poeta
546 2050 645 2092 igitur
658 2051 748 2086 nova,
767 2060 839 2091 quae
853 2050 962 2089 patriae

195 2092 411 2130 intendantur,
448 2094 554 2124 animo
590 2094 769 2133 concipiens
812 2092 961 2132 pericula,

195 2136 362 2176 populares
376 2147 449 2167 suos
462 2148 488 2167 ,a
511 2136 647 2168 nefando
665 2137 726 2167 isto
740 2135 858 2167 bellum
873 2136 964 2167 civile

195 2179 429 2221 redintegrandi
454 2180 584 2210 consilio
605 2180 649 2210 ita
670 2179 824 2210 deterrere
845 2179 959 2215 studet,

197 2230 234 2254 ut
247 2224 386 2264 primum
401 2224 483 2254 mala
498 2230 529 2254 et
543 2224 668 2260 damna,
680 2233 752 2264 quae
762 2223 844 2254 bella
859 2222 963 2253 civilia

192 2266 260 2308 jam
281 2266 453 2302 intulerint,
477 2267 515 2297 iis
541 2274 613 2298 ante
635 2268 744 2297 oculos
765 2273 882 2307 ponat;
907 2265 960 2296 de-

197 2309 282 2347 inde,
303 2319 398 2351 quam
414 2320 517 2340 coecus
532 2310 588 2341 iste
602 2310 692 2341 furor
706 2310 753 2346 sit,
770 2320 833 2351 quo
848 2319 881 2339 se
895 2319 961 2339 non

197 2360 305 2384 contra
317 2354 438 2384 hostem
453 2353 590 2394 aliquem
612 2362 788 2391 externum,
804 2352 858 2383 sed
872 2352 962 2383 saevis

196 2396 405 2434 bestiis,ndeo
427 2397 627 2427 immaniores
649 2402 758 2427 contra
780 2396 961 2435 semetipsos

197 2441 248 2481 agi
274 2440 442 2480 patiantur,
468 2443 603 2481 graviter
628 2439 793 2478 ostendat;
824 2439 968 2482 denique·

196 2483 353 2522 fatalium,
368 2494 440 2526 quae
455 2493 565 2513 eorum
581 2483 698 2514 scelera
719 2490 881 2519 maneant,
895 2493 960 2522 poe-

196 2537 310 2559 narum
325 2526 542 2569 proesagitione
557 2536 609 2557 eos
624 2526 781 2566 percellat.

241 2582 269 2602 v.
290 2568 383 2602 1—4.
411 2573 487 2607 Quo,
502 2581 562 2611 quo
577 2572 694 2601 scelesti
708 2571 784 2601 ruie-
803 2579 867 2610 quo
889 2574 959 2599 tan-

196 2614 268 2645 dem
283 2614 349 2654 rapi
364 2623 420 2644 vos
432 2613 574 2654 patimini
590 2612 707 2650 vestris,
734 2613 765 2644 O
788 2613 878 2647 cives,
894 2622 959 2642 sce-

196 2657 337 2689 leribus?
360 2659 459 2690 scelus
474 2656 579 2700 (ἄγος)
602 2656 784 2692 admittunt,
806 2662 838 2685 et
860 2655 887 2685 ei
905 2665 960 2685 ex-

196 2701 314 2742 piando
334 2712 368 2732 se
388 2700 539 2743 obligant3
560 2702 616 2741 qui
635 2699 800 2740 sanguine,
826 2698 860 2727 in
875 2698 958 2728 bello

197 2745 280 2775 civili
304 2744 386 2783 fuso,
412 2743 634 2786 inquinantur;
657 2743 732 2772 hinc
754 2751 848 2781 supra
872 2741 900 2771 I.
926 2741 955 2773 2.

197 2787 250 2819 29.
279 2787 318 2819 de
341 2788 430 2819 bellis
452 2786 612 2818 civilibus:
652 2787 713 2817 Cui
741 2786 827 2816 dabit
851 2791 957 2824 partes

195 2834 292 2863 scelus
306 2833 446 2872 eaepiamii
458 2831 581 2872 Jupiter
592 2830 610 2860 ,ἲ
633 2839 718 2860 emes
732 2830 856 2864 conditi,
873 2835 957 2866 post-

195 2885 290 2916 quam
313 2885 425 2914 nempe
453 2874 496 2906 U.
524 2874 561 2906 C.
587 2871 830 2904 DCCXVIII.
859 2870 956 2901 Pom-

197 2918 286 2958 peius
320 2917 449 2949 Antonii
473 2918 563 2959 jussu
591 2916 711 2947 occisus
745 2915 857 2952 fuerat,
890 2914 952 2945 vid.
987 2918 1023 2958 fl

198 2961 264 2993 Dio
283 2962 417 2993 XLIX.
439 2960 487 2992 18.
510 2959 591 2992 Vell.
612 2959 662 2992 11.
679 2958 732 2991 79.
749 2958 875 2990 ensibus
889 2958 953 2990 huc

1009 1485 1157 1526 usquein
1171 1484 1285 1526 vagina
1309 1484 1443 1516 conditis
1463 1495 1519 1525 per
1539 1486 1657 1527 aliquot
1671 1496 1771 1518 annos

1009 1540 1029 1560 a
1058 1529 1140 1560 bello
1164 1528 1248 1559 civili
1273 1535 1425 1559 cessatum
1454 1529 1566 1560 fuerat.
1655 1533 1771 1571 campis

1009 1580 1103 1615 atque
1125 1573 1275 1612 Neptuno
1298 1583 1366 1612 sup.
1390 1578 1471 1603 terra
1490 1573 1646 1614 marique:
1677 1584 1772 1614 supra

1010 1617 1059 1648 II.
1093 1614 1120 1646 l.
1146 1614 1199 1645 29.
1224 1615 1264 1646 de
1287 1615 1378 1646 bellis
1403 1615 1564 1648 civilibusz
1608 1619 1685 1652 Quis
1706 1629 1771 1649 non

1008 1662 1125 1692 Latino
1139 1660 1293 1700 sanguine
1309 1660 1460 1700 pinguior
1475 1662 1610 1700 campus
1623 1662 1771 1701 sepulcris

1006 1706 1101 1744 impia
1121 1704 1228 1742 proelia
1250 1704 1398 1734 Testatur
1410 1719 1456 1728 —-
1468 1705 1550 1744 quod
1570 1715 1658 1735 mare
1671 1705 1768 1736 Dau-

1007 1749 1070 1779 πίω
1087 1749 1165 1778 Νοη
1180 1748 1386 1777 decoloravere
1400 1749 1494 1778 caedes
1507 1746 1526 1776 ?

1049 1801 1078 1820 v.
1096 1787 1211 1820 5-10.
1234 1791 1311 1821 Non
1325 1795 1362 1820 ut
1375 1791 1519 1830 superbus
1532 1795 1603 1820 cett.
1620 1799 1686 1820 non
1700 1789 1771 1831 qui-

1006 1833 1078 1865 dem
1105 1839 1141 1864 ut
1169 1831 1307 1864 Romani
1331 1832 1518 1874 sanguinem
1546 1832 1639 1864 illum
1663 1840 1772 1864 contra

1005 1878 1108 1908 hostes
1136 1884 1280 1908 externos
1302 1874 1549 1914 funderentset,
1579 1876 1661 1907 sicut
1682 1877 1768 1913 olim,

1006 1921 1054 1951 vel
1076 1923 1243 1960 superbam
1268 1919 1492 1960 Carthaginem
1512 1924 1695 1956 everterent,
1719 1920 1770 1951 vel

1005 1964 1045 1995 de
1063 1964 1225 1995 Britannis
1247 1963 1429 2003 perdomitis
1442 1963 1690 2002 ‘'triumpharent.
1714 1963 1769 1994 sed

1005 2013 1043 2038 ut
1061 2007 1242 2038 Romanum
1255 2005 1423 2046 imperium
1437 2016 1475 2037 ex
1488 2014 1563 2037 voto
1582 2006 1769 2045 Parthorum

1004 2061 1038 2081 se
1059 2051 1124 2082 suis
1143 2051 1241 2091 ipsius
1262 2050 1379 2080 viribus
1399 2049 1573 2081 conficeret.
1661 2061 1769 2091 super-

1005 2095 1067 2131 bas,
1082 2094 1163 2124 refer
1177 2093 1217 2124 ad
1242 2091 1548 2133 Carthaginiensium
1570 2092 1611 2124 de
1629 2093 1769 2133 potentia

1005 2148 1063 2168 sua
1083 2138 1269 2177 superbiam.
1358 2138 1481 2174 invide,
1506 2136 1622 2167 summi
1646 2136 1768 2175 imperii

1005 2181 1138 2222 gloriam
1166 2179 1320 2212 Romanis
1343 2178 1532 2217 invidentis3
1563 2179 1638 2209 hinc
1662 2181 1767 2211 invida

1007 2226 1145 2256 Romani
1173 2225 1296 2264 imperii
1320 2224 1434 2253 oemula
1465 2223 1622 2263 Carthago
1652 2221 1768 2253 dicitur

1004 2267 1090 2307 apud
1107 2267 1232 2298 Sallust.
1255 2267 1323 2297 Cat.
1344 2264 1394 2296 10.
1455 2267 1601 2297 Inuictus
1613 2271 1670 2297 aue
1687 2267 1763 2297 Βή-

1003 2317 1092 2342 tann.
1117 2329 1161 2334 —
1182 2312 1318 2342 intactus
1339 2308 1454 2339 dieitur
1474 2310 1662 2344 Britannus,
1690 2319 1765 2339 cum

1003 2353 1147 2384 nondum
1174 2353 1314 2393 adjectus
1346 2353 1472 2392 imperio
1510 2353 1652 2383 Romano
1690 2352 1766 2394 (vid.

1004 2406 1099 2436 supra
1114 2396 1185 2427 ΙΙΙ.
1204 2396 1235 2427 5.
1253 2395 1284 2426 3.
1305 2401 1337 2426 et
1350 2394 1394 2425 ibi
1409 2394 1492 2434 not.)
1514 2393 1643 2436 integris
1662 2395 1767 2426 adhuc

1002 2441 1120 2470 viribus
1133 2439 1287 2469 resisteret
1302 2437 1464 2469 Romanis-
1519 2441 1658 2470 descend.
1675 2449 1767 2470 sacra

1004 2490 1105 2515 caten.
1129 2484 1186 2517 via,
1211 2483 1333 2512 vinctus
1357 2491 1413 2520 per
1435 2481 1518 2512 viam
1543 2481 1668 2512 Sacram
1692 2488 1765 2512 ante

1005 2536 1132 2557 currum
1149 2524 1370 2565 triumphantis
1390 2523 1566 2560 duceretur,
1589 2531 1621 2556 et
1641 2524 1715 2556 inde
1728 2525 1763 2555 in

1002 2579 1157 2601 carcerem
1173 2568 1242 2608 (ubi
1257 2567 1410 2608 supplicia
1423 2577 1443 2597 a
1457 2567 1585 2607 captivis
1598 2570 1765 2600 sumeban-

1002 2612 1068 2653 tur)
1099 2614 1302 2645 descenderet.
1352 2610 1502 2642 Laudant
1524 2611 1559 2641 in
1586 2612 1670 2642 hanc
1697 2621 1764 2643 rem

1002 2656 1108 2687 locum
1136 2655 1294 2686 Ciceronis
1319 2654 1410 2684 Verr.
1438 2653 1479 2684 V.
1504 2653 1556 2685 30.
1603 2657 1648 2686 Ae
1669 2657 1764 2687 etiam

999 2701 1054 2742 qui
1067 2700 1272 2739 triumphant,
1296 2709 1388 2739 eoque
1409 2699 1526 2729 diutius
1539 2699 1619 2730 vivos
1633 2700 1766 2730 hostium

1000 2745 1093 2774 duces
1106 2747 1243 2778 servant,
1259 2747 1307 2778 ut,
1329 2742 1375 2772 leis
1390 2751 1450 2781 per
1470 2743 1667 2782 triumphum
1687 2744 1764 2773 duc-

999 2788 1046 2823 tis,
1057 2787 1304 2826 pulcherrimum
1318 2786 1538 2825 spectaculum,
1549 2786 1764 2827 fructumque

999 2830 1132 2861 victoria
1142 2830 1276 2868 populus
1294 2830 1457 2859 Romanus
1473 2830 1632 2869 percipere
1642 2830 1736 2870 possit
1747 2842 1760 2864 ,-

999 2879 1103 2904 tamen
1124 2883 1198 2903 cum
1220 2873 1257 2902 de
1269 2872 1346 2914 soro
1369 2873 1403 2902 in
1427 2873 1607 2911 Capitolium
1628 2883 1763 2903 currum

1023 2921 1119 2947 cetere
1131 2916 1296 2955 incipiunt,
1318 2916 1384 2946 illos
1396 2916 1471 2945 duci
1484 2917 1519 2946 in
1535 2926 1687 2947 carcerem
1699 2915 1761 2955 ju·-

998 2962 1068 2991 bent
1080 2975 1091 2996 ;
1115 2960 1254 3000 idemque
1269 2961 1332 2990 dies
1353 2964 1380 2990 et
1399 2959 1562 2991 victoribus
1575 2959 1705 3000 imperii,
1730 2964 1762 2990 ce
