1904 3250
216 150 302 189 432

848 147 1149 190 HORATII

1600 156 1707 205 [ΠΒ.
1731 167 1782 196 11.

334 273 407 315 Nil
428 273 588 323 servile,
611 273 722 330 gulae
743 286 908 327 parem,
931 271 1090 314 habet?
1121 273 1258 324 Adde,
1282 275 1396 331 quod
1416 276 1527 317 idem

334 343 432 385 Non
453 343 600 384 horam
621 351 760 383 tecum
781 356 871 382 esse
891 349 1036 396 potes3
1067 356 1153 382 non
1174 342 1260 384 otia
1278 353 1390 400 recte

334 413 520 455 Ponere:
553 419 677 467 teque
698 411 836 467 ipsum
857 411 962 452 vitas
982 410 1198 468 fugitivus,
1219 420 1262 454 et
1281 428 1391 466 erro,

328 482 424 523 Jam
444 482 541 522 vino
561 495 769 536 quaerens,
785 481 876 536 jam
895 495 1043 522 somno
1063 480 1208 523 fallere
1228 497 1395 526 curam:

220 556 298 595 115
332 554 526 594 Frustra:
558 567 656 594 nam
677 568 816 595 comes
837 560 930 595 atra
948 553 1114 609 premit,
1137 554 1408 612 sequiturque
1428 556 1632 614 fugacem.

332 625 459 667 Unde
478 624 583 666 mihi
602 625 820 682 lapidem?
852 625 1070 676 Quorsum
1090 634 1153 668 est
1172 626 1311 683 opus?
1342 627 1470 675 Unde
1491 629 1692 689 sagittas?

330 697 418 737 Aut
438 696 591 738 insanit
610 697 752 749 homo,
774 706 847 740 aut
867 713 1012 741 versus
1032 697 1143 740 facit.

1207 698 1338 741 Ocius
1360 699 1458 743 hinc
1478 709 1518 744 te

330 768 385 808 Ni
407 769 532 824 rapis,
555 770 728 812 accedes
749 785 879 826 opera
898 786 1002 829 agro
1023 786 1136 813 nona
1158 771 1326 814 Sabino.

807 982 1038 1026 SATIRA
1071 983 1197 1026 VIII.

330 1124 392 1168 Ut
415 1125 634 1168 Nasidieni
649 1127 758 1183 juvit
779 1135 820 1169 te
841 1143 962 1169 coena
982 1126 1126 1170 beati?

328 1198 438 1240 Nam
459 1199 562 1240 mihi
582 1201 788 1256 quaerenti
809 1202 1029 1243 convivam
1049 1201 1186 1243 dictus
1208 1200 1308 1244 here
1330 1194 1414 1244 illic

326 1271 397 1313 De
417 1271 557 1313 medio
577 1281 723 1329 potare
745 1273 824 1314 die.

210 1433 344 1455 mercem
374 1434 475 1455 merce
503 1430 624 1456 mutare
652 1430 709 1462 est,
738 1430 804 1455 tam
828 1424 972 1461 vendere,

210 1477 307 1508 quam
332 1476 458 1506 emere;
488 1478 583 1508 supra
610 1468 673 1499 Sat.
706 1468 732 1498 Ι.
758 1467 789 1498 4.
815 1467 869 1499 29.
903 1470 969 1500 Hic

209 1516 310 1542 mutat
325 1522 451 1543 merces.
535 1513 668 1552 strigilis,
684 1512 844 1553 πλεγγίς,
864 1511 967 1542 Schol.

212 1555 310 1595 Cruq.
335 1556 582 1587 instrumentum
604 1561 649 1586 est
673 1567 806 1591 aeneum,
829 1567 888 1596 quo
918 1566 972 1586 su-

209 1600 316 1629 dorem
341 1600 439 1630 solent
464 1600 499 1629 in
526 1600 642 1630 balneis
665 1601 800 1631 homines
822 1601 975 1639 detergere

208 1643 427 1682 deradereque·
449 1641 512 1673 vid.
536 1644 685 1683 Boettiger
706 1645 896 1683 Archoeolog.
921 1644 976 1673 der

208 1686 340 1716 Materei
352 1695 384 1723 p.
403 1683 478 1715 219.

250 1738 279 1758 v.
300 1726 375 1759 112.
403 1731 523 1761 Tecum
536 1740 609 1767 esse,
625 1729 666 1761 ad
679 1735 711 1760 te
725 1729 836 1767 redire,
851 1735 884 1760 et
896 1739 974 1770 qua·

206 1770 246 1801 lis
260 1770 312 1807 sis,
327 1778 434 1802 tecum
449 1778 605 1810 reputare,
619 1773 678 1804 tibi
691 1772 800 1804 vivere.

251 1825 279 1845 v.
301 1813 376 1845 113.
394 1821 483 1856 teque
497 1816 600 1855 ipsum
624 1817 714 1851 vitas,
736 1821 768 1845 te
790 1815 894 1854 ipsum
917 1825 972 1845 ex-

206 1857 338 1898 plorare,
369 1858 402 1888 in
431 1865 463 1889 te
485 1858 589 1896 ipsum
616 1858 804 1889 descendere
828 1857 971 1899 refugis3

209 1911 304 1941 supra
326 1901 392 1933 Od.
411 1901 462 1932 11.
483 1900 534 1932 16.
554 1900 607 1932 m.
636 1903 710 1937 Quis
732 1903 817 1933 eoesul
838 1904 876 1933 Se
897 1913 972 1942 quo-

209 1957 272 1987 que
273 1946 378 1988 fugit.
455 1946 633 1986 Fugssivus,
649 1952 678 1977 et
691 1957 770 1981 erro,
786 1963 830 1970 —
845 1946 973 1986 Fugiti-

207 2001 283 2021 vum
298 1994 330 2019 et
343 1999 486 2020 erronem
500 1989 546 2019 ita
561 1988 772 2031 distinguunt,
793 1995 831 2019 ut
851 1988 906 2019 ille
921 1988 973 2025 sit,

209 2033 263 2073 qui
291 2042 457 2073 nunquam
483 2032 642 2064 rediturus
670 2032 807 2074 aufugit,
833 2031 896 2070 hic,
919 2031 974 2073 qui

208 2076 469 2117 circumagatur,
485 2082 611 2116 tempus
630 2076 666 2107 in
684 2075 772 2107 vanis
785 2077 878 2107 rebus
891 2075 974 2112 terit,

208 2129 268 2150 nec
293 2120 383 2160 justo
411 2126 553 2159 tempore
581 2119 670 2153 redit.
699 2119 744 2150 ita
770 2118 910 2160 quidem,
936 2125 974 2150 ut

206 2164 363 2203 fugitivus
377 2162 428 2200 sit,
443 2163 499 2203 qui
512 2163 597 2202 apud
619 2163 735 2195 milites
749 2165 890 2200 desertor,
905 2174 973 2194 erro

209 2216 285 2237 vero
307 2218 459 2238 emansor.
477 2223 522 2231 —-
539 2206 601 2237 Sed
625 2207 780 2238 Horatius
800 2206 974 2246 exprimere

208 2256 334 2281 tantum
358 2249 459 2280 voluit
478 2250 557 2281 hoc:
584 2250 640 2290 qui
660 2257 692 2282 te
706 2250 809 2290 ipsum
824 2249 920 2291 fugis,
942 2255 975 2280 et

207 2293 243 2323 in
256 2294 316 2324 hec
329 2293 408 2334 fuga
424 2299 457 2324 et
477 2303 579 2324 errore
600 2301 658 2324 tuo
678 2293 774 2324 modo
795 2294 858 2324 huc
878 2293 975 2324 modo

207 2336 286 2368 illuc
300 2336 411 2378 ageris.
452 2337 543 2368 Hinc
557 2337 730 2368 admodum
744 2336 859 2368 arridet
871 2336 973 2372 lectio.

208 2391 306 2421 quam
326 2390 367 2411 ex
387 2380 571 2412 auctoritate
595 2381 696 2412 Codd.
720 2380 918 2422 quorundam
940 2380 975 2411 in

209 2430 334 2455 textum
347 2423 465 2464 recepit
486 2425 575 2455 Fen.-
601 2431 690 2465 teque
703 2426 806 2465 ipsum
827 2426 903 2455 vitas
911 2425 975 2466 su-

207 2469 322 2509 gitimn
335 2473 364 2499 et
380 2478 467 2499 erras
475 2483 487 2504 ;
512 2478 586 2498 nam
601 2469 840 2510 vitasfugitimts
854 2467 976 2498 dictum

209 2517 257 2542 est
293 2521 351 2550 pro
381 2510 522 2550 simplice
544 2513 648 2554 sugis.
673 2529 718 2536 —
741 2510 902 2552 Cruquius
936 2521 975 2542 ex

214 2554 317 2587 codd.
335 2553 485 2593 protulit:
499 2556 669 2597 fugitivus,
684 2561 720 2586 ut
734 2566 812 2586 erro.

252 2608 283 2628 v.
306 2596 378 2629 115.
403 2609 482 2630 nom
503 2609 581 2629 com.
599 2604 659 2629 atr.
677 2609 776 2637 prem.
792 2609 853 2638 seq.
865 2599 972 2640 suga-

210 2653 290 2680 cem,
305 2652 402 2682 supra
425 2640 489 2673 Od.
508 2641 582 2672 ΙΙΙ.
606 2639 634 2672 l.
652 2639 705 2672 40.
742 2644 818 2673 Post
839 2644 972 2683 equitem

209 2688 290 2717 sedet
305 2691 375 2716 atra
389 2696 477 2717 cura.

253 2740 282 2759 v.
310 2727 490 2760 116-118.
521 2730 611 2761 Unde
631 2729 706 2759 mihi
724 2729 867 2768 lapidem,
890 2733 972 2758 tam-

209 2783 305 2814 quam
334 2773 433 2804 irams
461 2782 527 2803 nou
554 2771 642 2803 addit
671 2772 818 2802 verbum:
855 2777 970 2810 petam,

209 2826 344 2853 sumam,
360 2816 490 2856 rapiam.
582 2817 692 2856 opera,
708 2814 876 2854 operarius,
892 2825 972 2854 opus

209 2859 319 2891 servile
331 2858 471 2899 fa'cien33
557 2871 652 2896 nona,
674 2868 751 2899 ergo
765 2857 883 2888 familia
900 2858 970 2888 Ho-

210 2903 280 2934 ratii
295 2903 475 2936 constiterat
490 2902 592 2935 adhuc
606 2912 644 2934 ex
659 2908 731 2934 octo
743 2900 845 2932 servis.

892 1274 974 1325 Sic,
997 1282 1044 1315 ut
1064 1273 1169 1315 mihi
1187 1289 1403 1332 nunquam

1246 1424 1430 1456 SATIRA
1457 1423 1562 1455 VIII.

1061 1510 1222 1541 Lautioris
1236 1521 1335 1541 coenae
1349 1510 1436 1551 apud
1448 1510 1607 1542 hominem
1622 1511 1783 1552 quendam

1015 1553 1143 1584 divitem
1172 1553 1383 1585 Nasidienum
1397 1554 1605 1594 descriptione
1618 1561 1691 1586 ante
1705 1565 1784 1587 ocu-

1018 1597 1066 1628 los
1079 1597 1168 1636 ponit
1181 1597 1345 1638 ingenium
1361 1607 1483 1634 eorum,
1498 1597 1554 1639 qui
1567 1597 1688 1629 media-1
1700 1598 1783 1630 inter

1018 1650 1094 1679 opes
1116 1640 1242 1672 sordida
1263 1641 1392 1672 avaritia
1415 1640 1541 1675 ridiculi
1566 1640 1658 1677 fiunt.
1702 1643 1784 1684 Agit

1017 1690 1124 1715 autem
1139 1684 1181 1716 de
1195 1685 1254 1715 hac
1267 1695 1302 1714 re
1315 1695 1390 1715 cum
1404 1684 1507 1715 amico
1524 1683 1702 1723 Fundano,
1711 1686 1783 1727 jam

1017 1737 1111 1767 supra
1138 1728 1203 1758 Sat.
1233 1727 1261 1757 Ι.
1289 1726 1339 1757 10.
1367 1726 1421 1757 42.
1447 1734 1701 1764 commemorato.
1727 1731 1784 1770 qui

1017 1770 1176 1809 superiore
1191 1769 1243 1800 die
1257 1769 1343 1810 apud
1357 1769 1569 1801 Nasidienum
1581 1779 1768 1804 cenaverat.

1059 1824 1087 1843 v.
1110 1811 1138 1842 l.
1167 1815 1210 1845 Ut
1224 1819 1253 1844 te
1274 1815 1450 1851 Nasidieni,
1472 1813 1506 1844 in
1527 1813 1672 1854 pluribus
1690 1815 1780 1851 editt.

1015 1862 1053 1887 ut
1074 1862 1176 1888 metro
1197 1857 1424 1895 consuleretur,
1446 1863 1477 1889 te
1495 1863 1567 1896 post
1594 1859 1638 1890 Ut
1658 1859 1782 1890 exhibi-

1015 1907 1087 1931 tum
1100 1906 1170 1938 est3
1193 1899 1249 1931 sed
1262 1899 1296 1930 in
1310 1901 1439 1932 nomine
1460 1902 1656 1933 Nasidienus
1677 1905 1691 1934 ι’
1709 1910 1783 1943 poet

1014 1946 1036 1975 d
1060 1949 1098 1974 ut
1121 1953 1298 1974 consonans
1319 1944 1370 1975 vel
1399 1951 1437 1975 ut
1454 1945 1478 1986 j
1505 1945 1803 1984 pronunciandum-

1017 1993 1074 2025 est,
1103 1994 1142 2018 ut
1172 1986 1341 2018 Nasidieni
1364 1987 1432 2030 jam
1457 1998 1524 2019 non
1548 1988 1700 2030 quinque.
1725 1990 1781 2022 sed

1018 2038 1153 2072 quatuor
1171 2031 1362 2071 syllabarum
1384 2041 1445 2062 vox
1467 2039 1516 2068 nt,
1537 2032 1579 2063 ad
1599 2032 1781 2072 exemplum

1016 2075 1125 2111 ariete,
1146 2075 1313 2111 abietibus,
1335 2075 1455 2114 pariete
1474 2082 1562 2113 cett,
1585 2075 1647 2107 vid.
1671 2078 1778 2108 Bentl-

1019 2118 1103 2155 Quis
1117 2117 1262 2149 sordidus
1274 2118 1334 2149 iste
1342 2119 1450 2154 homo,
1463 2121 1657 2153 Nasidienus
1672 2120 1780 2162 Rufus

1017 2163 1070 2203 (ut
1083 2172 1111 2192 v.
1129 2160 1183 2192 58.
1201 2161 1331 2202 dicitur)
1347 2162 1454 2200 fua-it,
1476 2162 1526 2193 vel
1539 2162 1611 2203 qui:
1622 2162 1704 2193 aliua
1717 2164 1778 2194 sub

1015 2205 1085 2246 ejus
1098 2205 1229 2236 nomine
1242 2205 1348 2243 lateat,
1369 2205 1455 2237 malo
1474 2206 1619 2246 equidem
1641 2215 1715 2236 cum
1730 2206 1780 2248 ig-

1016 2249 1200 2280 norantibus
1213 2249 1368 2291 ignorare,
1380 2259 1476 2290 qnam
1489 2259 1578 2280 vanae
1593 2248 1781 2280 divinationi

1015 2292 1191 2334 indulgere.
1283 2294 1336 2328 Ut,
1361 2291 1531 2333 quomodo,
1560 2298 1590 2323 te
1614 2302 1658 2324 sc.
1690 2292 1779 2324 Fun-

1016 2335 1101 2373 dani,
1123 2336 1178 2377 qui
1200 2346 1291 2367 versu
1316 2334 1366 2368 19.
1383 2335 1513 2367 demum
1527 2336 1718 2367 nominatur.
1734 2355 1779 2361 —

1016 2381 1107 2416 beati,
1123 2378 1238 2416 divitis,
1254 2386 1292 2410 ut
1304 2378 1474 2419 saepissime
1486 2378 1573 2419 apud
1589 2378 1773 2412 Horatium.

1061 2434 1090 2454 v.
1108 2422 1141 2459 2,
1155 2421 1186 2453 3.
1213 2425 1303 2454 Nam
1323 2424 1401 2454 milti
1420 2423 1574 2464 quoerenti
1593 2429 1680 2460 cett,
1703 2433 1778 2459 narn

1018 2467 1096 2497 mihi
1123 2473 1155 2498 te
1177 2465 1246 2497 heri
1269 2465 1310 2497 ad
1335 2475 1457 2496 coenam
1480 2465 1604 2497 vocanti
1628 2472 1665 2496 tu
1692 2467 1778 2506 apud

1020 2509 1230 2541 Nasidienum
1244 2508 1285 2541 de
1298 2509 1404 2540 medio
1417 2508 1470 2540 die
1483 2515 1590 2548 potare
1603 2508 1706 2541 dicms
1719 2521 1774 2549 αις

1617 2555 1656 2584 de
1676 2555 1775 2588 medio

1015 2599 1074 2634 die,
1089 2607 1109 2627 a
1122 2595 1228 2627 medio
1242 2595 1347 2627 statim
1370 2595 1432 2633 die,
1447 2602 1485 2627 ut
1497 2599 1536 2628 de
1548 2603 1637 2628 nocte
1650 2607 1776 2638 stu-gere

1014 2651 1071 2680 pro
1083 2653 1092 2671 ι
1117 2639 1222 2671 statim
1240 2650 1260 2671 a
1280 2639 1386 2671 media
1405 2646 1507 2677 nocte,
1530 2640 1615 2680 apud
1632 2640 1701 2672 Cic.
1717 2650 1775 2681 pro

1015 2684 1146 2715 Muren.
1164 2682 1217 2714 33.
1234 2683 1388 2724 ejusmodi
1403 2683 1555 2721 convivia,
1576 2694 1648 2725 quae
1662 2683 1704 2715 de
1724 2683 1776 2717 die

1015 2726 1215 2766 incipiebant,
1237 2733 1269 2758 et
1283 2726 1316 2757 in
1330 2726 1464 2758 multam
1479 2734 1605 2758 noctem
1619 2727 1774 2767 produce-

1013 2772 1139 2808 bantur,
1153 2777 1303 2801 vocantur
1324 2772 1510 2811 tempestiva,
1533 2770 1575 2802 cf.
1593 2773 1722 2803 Ernest-
1739 2771 1775 2802 in

1018 2814 1104 2846 Clav.
1133 2813 1199 2845 Cic.
1226 2814 1285 2844 sub
1306 2813 1439 2844 vocibus
1455 2816 1493 2846 de
1514 2821 1546 2846 et
1566 2816 1770 2855 tempestivus.

1017 2858 1072 2889 An
1101 2863 1171 2897 post
1198 2859 1247 2889 die
1274 2857 1391 2888 excidit
1422 2857 1553 2889 fortasse
1581 2858 1640 2890 es?
1687 2858 1774 2891 Nun

1014 2901 1117 2932 finalis
1131 2900 1232 2932 littera
1246 2912 1263 2933 e
1276 2907 1308 2932 et
1322 2900 1451 2933 initialis
1470 2913 1486 2933 s
1506 2901 1597 2933 facile
1611 2911 1719 2934 vocem
1738 2912 1772 2934 es

1018 2571 1062 2579 —
1072 2556 1153 2592 here,
1170 2552 1331 2594 antiquius
1350 2562 1428 2593 pro:
1453 2554 1528 2584 lueri.
