1904 3250
663 490 1263 552 PRAEFATIO.

867 709 1097 719 ῤ’

186 879 291 938 Fm
313 894 464 946 adhuc,
485 894 630 945 fateor,
651 908 782 935 vanus
801 893 1032 949 promissor
1052 880 1130 942 vel,
1152 898 1200 933 ut
1222 891 1373 933 Cicero
1393 891 1592 948 loquitur,
1623 892 1751 931 lenm

186 981 394 1034 infitmwr.
455 977 592 1020 Lento
611 977 723 1019 enim
742 977 882 1018 animo
901 977 1073 1032 porrexi
1093 991 1228 1026 aures,
1261 991 1364 1032 quas
1397 976 1451 1017 ad
1477 991 1544 1017 me
1579 990 1753 1017 monen-

187 1059 303 1110 dum,
342 1067 391 1100 ut
427 1058 567 1100 datam
597 1057 651 1100 de
682 1056 856 1099 edendis
888 1055 1057 1098 Horatii
1100 1056 1259 1112 Satyris
1299 1064 1341 1097 et
1382 1055 1584 1112 Epistolis
1624 1055 1753 1097 fidem

187 1141 459 1193 exsolverem,
494 1156 582 1183 non
614 1140 749 1183 solum
784 1141 924 1182 Sosius
963 1140 1295 1190 Honestissima-3,
1338 1139 1412 1181 sed
1452 1140 1577 1181 etiam
1617 1139 1753 1189 amici,

188 1243 367 1286 quorum
386 1228 565 1270 multum
584 1227 698 1284 apud
718 1243 786 1269 me
816 1227 927 1269 valet
958 1228 1197 1278 auctoritas,
1229 1226 1483 1269 vellicarent.
1546 1226 1755 1276 Tandem,

189 1326 284 1354 cum
304 1319 554 1368 reputarem,
576 1326 644 1352 me
657 1312 746 1367 jam
766 1310 932 1368 longius
953 1326 979 1351 a
998 1310 1236 1352 carceribus
1257 1317 1463 1351 remotum
1494 1309 1620 1351 celeri
1649 1309 1757 1365 pede

187 1395 243 1438 ad
262 1395 419 1437 calcem
438 1394 606 1445 deferri,
638 1409 691 1437 ne
720 1394 823 1436 lenti
853 1393 1091 1436 infitiatoris
1123 1402 1224 1436 nota
1254 1393 1377 1436 famae
1407 1408 1514 1435 meae
1548 1401 1646 1449 post
1674 1393 1758 1434 fata

189 1481 437 1532 adhaereret,
458 1497 544 1524 non
564 1481 743 1537 amplius
762 1496 903 1523 moras
933 1480 1173 1531 nectendas,
1208 1480 1282 1522 sed
1314 1495 1405 1522 rem
1437 1488 1606 1522 strenue
1637 1494 1759 1535 pera-

189 1565 372 1623 gendam
391 1579 482 1606 esse
500 1563 701 1606 intellexi.
763 1563 924 1620 Adpuli
945 1565 1073 1622 igitur
1093 1564 1279 1606 animum
1299 1563 1355 1606 ad
1387 1563 1557 1606 Horatii
1589 1563 1759 1621 Satyras

190 1651 235 1686 et
273 1643 484 1700 Epistolas
519 1642 643 1685 simili
676 1642 777 1693 fere,
815 1658 900 1700 quo
934 1643 1134 1685 Carmina
1167 1643 1336 1685 Horatii
1367 1643 1523 1700 Lyrica
1551 1642 1761 1685 illustrare

192 1726 347 1777 studui,
396 1727 695 1770 conmentario
744 1726 1022 1771 instruendas.
1105 1728 1219 1770 Ante
1268 1727 1412 1771 oculos
1453 1734 1593 1770 autem
1633 1726 1762 1769 habui

192 1811 382 1866 inprimis
401 1811 558 1852 tirones
578 1819 620 1853 et
639 1810 844 1866 ejusmodi
866 1810 1035 1854 Horatii
1054 1811 1247 1862 lectores,
1269 1812 1342 1868 qui
1367 1819 1506 1867 poetae
1536 1812 1761 1855 sententias

194 1909 421 1951 earumque
452 1909 609 1936 nexum
642 1894 781 1949 potius
813 1895 1052 1951 perspicere
1084 1904 1127 1937 et
1159 1896 1376 1946 imbibere,
1398 1910 1527 1952 quam
1546 1895 1691 1937 doctas
1721 1903 1763 1936 et

191 1978 355 2023 criticas
374 1977 676 2033 disputationes
697 1978 902 2033 inspicere
922 1987 965 2020 et
986 1993 1240 2036 cognoscere
1261 1980 1449 2035 cupiunt,
1484 1978 1639 2021 similes
1674 1978 1762 2020 fere

196 2060 441 2111 sitientibus,
463 2061 535 2117 qui
554 2075 630 2102 ora
659 2075 734 2101 sua
762 2059 924 2101 malunt
954 2075 1062 2116 pura
1094 2061 1387 2116 praetereuntis
1418 2061 1496 2101 rivi
1526 2076 1635 2118 aqua
1665 2075 1763 2117 pro-

196 2143 327 2194 luere,
348 2158 474 2200 quam
494 2152 616 2186 antea
635 2144 688 2186 de
707 2143 815 2194 loco,
837 2144 911 2185 ubi
941 2143 1035 2186 fons
1067 2145 1146 2186 rivi
1179 2145 1319 2196 lateat,
1350 2145 1527 2188 sollicite
1559 2159 1760 2202 quaerere.

200 2222 370 2266 Horum
388 2223 593 2266 lectorum
612 2225 740 2282 igitur
759 2231 953 2280 respectu
972 2224 1117 2267 habito
1150 2226 1336 2281 primum
1368 2239 1540 2281 operam
1576 2225 1688 2274 dedi,
1718 2231 1765 2265 ut

42 2295 49 2302 '
114 2323 120 2327 ·
198 2314 374 2357 textum,
395 2316 598 2363 quantum
617 2307 710 2349 fieri
728 2316 883 2364 posset,
904 2308 1172 2350 emendatum
1192 2316 1235 2350 et
1261 2324 1287 2350 a
1309 2309 1418 2351 vitiis
1449 2307 1764 2366 typographicis

199 2398 425 2448 purgatum
444 2390 677 2432 redderem.
736 2391 832 2433 Jam
852 2406 966 2442 vero,
988 2407 1085 2434 cum
1104 2393 1148 2434 in
1171 2392 1341 2435 Horatii
1371 2392 1531 2448 Satyris
1562 2400 1604 2433 et
1640 2390 1763 2445 Epis-

199 2470 294 2512 tolis
314 2478 399 2512 tam
419 2478 580 2513 veteres
602 2471 797 2523 Codices,
818 2488 946 2529 quam
965 2475 1149 2531 antiquae
1178 2475 1515 2531 recentioresque
1547 2472 1764 2514 Editiones

199 2552 353 2595 mirum
371 2553 416 2595 in
434 2553 609 2596 modum
628 2554 817 2598 lectionis
847 2557 1047 2599 varietate
1075 2557 1186 2599 inter
1217 2572 1262 2599 se
1297 2557 1547 2613 discrepent,
1582 2570 1652 2597 eas
1681 2555 1766 2597 lec-

199 2633 347 2685 tiones,
369 2651 464 2692 quae
485 2637 715 2678 secundum
734 2638 897 2680 additas
918 2640 1099 2681 rationes
1127 2639 1401 2696 praeferendae
1432 2639 1535 2681 mihi
1566 2638 1764 2681 videban-

199 2723 269 2756 tur
300 2718 474 2768 caeteris,
510 2718 649 2776 delegi
680 2728 722 2761 et
753 2729 919 2762 secutus
955 2737 1059 2763 sum.
1075 2749 1134 2754 -—
1147 2721 1240 2764 Nec
1268 2722 1523 2764 mediocrem
1553 2722 1598 2763 in
1626 2722 1765 2764 verbis

203 2799 304 2842 scite
322 2800 431 2844 inter
450 2816 495 2844 se
515 2802 785 2846 conciliandis
805 2812 848 2847 et
866 2812 963 2860 apte
987 2804 1293 2862 distinguendis
1328 2820 1471 2847 curam
1502 2805 1637 2861 posui,
1668 2807 1766 2863 quia

1067 2873 1090 2903 8
