1904 3250
213 141 292 179 160

838 138 1142 183 HORATII

1573 145 1681 192 [Lm.
1706 155 1774 184 111.

745 331 1085 375 CARMEN
1130 333 1249 377 XII.

801 482 871 512 AD
896 482 1182 513 NEOBULEN.

326 613 614 654 MlsEnARUM
635 618 711 660 est,
734 624 869 666 neque
893 610 1043 651 Amori
1064 610 1165 652 dare
1185 611 1346 664 ludum,
1368 628 1503 670 neque
1523 614 1636 656 dulci

324 685 443 726 Mala
463 684 560 725 vino
580 683 742 725 lavere:
775 691 847 724 aut
867 684 1098 736 exanimari
1118 693 1349 728 metuentes

324 757 493 797 Patruae
513 755 690 796 verbera
708 754 878 811 linguae.
898 756 911 778 '·
941 753 1041 796 Tibi
1063 755 1236 811 qualum
1259 755 1481 813 Cythereae

324 829 436 870 Puer
456 828 554 879 ales,
578 828 653 870 tibi
674 827 790 878 telas,
814 842 1090 885 operosaeque
1112 827 1321 871 Minervae

201 985 260 1016 que
269 984 326 1014 per
348 975 452 1005 undas
474 975 578 1005 Notus
591 974 718 1010 vocabit,
740 979 796 1004 aut
807 980 968 1014 protervus

202 1019 343 1061 Africus.

201 1062 326 1099 ferunt;
358 1059 485 1102 gravius
513 1059 617 1101 igitur,
642 1070 757 1099 quam:
791 1060 906 1091 ferunt.
924 1079 969 1086 —

210 1107 325 1143 Venus,
363 1104 537 1135 amantium
574 1110 713 1144 patrona.
803 1110 832 1135 et
868 1111 963 1136 nostr.

200 1161 293 1180 mem.
319 1150 433 1189 sepulc.
462 1149 556 1188 scalp.
583 1149 749 1189 querelam,
778 1158 874 1188 quam
903 1148 967 1179 ele-

201 1192 329 1232 ganter!
357 1202 414 1232 pro
435 1191 578 1233 vulgari:
605 1198 637 1222 et
657 1191 792 1231 sepulcri
813 1192 878 1223 mei
899 1202 967 1223 mo—

199 1243 354 1267 numento
368 1235 489 1267 tristem
499 1235 534 1265 in
544 1234 728 1266 memoriam
741 1235 839 1266 nostn‘
853 1236 967 1267 amoris

200 1279 342 1319 insculpe
355 1279 496 1311 titulum.

417 1345 478 1377 CA
485 1344 630 1376 RMEN
658 1344 747 1375 XII.

243 1411 414 1448 Neobules,
431 1410 484 1441 cui
497 1410 601 1450 patrui
614 1409 709 1440 minae
724 1416 756 1441 et
770 1410 964 1452 objurgatio-

200 1465 267 1492 neS,
297 1454 383 1496 quod
411 1454 584 1485 formosum
622 1453 779 1494 quendam
812 1454 964 1495 juvenem

199 1500 333 1535 amabat,
349 1497 588 1529 extimescendae
610 1504 707 1533 eraut,
731 1497 876 1528 miseram
897 1508 964 1528 sor-

199 1549 264 1573 tem
279 1541 373 1572 dolet.
423 1540 654 1572 Sententiarum
671 1547 772 1571 nexus
786 1541 881 1582 hujus
894 1543 964 1571 bre-

198 1585 292 1616 ‘vioris
313 1584 469 1622 carminis,
497 1594 591 1624 super
613 1583 705 1625 cujus
730 1584 861 1615 consilio
883 1583 963 1615 mira

198 1628 368 1660 commenti
396 1634 471 1659 sunt
498 1628 691 1668 interpretes,
721 1634 767 1658 est
787 1628 861 1659 ‚fere
889 1627 957 1659 hic:

199 1673 362 1704 “Miserae
390 1672 530 1712 profecto
559 1678 635 1702 sunt
658 1671 784 1711 puellae,
808 1681 880 1712 quae
903 1681 963 1702 nec

197 1721 313 1752 mant,
337 1727 396 1748 nec
418 1715 490 1746 vino
512 1725 603 1746 curas
621 1716 773 1756 abigunt3
796 1722 829 1746 at
843 1714 966 1745 miserae

198 1770 324 1801 quoque
339 1766 414 1791 sunt
427 1759 501 1796 illae,
524 1769 597 1800 quae
618 1758 747 1800 quidem
768 1765 887 1795 amant,
910 1758 965 1789 sed

197 1810 286 1834 metu
301 1809 333 1834 et
346 1802 567 1838 sollicitudine,
579 1812 641 1843 qua
653 1802 756 1842 patrui
771 1802 965 1833 severitatem

197 1853 230 1877 et
249 1847 358 1888 jurgia
381 1852 601 1887 expavescunt,
630 1845 819 1877 cruciantur.
869 1846 965 1888 Ejus-

197 1890 284 1921 modi
298 1890 405 1930 puella
419 1889 532 1921 misera
553 1897 590 1921 tu
603 1899 730 1930 quoque
745 1900 787 1926 es,
807 1889 967 1927 Neobule,

197 1934 276 1965 dum
294 1934 453 1972 Hebrum,
477 1941 542 1965 tam
564 1932 776 1973 pulcritudine
797 1944 893 1975 quam
911 1933 965 1975 ju-

195 1976 351 2009 venilibus
366 1979 485 2009 artibus
504 1977 672 2019 insignem,
694 1976 816 2017 perdite
838 1977 961 2008 amas.”

196 2040 241 2048 --
251 2022 336 2052 Nam
351 2032 425 2053 cum
446 2022 480 2052 in
495 2021 616 2052 verbis:
641 2027 698 2052 aut
712 2022 886 2052 exanimari
899 2033 965 2053 me-

196 2071 317 2098 tuentes
328 2072 453 2106 patruae
465 2067 589 2097 verbera
603 2067 732 2106 lingue,
744 2074 809 2095 non
824 2074 965 2105 quasque

196 2109 272 2141 alias
286 2109 416 2148 puellas,
433 2110 486 2140 sed
506 2108 698 2149 peculiarem
722 2108 886 2139 Neobules
900 2118 966 2138 sor-

196 2159 263 2185 tem
285 2152 455 2193 respexisse
477 2151 620 2184 videatur
641 2157 744 2192 poeta,
767 2152 808 2183 ad
830 2162 867 2183 ea
885 2162 965 2194 quo-

196 2207 270 2239 que,
293 2202 444 2238 tanquam
469 2206 607 2233 causam,
630 2206 702 2237 quae
725 2195 876 2226 miserum
897 2194 965 2236 ejus

198 2250 336 2272 amorem
360 2240 518 2277 reddebat,
541 2238 745 2277 continentia,
761 2239 796 2269 in
810 2239 964 2271 constitu-

196 2283 281 2325 endo
293 2283 390 2325 hujus
404 2283 550 2314 carminis
571 2283 702 2314 consilio
725 2282 845 2314 adverti
859 2282 961 2314 debet.

196 2346 242 2354 -
257 2327 407 2360 ceterum
425 2327 582 2358 Horatius
603 2328 637 2357 in
659 2328 718 2357 hoc
740 2326 879 2357 carmine
900 2336 964 2357 non

195 2379 265 2403 tam
301 2370 511 2402 Anacreontis
548 2370 719 2413 (XLVI.)
755 2370 960 2401 sententiam:

200 2415 338 2448 Xanaezn
353 2414 388 2446 τὶ
401 2415 442 2454 μὴ
459 2416 591 2454 palicas,
611 2414 750 2455 χαλετδν
765 2412 793 2446 δὶ
809 2414 863 2444 καὶ
877 2415 965 2455 φιλῆ-

197 2472 259 2496 eac,
283 2467 379 2501 quam
409 2457 508 2488 alium
534 2458 692 2498 quendam
717 2463 841 2497 poetam
875 2458 965 2488 Grae-

197 2512 286 2540 cum,
301 2511 397 2543 quem
418 2507 484 2532 tota
507 2501 603 2542 hujus
625 2501 771 2531 carminis
792 2500 915 2532 indoles
936 2506 968 2532 et

198 2545 300 2577 oratio
314 2544 388 2576 satis
407 2550 513 2585 aperte
534 2543 650 2583 prodit,
673 2544 858 2584 expressisse
879 2543 966 2575 vide-

196 2596 260 2620 tur.
272 2606 317 2614 --
330 2589 383 2620 De
396 2587 546 2630 singulari
569 2588 665 2629 hujus
686 2587 832 2618 carminis
852 2594 963 2624 metro,

199 2639 232 2664 et
258 2633 390 2670 diversa,
417 2641 481 2673 qua
508 2630 590 2662 illud
618 2631 652 2661 in
685 2631 767 2662 Vett.
803 2631 905 2663 Codd.
933 2637 967 2662 et

201 2676 305 2708 Editt.
323 2675 500 2707 exhibitum
513 2681 547 2706 et
560 2673 751 2714 descriptum
772 2675 821 2712 sit,
845 2675 967 2706 ratione

198 2720 324 2760 copiose
338 2719 404 2761 egit
415 2720 492 2753 Jam’
506 2717 540 2748 in
556 2718 691 2749 Excurs.
712 2717 741 2748 Ι.
760 2719 800 2749 ad
815 2719 846 2748 h.
866 2718 888 2749 1.

242 2775 271 2794 v.
307 2762 399 2794 1-3.
427 2763 621 2796 Miserarum
647 2767 692 2792 est
718 2771 760 2792 sc.
786 2761 964 2801 puellarum

198 2807 348 2839 conditio.
428 2807 539 2838 Amori
551 2807 666 2838 ludum
680 2807 764 2840 dare,
782 2805 962 2846 significan-

199 2851 263 2882 tius
283 2861 341 2891 pro
362 2849 504 2892 vulgari:
529 2858 652 2887 amare3
675 2858 748 2879 nam
770 2849 825 2889 qui
847 2855 963 2886 amant,

199 2893 275 2925 ludo
297 2895 432 2937 jocoque
457 2902 540 2934 saepe
563 2898 638 2924 suut
663 2891 788 2928 Amori,
810 2891 859 2922 vel
882 2891 964 2922 ludi-

196 2937 301 2969 brium
316 2939 344 2970 ei
359 2937 496 2976 debent3
523 2935 596 2970 hinc
611 2946 696 2978 supr.
718 2935 747 2968 1.
764 2934 818 2967 33.
839 2933 889 2975 ll,
911 2934 959 2968 12.

1013 975 1145 1006 Venus:
1170 977 1303 1017 impares
1318 977 1454 1007 Formas
1467 981 1560 1017 atque
1579 976 1698 1008 animos
1716 978 1775 1007 sub

433 1018 575 1057 rapiunt,
599 1015 739 1047 celeriter
763 1016 837 1048 hinc
858 1023 890 1048 te
911 1029 967 1049 au·
1002 1020 1086 1060 juga
1101 1031 1199 1051 aenea
1222 1023 1303 1051 Soevo
1325 1020 1446 1051 mittere
1467 1030 1542 1051 cum
1553 1019 1626 1059 joco
1647 1018 1770 1050 dicitur.

1011 1081 1056 1088 —
1069 1065 1152 1094 mala
1179 1065 1247 1094 vino
1271 1064 1381 1100 lavere,
1407 1064 1550 1105 (antique
1575 1073 1632 1102 pro
1659 1064 1773 1101 lavare,

1011 1114 1049 1138 ut
1072 1117 1156 1147 supr.
1185 1106 1257 1137 ΙΙΙ.
1273 1105 1309 1138 4⁴..
1332 1105 1404 1147 61.)
1426 1117 1517 1137 curas
1537 1106 1612 1137 vino
1632 1105 1773 1144 diluere3

1011 1152 1106 1182 Siccis
1127 1151 1233 1181 omnia
1256 1161 1333 1182 nam
1356 1151 1408 1193 (ut
1430 1150 1547 1181 Noster
1566 1159 1651 1190 supr.
1671 1150 1702 1180 1.
1721 1148 1771 1180 18.

1010 1194 1041 1225 3.
1059 1193 1091 1224 4.
1110 1193 1276 1234 loquitur‚)
1291 1196 1371 1226 dura
1385 1196 1476 1226 Deus
1484 1196 1642 1235 proposuit
1646 1209 1658 1230 ;
1675 1204 1775 1235 neque

1010 1240 1174 1270 Mor-daces
1213 1239 1303 1269 aliter
1338 1239 1509 1282 diffugium
1545 1238 1772 1269 sollicitudines.

1013 1282 1164 1313 Ceterum
1185 1291 1259 1312 cum
1274 1291 1330 1320 per
1344 1281 1408 1312 vini
1422 1287 1534 1320 potum
1547 1291 1566 1312 a
1580 1280 1680 1320 poetis
1693 1291 1776 1321 saepe

1009 1325 1056 1356 nil
1071 1325 1130 1356 nisi
1145 1325 1299 1356 hilarioris
1316 1331 1348 1355 et
1357 1324 1554 1366 jucundioris
1568 1323 1640 1355 vitae
1653 1324 1777 1355 fructus

1009 1368 1166 1411 designari
1180 1368 1287 1406 soleat,
1306 1368 1374 1409 jam
1396 1378 1462 1399 non
1481 1368 1521 1400 de
1535 1367 1774 1407 compotationi-

1006 1414 1078 1451 bus,
1103 1412 1262 1455 (quamvis
1283 1412 1414 1443 leviores
1432 1411 1575 1452 inprimis
1595 1411 1717 1451 puellas
1737 1410 1776 1441 iis

1006 1456 1185 1488 interfuisse
1210 1462 1340 1492 constat,
1367 1455 1407 1486 cf.
1436 1465 1521 1495 supr.
1555 1454 1608 1486 ΙΙ.
1640 1453 1690 1485 ll.
1717 1453 1771 1486 21.

1006 1500 1090 1531 infra
1114 1499 1186 1531 ΙΙΙ.
1218 1498 1267 1530 14«.
1297 1498 1365 1540 21.)
1391 1498 1447 1530 sed
1471 1498 1505 1529 in
1530 1498 1712 1529 universum
1734 1499 1775 1529 de

1007 1543 1080 1574 vitae
1094 1543 1250 1574 hilaritate
1271 1542 1478 1585 cogitandum
1499 1548 1555 1573 est.
1644 1548 1703 1574 aut
1724 1553 1776 1573 ex-

1005 1588 1105 1618 anim.
1123 1594 1218 1627 metu.
1238 1589 1330 1618 Patr.
1355 1587 1435 1618 verb.
1460 1588 1536 1627 ling.
1562 1586 1592 1616 h.
1612 1595 1639 1616 e.
1658 1591 1714 1616 aut
1736 1595 1775 1616 ex

1007 1630 1105 1661 altera
1119 1636 1207 1670 parte
1221 1640 1283 1667 eas,
1300 1640 1371 1671 quae
1382 1630 1480 1660 amori
1495 1636 1527 1660 et
1541 1629 1614 1659 vitae
1627 1628 1776 1660 hilaritati

1008 1673 1187 1715 indulgent,
1217 1672 1295 1703 dum
1331 1673 1436 1712 patrui
1471 1672 1703 1714 objurgationes
1737 1672 1776 1703 iis

1010 1716 1189 1748 metuendae
1202 1722 1288 1754 sunt,
1302 1716 1377 1758 angi
1399 1722 1431 1747 et
1451 1716 1621 1748 sollicitari.
1710 1718 1777 1748 Pa-

1008 1767 1092 1792 truae
1107 1761 1186 1792 verb.
1201 1762 1278 1800 ling.
1292 1759 1474 1790 convicisset
1483 1758 1650 1800 opprobria
1661 1759 1775 1800 pauni.

1012 1803 1163 1835 Similiter
1187 1803 1287 1835 Cicer.
1311 1802 1350 1835 ad
1373 1803 1449 1834 Div.
1469 1803 1550 1834 XV.
1569 1801 1619 1834 16.
1645 1805 1776 1835 convicio

1009 1849 1166 1880 verberare
1188 1846 1280 1878 dixit.
1329 1846 1521 1878 Patruorum
1535 1854 1653 1884 antem,
1666 1853 1706 1877 ut
1718 1847 1776 1877 ho·

1010 1891 1135 1922 minum
1149 1890 1367 1932 querulorum,
1391 1896 1423 1921 et
1443 1889 1575 1921 fratrum
1596 1890 1710 1921 liberos
1726 1890 1775 1920 in-

1007 1935 1117 1975 primis
1151 1933 1283 1965 assiduis
1315 1933 1586 1976 objurgationibus
1612 1933 1777 1974 increpan-

1007 1979 1090 2009 tium
1115 1984 1148 2009 et
1171 1977 1402 2019 castigantium,
1428 1978 1544 2018 passim
1569 1976 1606 2008 fit
1633 1977 1775 2014 memi0;

1007 2022 1048 2054 cf.
1073 2024 1216 2054 Torrent-
1234 2021 1275 2053 ad
1296 2021 1328 2052 h.
1345 2020 1368 2052 l.
1386 2027 1419 2052 et
1431 2031 1512 2062 quos
1525 2020 1633 2052 laudat
1654 2022 1777 2053 Erm-

1008 2068 1071 2098 tius
1093 2066 1127 2096 in
1145 2065 1233 2097 Clav.
1255 2065 1322 2096 Cic.
1341 2075 1367 2095 s.
1383 2075 1412 2095 v.
1427 2071 1563 2106 patruus
1572 2081 1585 2102 ,-
1608 2064 1684 2096 hinc
1703 2074 1775 2104 pro-

1009 2109 1139 2141 verbiali
1153 2108 1313 2140 locutione
1328 2118 1454 2140 severus
1474 2118 1600 2139 morum
1621 2117 1731 2139 censor
1744 2114 1776 2139 et

1009 2153 1177 2194 castigator
1186 2159 1326 2193 patruus
1340 2151 1444 2183 dictus
1457 2157 1522 2189 est;
1544 2151 1617 2182 infr.
1637 2151 1701 2182 Sat.
1721 2151 1773 2182 11.

1008 2196 1039 2228 3.
1058 2196 1113 2228 88.
1140 2198 1194 2228 Ne
1207 2198 1247 2228 sis
1255 2202 1394 2236 patruus
1407 2196 1494 2226 mihi.

1050 2251 1079 2272 v.
1104 2237 1223 2271 3-10.
1254 2240 1324 2271 Tibi
1345 2240 1429 2280 qual.
1456 2240 1577 2280 Cyther.
1601 2242 1673 2269 cett.
1690 2237 1775 2277 vide,

1007 2294 1103 2326 quam
1117 2283 1243 2324 egregie
1264 2288 1358 2322 poeta
1379 2281 1542 2323 vulgarem
1563 2281 1771 2313 sententiam:

1010 2333 1031 2348 ‘⁶
1043 2335 1079 2360 m
1093 2335 1182 2359 amas
1196 2325 1369 2359 Hebrum'’
1392 2331 1533 2363 exornat,
1549 2324 1630 2356 dum
1645 2325 1779 2357 Neobu-

1008 2371 1071 2408 len,
1094 2380 1178 2411 quae,
1205 2370 1318 2400 Hebro
1342 2375 1522 2409 conspecto,
1551 2379 1632 2408 opus
1659 2369 1774 2406 statim,

1008 2413 1092 2456 quod
1107 2420 1229 2450 tractat,
1251 2412 1465 2449 intermittere,
1488 2419 1521 2443 et
1541 2412 1642 2444 oculis
1655 2411 1777 2444 animo-

1009 2468 1071 2500 que
1086 2457 1120 2488 in
1135 2467 1174 2488 eo
1187 2457 1255 2488 solo
1268 2455 1384 2487 morari
1399 2456 1539 2497 fingitur,
1554 2455 1626 2487 viva
1637 2456 1777 2499 imagine

1007 2507 1046 2533 ut
1074 2500 1195 2541 perdite
1230 2507 1390 2531 amantem
1425 2499 1516 2531 nobis
1551 2499 1772 2539 repraesentat!

1011 2546 1204 2584 Comparant
1218 2542 1416 2574 dulcissimos
1437 2543 1471 2573 in
1493 2544 1575 2574 hanc
1587 2553 1655 2573 rem
1669 2552 1776 2574 vernis

1011 2589 1165 2629 Sapphus,
1188 2589 1302 2630 (Anal-
1326 2588 1470 2620 Brunclc.
1498 2587 1528 2618 l.
1553 2597 1586 2627 p.
1603 2585 1674 2627 56.)
1698 2592 1775 2618 Γλυ-

1008 2635 1074 2664 ιιΐα
1095 2634 1203 2673 ptine,
1232 2630 1307 2662 οὗτοι
1330 2630 1463 2670 Δύναμαι
1485 2631 1593 2675 agitur
1617 2630 1664 2661 σὺ
1685 2630 1774 2667 ἔστὶν,

1010 2676 1090 2717 Πίόᾳ
1112 2674 1237 2715 zap-Tea
1259 2673 1358 2710 τωδὶς
1380 2673 1508 2706 Ῥαδηὸν
1531 2673 1564 2705 δι’
1589 2672 1771 2716 Ἀφροδίταν.

1006 2725 1039 2750 et
1053 2718 1173 2750 Incerti
1191 2717 1303 2759 Epigr.
1324 2717 1424 2749 LIX.
1442 2716 1475 2756 3,
1490 2715 1523 2748 4.
1550 2717 1652 2748 Antia.
1674 2717 1776 2748 Graec.

1008 2762 1049 2795 T.
1068 2762 1132 2794 IV.
1150 2772 1181 2802 p.
1205 2760 1277 2792 129.
1366 2762 1507 2803 qualum,
1523 2759 1693 2798 calathum,
1709 2759 1775 2790 sive

1007 2805 1175 2838 canistrum
1192 2804 1376 2841 vimineum,
1391 2804 1424 2836 in
1438 2813 1503 2845 quo
1515 2803 1665 2835 mulieres
1679 2813 1774 2844 pensa

1009 2860 1066 2881 sua
1090 2859 1240 2889 reponere
1263 2847 1376 2879 solent.
1464 2849 1527 2879 ales
1548 2857 1624 2888 pm:
1649 2847 1772 2884 alatuu

1008 2901 1046 2924 ut
1059 2892 1132 2924 infr.
1152 2893 1216 2923 IV.
1234 2891 1282 2923 ll.
1301 2891 1355 2923 26.
1396 2894 1534 2933 Pegasus
1547 2892 1619 2922 ales.
1706 2891 1772 2922 Mi-

1007 2947 1112 2971 nervae
1146 2938 1295 2973 studium,
1325 2940 1408 2968 artes
1444 2934 1622 2972 muliebres,
1657 2933 1772 2976 quibem
