1904 3250
216 215 218 218 7
236 165 321 206 340

868 162 1172 205 HORATII

1650 167 1758 216 [Lm.
1783 177 1815 205 ι.

355 287 466 330 Nam
488 297 534 330 ut
555 290 731 345 quisque
753 289 923 329 insanus
944 289 1076 345 nigris
1096 288 1282 331 medium
1302 290 1493 346 impediit
1513 304 1609 331 crus

354 357 554 409 Pellibus,
577 365 620 399 et
638 357 771 399 latum
791 357 960 399 demisit
978 365 1150 413 pectore
1170 357 1359 409 'clavum3

353 430 488 472 Audit
508 430 734 472 continuo:
769 429 878 480 Quis
899 430 1028 472 homo
1048 430 1132 481 hic,
1154 438 1227 472 aut
1247 446 1331 487 quo
1351 440 1471 488 patre
1491 427 1647 474 natus?

263 503 319 540 30

354 499 429 550 Ut,
453 500 487 540 si
508 499 580 555 qui
601 506 792 556 aegrotet,
815 515 900 556 quo
920 499 1071 541 morbo
1093 499 1267 550 Barrus,
1288 500 1436 543 haberi

354 570 411 612 Et
431 570 574 625 cupiat
593 569 816 621 formosus,
839 577 908 612 eat
926 585 1205 627 quacumque,
1226 570 1379 626 puellis

353 639 519 696 Injiciat
539 654 683 681 curam
705 639 925 696 quaerendi
945 640 1137 697 singula:
1169 639 1283 696 quali

354 711 418 754 Sit
437 711 556 762 facie,
580 727 690 763 sura,
713 713 828 769 quali
847 712 970 772 pede,
993 713 1132 764 dente,
1155 712 1332 769 capillo:

355 783 438 834 Sic,
461 784 533 840 qui
553 785 774 840 promittit,
798 785 913 836 civis,
936 785 1084 827 urbem
1106 785 1186 827 sibi
1207 800 1334 835 curae,

264 857 319 894 35

352 852 586 910 Imperium
606 853 710 906 fore,
733 862 776 896 et
798 855 977 906 Italiam,
999 863 1042 897 et
1062 855 1240 897 delubra
1260 855 1481 907 Deorum3

352 926 455 976 Quo
474 934 595 983 patre
616 928 670 969 sit
689 936 826 979 natus,
848 943 951 970 num
972 929 1118 985 ignota
1136 936 1270 970 matre
1290 928 1550 979 inhonestus,

354 994 516 1038 Omnes
536 997 735 1039 mortales
757 1013 906 1040 curare
926 1005 968 1040 et
988 1013 1179 1055 quaerere
1200 998 1326 1056 cogit,

354 1064 479 1106 Tune
503 1066 612 1123 Syri,
634 1065 803 1118 Damae,
826 1076 899 1110 aut
919 1066 1103 1125 Dionysi
1123 1067 1249 1118 filius,
1272 1067 1402 1109 audes

354 1135 551 1192 Dejicere
571 1153 595 1179 e
616 1152 720 1179 saxo
741 1138 866 1189 cives,
889 1146 961 1180 aut
980 1138 1148 1179 tradere
1172 1136 1368 1179 Cadmo?

265 1208 322 1245 40

354 1206 415 1247 At
437 1205 600 1248 Novius
621 1207 785 1266 collega
804 1208 942 1265 gradu
961 1216 1059 1264 post
1078 1223 1147 1249 me
1168 1207 1286 1249 sedet
1305 1222 1403 1250 uno.

355 1278 552 1336 Namque
573 1287 637 1322 est
655 1280 739 1331 ille,
761 1290 882 1337 pater
903 1281 1018 1338 quod
1038 1289 1130 1323 erat
1148 1296 1281 1322 meus.

1349 1280 1448 1323 Hoc
1468 1281 1545 1323 tibi
1568 1280 1754 1330 Paullus,

356 1351 413 1393 Et
435 1351 624 1394 Messala
643 1353 833 1396 videris?
863 1362 906 1396 at
925 1354 1008 1406 hic,
1031 1355 1065 1396 si
1085 1354 1248 1411 plostra
1267 1354 1462 1405 ducenta,

356 1421 707 1480 Concurrantque
725 1423 821 1465 foro
841 1425 923 1466 tria
942 1424 1103 1475 funera,
1125 1439 1280 1482 magna
1299 1424 1478 1474 sonabit,

355 1491 529 1534 Cornua
549 1493 664 1549 quod
684 1493 907 1550 vincatque
928 1494 1073 1535 tubas:
1106 1494 1253 1535 saltem
1274 1501 1388 1535 tenet
1407 1493 1490 1535 hoc
1510 1508 1600 1535 nos.

263 1564 321 1603 45
354 1559 481 1603 Nunc
502 1562 556 1604 ad
577 1577 645 1604 me
666 1563 795 1605 redeo
814 1563 1012 1606 libertino
1031 1570 1152 1620 patre
1171 1571 1331 1614 natum,

234 1712 305 1732 vero
322 1702 442 1733 Caesare
455 1703 569 1742 recepit
583 1703 699 1734 iterum
713 1704 814 1734 latum
828 1704 950 1734 clavum
972 1704 1002 1732 Ιι.

233 1756 261 1777 e·
290 1746 478 1776 senatoriam
509 1747 692 1786 dignitatem
717 1746 858 1788 (insigne
882 1752 1005 1776 senato-

235 1788 335 1828 rum),
347 1794 378 1820 et
392 1790 540 1820 tribunus
554 1791 810 1832 militumjactus
825 1795 878 1821 est.
951 1800 1006 1820 su·-

234 1842 318 1863 mere
333 1841 375 1862 sc.
394 1831 455 1862 de
447 1839 584 1874 integro.
600 1835 781 1873 depositum,
797 1840 908 1864 senatu
920 1832 1005 1863 enim

234 1881 340 1905 motus
354 1875 511 1915 deponere
525 1875 681 1907 debebat‘
671 1876 797 1917 insigne
811 1883 1004 1911 senatorum,

233 1918 335 1950 latum
350 1921 494 1956 clavum,·
521 1919 672 1961 (limbum
697 1930 890 1960 purpureum
914 1921 1008 1950 vestis

234 1972 322 1993 oram
338 1962 544 2003 ambientem)
557 1962 598 1994 cf.
612 1962 653 1994 ad
668 1963 732 1994 Sat.
755 1964 783 1994 1.
802 1962 833 1994 5.
850 1962 904 1994 36.
951 1964 1007 1994 ιη’-

235 2005 318 2037 buno
337 2006 450 2037 Graece
463 2016 537 2045 pro:
569 2006 753 2046 tribunum;
783 2008 825 2038 cf
851 2017 946 2047 supra
967 2006 1008 2037 ad

238 2049 303 2080 Sat.
330 2049 359 2080 Ι.
387 2048 416 2080 l.
445 2048 495 2080 19.
518 2056 585 2081 erat
609 2058 716 2081 autem
741 2061 836 2091 penes
865 2047 1010 2082 tribunos

235 2093 424 2134 quoquejus
437 2095 495 2125 lati
508 2095 596 2126 clavi.
615 2094 681 2125 Cic.
696 2105 753 2134 pro
768 2095 893 2126 Cluent.
907 2105 934 2125 c.
949 2091 1003 2124 542

280 2147 309 2167 v.
338 2135 391 2167 27.
417 2143 464 2171 ut.
487 2145 666 2178 postquam,
689 2138 831 2169 simulac.
921 2140 1007 2169 insa-

235 2183 308 2219 ims,
323 2180 380 2222 qui
394 2180 491 2211 stulte
505 2180 563 2212 sibi
578 2181 680 2221 placet
693 2181 727 2211 in
749 2181 887 2213 externis
909 2181 1005 2222 insig-

236 2223 340 2261 nibus,
355 2224 452 2254 homo
465 2234 585 2263 vanus;
609 2224 683 2255 hinc
697 2225 781 2256 infra
803 2227 866 2256 Sat.
895 2225 946 2256 11.
971 2224 1005 2256 2.

236 2266 268 2298 5.
282 2268 438 2318 fulgores,
464 2268 580 2308 quibus
600 2268 856 2308 exsplendescere
877 2268 1006 2299 student
1038 2268 1205 2308 jubebam,
1234 2273 1291 2298 aut
1320 2267 1461 2309 canufia

236 2310 398 2349 beatiores,
414 2310 588 2342 dicuntur·
577 2314 691 2343 znsani.
759 2314 857 2353 nigris
865 2314 1004 2352 pellibus,

237 2352 300 2386 ad'
291 2354 427 2396 insignia
440 2355 630 2385 nobiliorum
653 2362 684 2386 et
706 2362 885 2387 senatorum
911 2355 1006 2405 perti-
1036 2355 1144 2398 fuisse
1158 2354 1295 2396 carnifex·
1307 2359 1390 2384 ποια
1402 2353 1601 2384 crudelitatis.

236 2396 353 2429 nebant
367 2408 493 2448 quoque
515 2398 598 2438 nigri
619 2399 732 2430 coloris
754 2399 906 2440 corrigiae,
933 2399 1004 2440 qui-

237 2436 297 2473 bus
315 2441 397 2472 inter
409 2452 443 2473 se
456 2439 614 2482 impeditis
627 2443 711 2473 cruri
730 2442 1005 2484 adstringebantur

237 2484 343 2516 calcei.

281 2539 310 2560 v.
328 2527 468 2560 30-35.
486 2535 534 2566 ut,
560 2530 587 2560 si
614 2535 686 2559 cett.
715 2530 852 2560 Sensus·
881 2529 1004 2565 Quem-

237 2572 423 2614 admodum,
438 2569 465 2603 si
501 2573 549 2602 uis
563 2571 685 2609 eodem,
700 2583 765 2614 quo
783 2573 902 2604 Barrus
926 2572 1002 2603 vitio

237 2615 368 2653 laboret,
382 2617 414 2647 b.
432 2619 460 2647 ε.
477 2583 685 2647 annosus
647 2616 754 2647 haberi
765 2615 881 2655 cupiat,
893 2626 1002 2646 curam

237 2656 362 2700 puellis.
391 2669 580 2701 quacunque
608 2665 669 2696 eat,
699 2659 819 2700 injiciat
842 2658 1004 2700 quarendi

237 2703 381 2745 singula·
401 2702 488 2744 quali
502 2703 542 2734 sit
555 2702 635 2733 facie
650 2708 736 2740 cett„
748 2702 792 2733 sic
802 2703 840 2738 is,
851 2702 906 2743 qui
916 2712 1003 2732 sum·
1006 2725 1010 2729 .

238 2747 299 2777 mis
322 2747 492 2778 honoribus
519 2753 648 2777 ornatus
678 2756 784 2776 rerum
806 2746 1003 2785 publicarum

237 2789 435 2821 defensorem
449 2784 504 2822 vel
513 2799 618 2821 rerum
632 2788 811 2820 divinarum
829 2795 1002 2819 curatorem

238 2844 272 2864 se
286 2833 460 2874 profitetur,
471 2842 730 2874 unumquemque
741 2832 781 2864 de
793 2832 860 2873 ejus
871 2832 1003 2873 origine,

239 2884 349 2908 utrum
365 2877 478 2909 nobilis
492 2887 533 2909 an
554 2875 702 2919 ignobilis
718 2876 768 2914 sit,
789 2886 928 2917 quaerere
952 2885 1006 2906 co-

239 2920 296 2960 git.
309 2920 403 2952 —de
430 2923 534 2954 Burro
558 2921 600 2952 cf.
625 2930 720 2960 supra
747 2919 788 2951 ad
818 2919 882 2959 Sat.
914 2919 941 2950 Ι.
970 2917 1002 2949 4.

243 2962 314 2994 llo.
404 2966 508 2997 haberi
522 2970 550 2996 et
563 2975 633 3005 cup.
624 2965 811 3007 .]ον1ηοςηι,
828 2962 903 2999 vitii,
921 2962 1005 3003 quod

1052 1701 1153 1732 Barro
1177 1700 1336 1738 tribuitur,
1369 1709 1472 1742 genus
1502 1700 1571 1742 jam
1607 1699 1810 1741 designatur:

1049 1744 1196 1786 cupiebat
1208 1743 1328 1775 scilicet
1339 1742 1501 1775 formosus
1511 1743 1638 1783 haberi3
1657 1752 1705 1776 est
1719 1745 1817 1786 igitur

1044 1789 1114 1839 jam
1126 1795 1155 1820 et
1171 1787 1324 1828 particula
1337 1786 1541 1828 explieativn:
1569 1767 1697 1819 scilicet.
1755 1789 1817 1822 im·

1045 1833 1181 1873 perium.
1198 1831 1321 1869 imperii
1335 1831 1544 1862 securitatem.

1091 1886 1120 1906 v.
1154 1872 1294 1906 38-41.
1347 1876 1440 1907 Tune
1475 1876 1557 1916 Syri,
1593 1880 1686 1914 poem
1713 1873 1819 1917 fingit,

1049 1929 1152 1951 unum
1181 1929 1219 1949 ex
1246 1918 1366 1958 populo
1388 1916 1509 1958 alloqui
1530 1917 1695 1959 tribunum
1717 1917 1818 1958 plebis

1050 1962 1200 2004 aliquem,
1214 1961 1272 2004 qui
1286 1961 1400 1993 humili
1415 1961 1486 1993 loco
1499 1967 1594 1992 natus
1614 1961 1820 1993 tribuniciam

1050 2013 1235 2046 potestatem
1250 2005 1410 2037 maleficos
1433 2015 1455 2036 e
1475 2015 1552 2036 saxo
1579 2005 1715 2046 Tarpeio
1737 2002 1821 2046 deji-

1050 2049 1163 2081 ciendo
1177 2056 1233 2080 aut
1253 2048 1392 2080 carnifici
1413 2048 1568 2080 tradendo
1588 2058 1734 2080 exercere
1758 2058 1815 2089 po-

1050 2101 1152 2132 teram
1177 2095 1284 2142 syrin,
1302 2094 1622 2134 Dama,1)ionysius,
1647 2097 1723 2124 sunt
1747 2091 1816 2122 vul-

1050 2136 1138 2178 garia
1166 2136 1298 2167 nomina
1325 2146 1506 2174 servorum;
1541 2136 1670 2176 dqiicere
1697 2146 1715 2166 e
1741 2146 1814 2167 soa-o

1052 2180 1156 2212 Schol.
1179 2181 1275 2220 Cruq.
1294 2191 1371 2212 nam
1395 2181 1517 2212 trihuni
1532 2179 1629 2220 plebis
1652 2180 1816 2210 damnatos

1049 2226 1086 2255 ‹le
1100 2235 1170 2256 soz-o
1186 2225 1356 2265 Capitolino
1372 2222 1437 2265 (vel
1453 2222 1604 2263 Tarpeio)
1622 2223 1816 2263 proecipieari

1454 2267 1462 2273 ’
1489 2267 1593 2302 tradi‚·
1699 2268 1814 2298 Cadmo

1050 2311 1156 2342 Schol.
1189 2311 1265 2341 Acr.
1300 2312 1436 2342 Cadmus
1464 2310 1581 2340 dicitur
1611 2319 1645 2340 eo
1681 2314 1816 2350 tempore

1682 2355 1729 2384 At
1744 2355 1815 2385 No·

1046 2400 1115 2430 vius
1135 2403 1210 2428 cett.
1235 2395 1401 2436 respondet
1424 2395 1590 2427 tribunus·
1625 2396 1723 2437 Atqui
1753 2407 1816 2439 ego

1047 2451 1113 2471 non
1127 2451 1212 2471 unus
1225 2449 1308 2476 sum,
1323 2439 1378 2481 qui
1394 2450 1433 2470 ex
1449 2438 1562 2470 humili
1576 2438 1646 2470 loco
1659 2439 1699 2471 ad
1709 2440 1815 2471 aribu-

1046 2491 1158 2515 natum
1183 2483 1341 2519 adscendi,
1367 2482 1433 2513 imo
1457 2483 1590 2532 Novius,
1619 2483 1675 2524 qui
1703 2482 1815 2515 ordine

1046 2538 1099 2558 me
1113 2528 1254 2567 sequitur
1267 2526 1301 2556 in
1315 2527 1490 2564 tribunatu,
1506 2536 1548 2557 ne
1561 2526 1721 2568 ingenuus
1741 2526 1813 2568 qui-
1797 2524 1822 2566 -j

1045 2570 1128 2608 dem,
1143 2577 1181 2601 ut
1194 2580 1263 2612 ego,
1287 2569 1343 2600 sed
1367 2569 1464 2607 idem,
1489 2569 1576 2611 quod
1598 2576 1687 2610 pater
1709 2579 1812 2608 meus,

1045 2613 1210 2645 libertinus
1223 2619 1291 2650 est;
1311 2613 1417 2654 itaque
1431 2623 1498 2644 non
1511 2614 1680 2654 ingenuus.
1827 2618 1831 2622 ·

1090 2668 1118 2688 v.
1139 2654 1192 2687 41.
1214 2659 1283 2688 Hoc
1297 2657 1351 2688 tibi
1366 2659 1501 2689 Paullus
1514 2663 1545 2688 et
1566 2657 1704 2689 Messala
1729 2659 1828 2690 videi

1047 2703 1099 2736 ris,
1116 2710 1196 2732 num
1210 2700 1292 2738 ideo,
1307 2700 1394 2741 quod
1407 2699 1464 2731 tibi
1479 2700 1611 2742 ignobili
1633 2701 1812 2743 tribunatus

1046 2744 1188 2819 3333}ss
1198 2743 1378 2827 εζὲἒηῖἶῗ
1391 2743 1682 2827 31ἐὲῗυῖῗὲἐὲ
1701 2754 1815 2818 52:¹33:

1049 2831 1152 2862 Paulo
1166 2838 1199 2861 et
1217 2830 1372 2867 Messalae,
1399 2841 1418 2862 e
1443 2830 1642 2862 nobilissimis
1665 2831 1820 2873 gentibus

1048 2874 1219 2916 prognatis.
1308 2876 1372 2909 Ιιοε.
1395 2875 1435 2905 ob
1457 2875 1526 2910 hoc.
1553 2874 1633 2912 ideo,
1657 2883 1694 2906 ut
1714 2873 1813 2915 paulo

1048 2926 1161 2992 ἴων.
1181 2917 1314 2963 52etV.
1332 2917 1386 2950 87.
1404 2914 1700 2959 cfisupraadSn't.
1714 2885 1812 2950 11
