1904 3250
171 196 257 235 :374

802 199 1123 243 HORATII.

1563 205 1674 253 [Lm.
1695 214 1749 242 11.

293 320 384 364 Nec
405 337 562 374 scarus,
584 331 656 365 aut
676 324 831 380 poterit
851 321 1082 382 peregrina⁴
1088 323 1238 381 juvare
1257 324 1405 384 lagois.

291 393 377 435 Vix
397 403 537 437 tamen
559 396 748 451 eripiam,
770 392 1107 453 poSitopavone,
1129 397 1231 440 velis
1252 399 1353 456 quin

291 462 390 505 Hoc
409 464 566 519 potius,
590 479 717 521 quam
737 465 896 523 gallina
915 474 1082 523 tergere
1102 466 1302 522 palatum,

203 539 259 577 :25
293 535 530 591 Corruptus
552 537 670 578 vanis
691 552 861 588 rerum;
893 539 993 595 quia
1012 547 1162 580 veneat
1181 554 1287 581 auro

294 609 409 650 Rara
429 609 530 660 aviS‚
553 619 595 652 et
614 611 728 666 picta
747 611 907 667 pandat
927 612 1167 668 spectacula
1186 613 1343 655 cauda:

292 681 517 737 Tanquam
537 682 592 724 ad
613 698 704 725 rem
723 684 911 726 adtineat
931 685 1175 742 quidquam.
1238 684 1352 726 Num
1373 686 1552 727 vesceris
1576 686 1667 736 ista,

291 750 434 800 Quam
453 751 615 804 laudas,
637 753 817 810 pluma?
847 762 968 796 cocto
989 770 1092 796 num
1113 754 1233 797 adest
1252 754 1391 796 honor
1410 753 1553 797 idem?

292 823 432 865 Carne
452 831 607 876 tamen,
631 827 821 882 quamvis
842 826 970 869 distat
989 827 1110 878 nihil,
1131 827 1212 869 hac
1231 828 1366 886 magis
1386 827 1460 869 illa
1477 826 1488 871 ἔ

204 896 260 933 30
292 893 533 948 Imparibus
553 894 700 938 formis
722 896 948 953 deceptum
968 906 1010 939 te
1030 906 1158 954 patet.
1222 897 1327 939 Esto
1343 896 1353 942 !

291 961 421 1004 Unde
441 963 589 1006 datum
610 966 751 1017 sentis,
774 966 900 1022 lupus
920 967 991 1009 hic
1014 966 1256 1018 Tiberinus,
1278 983 1335 1008 an-
1352 967 1438 1009 alto

292 1034 454 1090 Captus
474 1036 597 1079 hiet?
625 1047 832 1094 pontesne
852 1040 961 1081 inter
975 1040 1182 1096 jactatus3
1216 1055 1269 1081 an
1291 1035 1425 1081 aninis

293 1101 416 1148 Ostia
436 1107 515 1149 sub
537 1107 704 1150 Tusci?
736 1109 921 1161 Laudas,
944 1111 1104 1161 insane,
1127 1109 1333 1152 trilibrem

172 1262 178 1265 ”
217 1273 245 1292 v.
265 1261 406 1293 23-26.
439 1265 493 1295 Vix
514 1270 620 1296 lamen
642 1266 774 1305 eripiam
796 1272 877 1302 cett,
894 1266 943 1296 ni-

174 1305 348 1336 hilominus
368 1314 486 1344 tamen,
508 1307 533 1338 si
555 1318 633 1347 pavo
648 1319 713 1338 una
735 1320 808 1340 cum
825 1310 945 1351 gallina

173 1349 207 1378 in
223 1359 332 1380 mensa
345 1350 506 1390 appositus
520 1350 570 1388 sit,
586 1352 638 1382 vix
652 1358 684 1383 te
699 1352 824 1383 retineri
847 1353 946 1392 patie-

173 1392 227 1430 ris,
256 1393 334 1434 quin
363 1394 494 1433 pavonis
529 1394 643 1435 potius,
681 1406 778 1437 quam
818 1396 945 1438 gallinae

174 1446 268 1466 carue
285 1436 426 1476 palatum
448 1438 643 1477 permulcere
663 1439 781 1479 cupias,
796 1439 946 1479 deceptus

175 1479 294 1511 scilicet
318 1491 399 1511 vana
421 1483 462 1512 ob
488 1488 650 1513 externam
675 1493 782 1513 rerum
809 1484 945 1523 speciem

174 1523 335 1562 opinione,
362 1524 437 1565 quia
461 1535 531 1556 rara
551 1526 617 1556 avis
637 1536 755 1567 magno
776 1527 878 1567 pretio
892 1537 944 1556 ve-

175 1573 259 1604 neat,
273 1574 305 1598 et
318 1568 393 1608 quia
407 1579 497 1608 pavo,
518 1579 592 1599 cum
615 1570 748 1600 caudam
771 1570 943 1610 pulcherri-

175 1610 237 1640 mis
251 1610 407 1642 coloribus
421 1611 603 1643 distinctam
625 1612 744 1652 pandit,
763 1613 945 1654 jucundum

175 1654 389 1693 spectaculum
413 1656 558 1695 praebeat.
613 1658 668 1687 Via:
688 1663 794 1689 tamen
819 1658 947 1697 eripiam

176 1704 262 1733 cett„
279 1697 344 1728 scil.
363 1698 429 1734 tibi,
447 1699 476 1730 h.
491 1709 520 1730 e.
546 1710 584 1730 ex
607 1700 715 1730 animo
736 1706 793 1731 tuo
814 1700 948 1730 evellam

176 1751 290 1771 vanam
305 1741 393 1772 illam
408 1742 603 1782 opinionem,
626 1754 690 1784 qua
711 1743 842 1782 pavonis
857 1744 948 1786 (quia

176 1785 277 1814 carior
300 1791 357 1822 est,
386 1792 418 1816 et
440 1786 671 1826 pulchrioribus
699 1787 856 1818 coloribus
884 1787 947 1817 dis-

178 1827 312 1877 tinctus)
335 1839 461 1860 carnem
474 1830 604 1872 gallinae
619 1830 705 1861 carni
720 1830 948 1870 praeferendam

176 1878 347 1903 existimas.

220 1925 249 1945 v.
269 1914 322 1946 25.
348 1918 435 1948 vanis
449 1927 568 1953 rerum,
584 1916 673 1947 vanis
686 1918 781 1948 rebus
795 1918 826 1947 h.
846 1928 873 1948 e.
893 1928 948 1948 ex-

177 1964 275 1989 ternae
296 1969 402 1990 rerum
424 1960 538 1999 speciei
555 1961 712 1999 vanitate;
734 1973 815 1993 vana
830 1973 949 1998 rernm,

178 2008 215 2032 ut
228 2004 302 2034 vitia
319 2014 434 2040 rerum,
449 2005 531 2047 ficta
557 2015 677 2042 rerum,
701 2006 805 2036 abdita
830 2017 950 2043 rerum,

178 2057 289 2077 amara
305 2058 469 2084 curarum,
484 2049 588 2079 ardua
607 2049 770 2086 montium,
793 2054 891 2080 strata
906 2050 951 2080 vi-

179 2101 274 2120 arum
291 2097 323 2120 et
337 2091 461 2121 similia.

171 2134 175 2139 ”
223 2143 251 2163 v.
267 2133 320 2164 26.
337 2136 421 2175 picta
433 2137 532 2174 pand.
550 2141 641 2174 spect.
660 2137 774 2172 cauda,
791 2134 951 2177 eleganter

176 2187 238 2219 pro
253 2177 393 2219 vulgari:
413 2178 528 2217 pictam
542 2178 677 2208 caudam
691 2179 810 2219 pandat
829 2186 948 2219 specta-

179 2220 263 2251 culo.

180 2263 185 2267 ’
225 2275 255 2294 ν.
274 2263 327 2295 27.
353 2266 530 2306 Tamquam
543 2267 583 2296 ad
598 2277 624 2295 r.
643 2267 744 2297 adtin.
760 2267 946 2308 quidquam,

183 2314 333 2348 tanquam
364 2309 432 2338 haec
460 2309 588 2348 pavonis
616 2309 725 2340 raritas
755 2317 787 2339 et
812 2309 952 2349 pulchri-

183 2351 262 2382 iudo
283 2351 457 2393 ququuam
473 2354 529 2394 (ad
543 2352 625 2393 rem)
641 2352 682 2383 ad
703 2363 847 2393 saporem
871 2353 952 2384 adti-

183 2402 267 2426 neat.

227 2449 255 2469 v.
274 2438 327 2470 28.
346 2441 423 2472 m‘im
437 2441 534 2476 adest,
549 2449 656 2469 rarum
678 2439 871 2479 exemplum,
894 2440 950 2471 ubi

182 2482 287 2513 littera
301 2495 334 2514 m
359 2494 379 2514 a
401 2483 560 2525 sequentis
574 2484 659 2514 vocis
683 2483 783 2514 vocali
807 2493 872 2513 non
896 2485 951 2514 ab·

183 2534 288 2565 sorpta
302 2527 468 2567 corripitur
476 2530 488 2565 ;'
508 2526 653 2565 exempla
663 2526 810 2567 quaedam
825 2537 863 2557 ex
881 2527 951 2557 En-

178 2570 240 2599 *nio
255 2577 286 2601 et
301 2570 453 2602 Lucretio
464 2571 570 2601 attulit
585 2572 772 2602 Lambinus.

183 2614 277 2653 pictae
291 2614 402 2645 caudae
415 2614 627 2655 pulchritudo.

229 2668 258 2688 v.
277 2657 330 2689 29.
349 2659 400 2690 hic
415 2668 521 2689 versus
534 2657 651 2688 mimm
668 2656 701 2686 in
722 2656 853 2687 modum
876 2667 951 2686 vex-

184 2701 251 2732 avit
263 2713 374 2733 omnes
394 2702 587 2742 interpretes,
610 2711 668 2731 nec
686 2700 851 2740 quisquam
866 2710 951 2730 com-

186 2745 320 2776 modum
337 2756 464 2777 sensum
485 2744 558 2776 inde
580 2743 708 2781 elicuit3
731 2753 792 2784 ego
813 2753 888 2773 eum
909 2744 953 2773 ita

186 2789 397 2829 interpretor:
441 2792 541 2821 Carne
577 2794 681 2819 tamen
717 2789 775 2817 lmc
811 2785 950 2825 pavonis,

187 2835 330 2873 quamvis
345 2835 439 2865 distat
459 2834 547 2870 nihil,
571 2832 669 2871 magis
699 2829 819 2872 (potius
839 2828 951 2871 quam)

187 2878 242 2906 illa
272 2877 399 2918 gallinae
435 2886 529 2907 carne
562 2872 704 2915 pilatum
735 2879 857 2914 tergere
885 2872 949 2904 vis!

189 2920 264 2951 Jam
291 2923 449 2953 Gesnerus
469 2919 511 2951 ad
533 2930 626 2951 came
650 2916 860 2957 supplendum
883 2926 950 2946 esse

189 2974 226 2992 ex
244 2975 270 2993 v.
285 2964 338 2994 26.
366 2966 491 2996 vesceris
512 2962 686 3003 suspicatus
706 2967 774 2998 est;
797 2958 950 2990 sen'tentia

841 2572 950 2608 honor,

985 1266 1070 1297 carni
1087 1266 1229 1306 praefers!
1254 1271 1286 1297 et
1299 1266 1368 1297 haec
1382 1263 1537 1296 sententia
1550 1263 1633 1302 exit,
1647 1263 1674 1295 si
1686 1273 1754 1295 me-

986 1321 1061 1340 cum
1076 1320 1115 1340 ex
1131 1320 1159 1340 v.
1178 1308 1231 1340 24«.
1250 1309 1461 1350 suppleveris:
1477 1310 1625 1350 palatum
1638 1314 1756 1348 tergere

987 1356 1053 1390 vis;
1086 1353 1176 1384 aliter
1204 1354 1255 1384 vix
1285 1363 1324 1384 ex
1349 1353 1410 1384 hoc
1438 1352 1509 1382 loco
1537 1358 1569 1382 te
1595 1351 1752 1392 expedias.

988 1399 1114 1429 vesceris
1129 1415 1173 1421 -
1190 1398 1288 1437 magis
1302 1396 1353 1426 vix
1367 1396 1429 1427 fert
1444 1395 1609 1426 Latinitas.

1031 1451 1060 1470 v.
1079 1439 1132 1471 30.
1151 1441 1329 1481 Imparibus
1340 1440 1469 1482 formis,
1485 1438 1606 1469 diversa
1625 1436 1757 1477 pavonis

989 1490 1020 1514 et
1034 1484 1162 1525 gallinae
1176 1483 1288 1519 forma,
1303 1483 1336 1519 h.
1350 1493 1377 1513 e.
1392 1489 1522 1513 externa
1533 1481 1645 1520 specie.
1662 1487 1725 1512 esto
1736 1482 1752 1512 .'

989 1528 1030 1559 sit
1042 1529 1095 1559 ita.
1189 1527 1250 1558 Sed
1266 1525 1398 1557 ulterius
1418 1524 1665 1567 progrediuntur
1684 1524 1756 1555 lau-

988 1578 1092 1602 tarum
1118 1571 1286 1611 epularum
1312 1570 1522 1604 aestimatores
1549 1568 1627 1598 dum
1650 1567 1690 1599 de
1708 1567 1757 1598 in-

989 1621 1079 1646 terna
1092 1625 1219 1656 quoque
1233 1614 1376 1645 ciborum
1389 1612 1528 1644 bonitate
1541 1611 1697 1643 subtiliter
1701 1611 1756 1653 ju-

992 1658 1108 1689 dicam.

1035 1713 1063 1732 v.
1082 1700 1223 1733 31-33.
1249 1703 1339 1733 Unde
1353 1702 1464 1732 datum
1481 1700 1576 1731 sentis
1595 1703 1681 1736 cett,
1697 1708 1758 1729 un-

991 1745 1042 1783 de,
1057 1755 1173 1786 quaeso.
1187 1744 1244 1776 tibi
1261 1744 1356 1775 datus
1369 1750 1416 1774 est
1434 1741 1486 1774 hic
1499 1752 1592 1782 sapor
1605 1740 1759 1780 subtilior,

991 1794 1030 1819 ut
1052 1789 1228 1819 discernere
1250 1788 1348 1827 possis
1363 1786 1477 1826 lupum
1500 1785 1534 1816 in
1558 1785 1665 1816 Tiberi
1686 1795 1761 1825 eap-

993 1839 1065 1863 tum
1080 1834 1120 1863 ab
1135 1842 1182 1866 eo.
1199 1831 1254 1873 qui
1270 1832 1302 1862 in
1317 1829 1397 1861 mari
1418 1836 1530 1869 captus
1549 1829 1590 1860 sit
1600 1829 1616 1859 ἐ’
1660 1829 1758 1861 Sahal.

994 1878 1088 1917 Cruq.
1107 1878 1192 1907 unde
1207 1876 1297 1908 nosti.
1321 1886 1381 1916 quo
1401 1884 1495 1905 sensu
1514 1873 1657 1913 percipis,
1680 1874 1762 1914 quod

991 1922 1047 1950 iste
1061 1922 1155 1960 lupus
1177 1921 1280 1960 potius
1293 1924 1337 1950 est
1351 1918 1506 1953 miurinus,
1528 1927 1624 1958 quam
1636 1917 1762 1959 fluvia-

993 1964 1055 1994 tilis
1068 1963 1086 1993 ?
1131 1965 1188 2000 Ac,
1206 1964 1261 2004 qui
1270 1963 1372 2003 palati
1385 1961 1552 1992 subtilitate
1569 1961 1760 2000 gloriantur,

994 2008 1127 2038 melioris
1152 2007 1270 2047 saporis
1286 2007 1379 2037 aiunt
1403 2014 1467 2036 esse
1483 2004 1682 2047 piscesrillos,
1707 2005 1764 2044 qui

994 2052 1147 2091 rapidiore
1161 2052 1248 2081 unda
1263 2054 1446 2093 ezer-centur
1461 2046 1761 2090 (circumaguntur),

994 2105 1091 2135 quam
1121 2096 1176 2135 qui
1200 2094 1392 2134 languidiore
1422 2096 1598 2132 torpescunt
1609 2105 1621 2127 ‚·
1647 2091 1760 2122 idcirco

993 2140 1144 2169 dicuntur
1157 2138 1227 2178 lupi
1245 2147 1306 2168 esse
1331 2137 1478 2172 mlieres,
1501 2135 1556 2176 qui
1580 2135 1663 2165 inter
1683 2134 1761 2164 duos

987 2188 1098 2222 pontes
1129 2184 1273 2220 (pontem
1307 2179 1461 2210 Milvium
1490 2185 1522 2208 et
1550 2175 1733 2216 sublicium)
1747 2187 1756 2206 ε

992 2226 1045 2256 nbi
1059 2236 1144 2266 aqua
1159 2225 1338 2256 concitatior
1351 2228 1404 2257 est.
1429 2233 1524 2263 quam
1546 2221 1602 2261 qui
1623 2221 1658 2251 in
1679 2220 1761 2251 ostiis

997 2270 1123 2300 Tiberis.
1212 2269 1314 2308 lupus,
1330 2266 1456 2308 λάβραξ,
1482 2269 1571 2306 (ηοες
1590 2263 1760 2306 meet-way)

997 2314 1097 2344 Perea
1113 2313 1250 2343 Labraae.
1273 2311 1374 2342 Linn.
1443 2313 1552 2348 caldus
1565 2307 1637 2342 hiet,
1660 2306 1759 2347 signi-

997 2355 1141 2386 ficantius
1165 2364 1242 2394 pro:
1269 2358 1384 2401 captus
1406 2351 1464 2389 εἰη
1486 2359 1561 2380 nam
1585 2350 1674 2380 hiant
1695 2348 1761 2380 fere

996 2402 1490 2475 P¹⁵20⁵332¹33¹223333⁵22m
1502 2437 1650 2468 ..asam
1662 2437 1757 2467 um.

993 2491 1066 2516 cett.
1116 2484 1216 2515 Poeta
1229 2483 1339 2513 transit
1353 2481 1393 2512 ad
1407 2479 1495 2511 aliud
1504 2489 1566 2521 gen
1787 2519 1790 2523 Ι

993 2538 1056 2569 qua
1070 2529 1109 2558 ab
1124 2526 1305 2557 hominibus
1319 2523 1479 2555 luxuriose
1492 2531 1525 2554 et.
1534 2522 1703 2564 magnifice
1713 2523 1758 2552 vi.

985 2573 987 2575 ’
995 2572 1138 2602 ventibus
1147 2570 1287 2600 ciborum
1297 2577 1423 2609 genera,
1429 2577 1501 2608 quae
1507 2566 1607 2596 rarius
1615 2566 1743 2606 proveni
1749 2587 1761 2593 -

995 2620 1062 2650 unt,
1079 2614 1239 2653 rariusque
1253 2611 1466 2646 inveniuntur,
1482 2610 1515 2640 in
1530 2619 1648 2650 magno
1661 2609 1762 2649 pretio

994 2665 1178 2698 ponumur3
1201 2662 1234 2687 at
1261 2654 1330 2690 alia.
1361 2653 1435 2684 licet
1462 2651 1603 2694 ejusdem
1633 2652 1760 2693 saporis,

995 2701 1071 2742 quia
1091 2706 1166 2731 sunt
1179 2698 1332 2740 vulgaria,
1352 2698 1391 2728 ab
1416 2696 1527 2728 iisdem
1551 2701 1760 2727 contemnun-

995 2751 1067 2782 tur3
1091 2744 1135 2774 sic
1150 2744 1271 2774 mullus
1286 2741 1355 2784 (qui
1370 2741 1463 2780 piscis
1476 2738 1562 2780 apud
1575 2749 1633 2770 nos
1643 2739 1762 2778 dicitur

994 2789 1140 2824 rotlzbart,
1165 2787 1280 2817 mullus
1305 2786 1450 2815 barbatus
1477 2785 1571 2815 Lirin.
1590 2782 1688 2824 vulgo
1709 2785 1762 2814 lne-

996 2829 1188 2871 ringslciiuig)
1205 2828 1257 2859 cui
1272 2835 1386 2859 natura
1399 2826 1560 2857 modicum
1576 2837 1689 2866 corpus
1703 2826 1760 2857 tri·

995 2874 1074 2910 buit,
1090 2873 1116 2903 si
1131 2873 1171 2904 ad
1187 2882 1255 2903 eam
1271 2881 1371 2912 usque
1386 2869 1638 2911 magnitudinem
1657 2880 1762 2901 accre-

993 2923 1086 2953 verat,
1118 2925 1154 2947 ut
1178 2922 1258 2947 esset
1281 2916 1416 2950 trilibris,
1442 2913 1598 2944 immenso
1621 2913 1722 2952 pretio
1741 2924 1761 2944 a

996 2959 1150 2991 Romanis
1163 2959 1224 2990 emi
1237 2958 1364 2995 solebat,
1378 2957 1455 2999 (vid.
1471 2958 1655 2998 Heindorf)
1666 2963 1700 2988 at
1709 2958 1760 2988 Ia-

189 3008 346 3046 postulat:
381 3015 487 3039 tamen
517 3009 652 3038 caruem'
670 3003 798 3045 pavonis
823 3003 949 3046 galliuoe
987 3015 1060 3045 pus,
1075 3004 1129 3045 qui
1147 3010 1258 3035 natura
1272 3013 1329 3033 sua
1344 3008 1390 3032 est
1405 3012 1553 3042 procerus
1577 3002 1623 3043 (h.
1642 3011 1670 3032 e.
1684 3000 1758 3031 ltm-

1569 2490 1607 2510 us
1616 2479 1758 2517 insaniae,
1816 2487 1822 2494 ·
