1904 3250
222 165 308 204 384·

855 158 1167 200 HORATII

1602 160 1715 210 [Lm.
1739 168 1788 196 11.

339 288 583 344 Imposuere
605 284 707 326 mihi
729 297 963 341 cognomen
985 283 1179 339 compita.
1242 284 1366 335 Novi,

339 357 397 399 Et
415 356 553 398 morbi
573 354 704 395 miror
723 357 951 408 purgatum
972 358 1014 392 te
1033 350 1158 392 illius.
1220 353 1352 410 Atqui

338 428 510 470 Emovit
529 433 713 468 veterem
733 424 838 465 mire
858 438 1006 474 novus,
1035 431 1084 466 ut
1103 423 1222 475 solet,
1243 425 1288 467 in
1308 440 1381 468 cor

339 501 538 556 Trajecto
557 497 699 539 lateris
720 496 874 547 miseri,
897 496 1128 553 capitisque
1149 496 1323 548 dolore3

251 574 307 612 30

340 570 403 612 Ut
422 567 678 624 lethargicus
697 565 780 616 hic,
803 580 900 607 cum
920 565 970 607 fit
989 565 1121 623 pugil,
1143 572 1187 607 et
1205 566 1416 609 medicum
1435 575 1601 626 urguet.

338 642 459 684 Dum
478 655 532 682 ne
551 639 655 697 quid
676 639 810 682 simile
829 639 943 691 huic,
964 647 1055 681 esto
1075 646 1122 680 ut
1142 638 1256 681 libet.

1319 638 1362 682 Ο
1379 639 1504 692 bone,
1525 656 1579 682 ne
1600 649 1640 682 te

342 714 590 763 Frustrere3
621 713 778 754 insanis
799 721 842 755 et
860 721 907 754 tu
929 712 1128 770 stultique
1148 727 1283 769 prope
1304 727 1463 764 omneS,

341 786 387 828 Si
408 785 511 842 quid
523 785 758 827 Stertinius
779 785 867 826 veri
888 792 1032 841 crepat
1043 800 1055 835 ς
1086 784 1199 827 unde
1219 800 1300 843 ego
1320 786 1427 827 mira

339 857 560 913 Descripsi
580 856 728 898 docilis
742 860 958 913 praecepta
976 857 1083 908 haec,
1105 865 1309 914 tempore,
1332 873 1417 915 quo
1437 873 1505 899 me

344 926 512 969 Solatus
528 927 654 983 jussit
674 927 905 982 sapientem
925 942 1099 983 pascere
1119 927 1308 978 barbam,

341 999 485 1056 Atque
505 1015 531 1040 a
554 999 748 1041 Fabricio
768 1014 856 1040 non
875 999 1038 1041 tristem
1057 1007 1188 1055 ponte
1208 1000 1373 1041 reverti.

344 1072 456 1113 Nam
476 1071 587 1113 male
608 1086 654 1113 re
674 1079 806 1129 gesta,
824 1087 922 1113 cum
942 1071 1093 1114 vellem
1113 1072 1279 1114 mittere
1300 1080 1449 1128 operto

343 1144 421 1187 Me
442 1145 578 1200 capite
597 1145 642 1186 in
662 1144 834 1195 fiumen,
857 1144 1008 1187 dexter
1029 1145 1154 1196 stetit,
1178 1152 1245 1195 et3
1280 1144 1394 1187 Cave
1414 1144 1522 1186 faxis

343 1216 410 1258 Te
431 1217 661 1274 quidquam
682 1216 903 1274 indignum
920 1233 930 1258 ε
961 1216 1102 1273 pudor
1126 1216 1298 1274 (inquit)
1322 1225 1364 1259 te
1383 1216 1519 1260 malus
1539 1218 1668 1276 angit,

255 1291 312 1328 40
345 1287 524 1329 Insanos
546 1287 618 1344 qui
638 1287 748 1328 inter
768 1301 940 1329 vereare
959 1287 1131 1329 insanus
1152 1286 1312 1330 haberi.

346 1359 540 1402 Primum
559 1375 659 1402 nam
679 1360 904 1417 inquiram,
927 1360 1030 1417 quid
1053 1360 1107 1402 sit
1126 1359 1290 1411 furere3
1321 1360 1404 1403 hoc
1423 1361 1459 1403 si
1479 1361 1560 1404 erit
1578 1362 1623 1403 in
1642 1369 1684 1404 te

228 1499 333 1540 Epist.
352 1499 383 1531 1.
401 1498 431 1531 7.
453 1498 524 1530 101.
551 1501 676 1532 Subtilis
697 1506 836 1532 veterum
849 1499 952 1540 judex
965 1506 994 1531 et

227 1545 356 1575 callidus
370 1545 472 1576 audis.
541 1545 623 1579 huic,
647 1544 722 1574 huic
737 1548 769 1574 et
782 1542 840 1579 illi,
855 1542 994 1579 cuidam,

227 1595 265 1618 ut
279 1598 307 1617 v.
327 1585 380 1618 30.
422 1589 466 1619 Ut
486 1588 670 1627 lethargicus
691 1588 749 1622 hic,
765 1585 890 1627 aliquis,
906 1591 937 1617 et
950 1585 995 1616 sic

226 1630 342 1671 passim
357 1631 415 1662 hic.
503 1631 665 1670 ponebam,
688 1629 915 1661 constituebam
938 1639 996 1669 pro

227 1684 300 1705 mea
314 1674 347 1703 in
362 1673 411 1704 his
424 1674 517 1706 rebus
531 1673 670 1705 scientia.

227 1728 270 1749 sc.
290 1715 469 1748 nummum.

271 1772 300 1792 v.
318 1759 371 1791 24«.
384 1762 486 1792 hortos
499 1778 544 1785 —
557 1761 725 1792 mercarier
745 1771 833 1792 unus
849 1762 932 1792 Cum
944 1762 995 1791 lw-

227 1816 279 1836 cro
294 1804 416 1841 noram,
431 1804 507 1835 hinc
524 1803 636 1835 Cicero
649 1814 776 1845 quoque
790 1814 810 1834 a
826 1803 995 1843 Damasip-

228 1859 271 1888 po
295 1849 402 1878 hortos
427 1857 531 1879 emere
555 1847 667 1879 voluit.
705 1847 810 1888 Epist.
828 1846 870 1878 ad
895 1846 994 1878 Attic.

232 1891 321 1923 XII.
340 1890 384 1921 29
398 1897 430 1922 et
443 1890 497 1922 33.

272 1946 301 1966 v.
338 1934 392 1971 25,
423 1933 476 1965 26.
503 1935 692 2008 frequentia
723 1935 865 1975 compita.
899 1936 996 1966 Schol.

230 1980 306 2010 Acr.
327 1983 349 1999 ‘⁴
365 1978 540 2009 Auctiones
567 1988 619 2008 ere
633 1978 666 2008 in
681 1977 826 2018 compitis
839 1977 931 2015 fiunt,
955 1988 996 2008 ex

229 2022 344 2062 quibus
358 2032 392 2052 se
405 2021 551 2063 quaedam
567 2031 670 2053 emere
681 2020 808 2052 solitum
821 2027 853 2052 et
863 2020 997 2052 vendere

229 2065 397 2107 significat.
445 2065 594 2104 Compita
614 2064 765 2095 dicuntur
780 2064 838 2095 viae
859 2064 943 2102 latae,
958 2064 1000 2096 ad

229 2119 308 2150 quas
329 2119 368 2139 ex
387 2108 497 2140 multis
517 2108 700 2150 regionibus
719 2108 940 2140 convenitur.'’
956 2126 1000 2133 —

231 2154 332 2184 Merc.
351 2154 457 2192 impos.
475 2153 553 2183 milli
574 2163 675 2192 cogn„
690 2161 744 2182 me
757 2158 909 2183 vocarunt
923 2151 1001 2183 alte-

231 2206 304 2227 rum
323 2195 531 2231 Mercurium,
546 2202 730 2226 mercaturae
745 2194 919 2235 praesidem.
945 2199 952 2203 “

274 2249 304 2270 v.
323 2237 378 2270 27.
400 2240 496 2271 morbi
520 2240 613 2275 illius,
638 2238 742 2269 insani
766 2238 853 2269 illius
874 2237 1000 2270 emendi

233 2282 452 2323 vendendique
473 2281 578 2312 studii.
615 2284 749 2320 morbus,
771 2289 809 2313 ut
825 2283 897 2317 uo'cag
912 2282 999 2323 apud

236 2327 377 2363 Graecos,
399 2335 463 2356 non
478 2335 548 2356 raro
562 2325 601 2356 de
616 2325 698 2356 vitiis
712 2332 744 2356 et
763 2325 994 2365 cupiditatibus.

233 2387 278 2396 —
289 2381 437 2411 purgare,
458 2369 569 2400 Graece
585 2368 826 2411 (ἀποκαθαίρειν)
849 2379 924 2400 cum
945 2380 1001 2409 ge-

234 2414 344 2450 nitivo,
370 2419 407 2444 ut
431 2411 516 2453 apud
550 2412 680 2443 Livium
716 2412 916 2444 XXXVII.
944 2411 998 2443 28.

239 2459 357 2492 Quibus
377 2456 589 2498 purgantibus
617 2458 771 2488 civitatem
800 2458 898 2488 omnis
914 2457 1003 2499 facti

235 2502 371 2543 dictique
385 2501 497 2532 [instilis
510 2501 657 2530 adversus
671 2502 839 2531 Romanos.

279 2555 308 2574 v.
336 2542 389 2574 28.
420 2554 527 2580 novus,
557 2553 678 2573 novum
706 2541 856 2579 studium,
887 2553 1001 2582 nempe

236 2587 442 2628 philosophiae
458 2586 590 2625 Stoicae3
613 2596 731 2616 novum
753 2586 850 2627 igitur
871 2585 1001 2617 insaniae

236 2641 359 2673 genus;
382 2640 457 2662 nam
473 2628 569 2662 Stoici
582 2639 708 2670 quoque
721 2629 892 2660 insaniunt.

281 2685 310 2704 v.
339 2673 393 2705 29.
425 2673 564 2716 Τηῄεειο
579 2690 624 2697 -
643 2674 755 2709 dolore,
788 2672 1002 2713 Damasippus

238 2717 308 2749 vult
333 2718 457 2749 dicere:
484 2722 647 2759 postquam
672 2725 711 2746 ex
733 2715 841 2748 animo
861 2726 934 2746 meo
955 2715 1004 2746 ni-

238 2761 340 2792 mium
355 2761 464 2792 omnia
477 2759 638 2792 coemendi
659 2758 800 2790 studium
815 2759 932 2798 expuli,
947 2769 1004 2789 no-

238 2815 287 2835 vae
301 2805 358 2842 rei,
374 2803 575 2844 philosophiae
589 2801 709 2839 Stoicae,
725 2801 829 2832 studio
843 2812 895 2832 me
905 2802 1003 2841 abripi

239 2859 349 2888 passus
364 2858 457 2885 sum;
481 2857 537 2888 pro
550 2856 599 2884 eo,
621 2852 658 2877 ut
677 2846 734 2877 sibi
749 2851 868 2876 constet
883 2845 916 2875 in
934 2855 1002 2876 me-

240 2892 379 2931 taphora,
393 2890 490 2923 dixit:
508 2900 547 2922 ex
561 2888 727 2931 pleuritico
739 2889 841 2920 factus
855 2899 925 2918 sum
937 2899 1004 2919 car-

745 1675 842 1705 millia
857 1679 996 1711 centum,

1038 1509 1108 1531 cere
1122 1500 1277 1532 solemus:
1303 1503 1354 1533 die
1375 1502 1535 1533 hunkhez't
1556 1502 1641 1544 wivfl
1661 1503 1724 1534 sich
1746 1504 1812 1542 auf

1038 1546 1130 1575 einen
1155 1547 1280 1576 andern
1304 1546 1376 1576 theil
1399 1547 1450 1576 (les
1470 1546 1602 1586 lciirpers.
1691 1546 1804 1583 miseri,

1037 1588 1161 1624 misere,
1177 1588 1208 1618 h.
1226 1598 1253 1618 e.
1272 1587 1372 1623 valde,
1388 1587 1472 1618 male
1485 1588 1600 1620 affecti.

1082 1641 1111 1661 v.
1129 1629 1182 1661 30.
1215 1633 1256 1663 Ut
1277 1633 1464 1672 lethargicus
1484 1633 1534 1663 hic
1556 1638 1628 1664 cett.
1667 1633 1802 1664 Sensus:

1041 1674 1090 1705 Ut
1102 1673 1168 1705 fere
1184 1675 1248 1716 (hic
1269 1674 1331 1705 vid.
1351 1676 1391 1706 ad
1407 1685 1435 1705 v.
1453 1673 1527 1713 23.)
1543 1675 1666 1717 aliquis,
1688 1675 1743 1717 qui
1759 1676 1806 1707 le-

1040 1718 1165 1759 thargia
1177 1718 1305 1754 laborat,
1318 1728 1394 1749 cum
1408 1728 1448 1748 ex
1461 1718 1632 1760 lethargico
1645 1719 1747 1750 facula
1759 1727 1807 1751 est

1037 1760 1246 1801 phreneticus,
1269 1761 1388 1803 pugilis
1407 1761 1504 1793 instar
1516 1763 1582 1793 ruit
1601 1762 1634 1792 in
1649 1764 1807 1794 obstantes

1039 1810 1072 1834 et
1096 1804 1251 1844 impetum
1277 1805 1313 1835 in
1337 1804 1496 1836 medicum
1524 1805 1628 1837 facere
1655 1805 1805 1838 minatur.

1042 1847 1125 1878 Vult
1138 1847 1237 1889 igitur
1260 1848 1475 1888 Damasippus
1494 1849 1676 1890 hujusmodi
1697 1849 1808 1891 aegroti

1041 1890 1274 1931 comparatione
1295 1891 1469 1928 ostendere,
1491 1902 1620 1929 novum,
1643 1903 1708 1935 quo
1722 1903 1808 1931 nunc

1042 1935 1189 1984 agitetur,
1205 1934 1347 1967 studium
1361 1935 1458 1977 longe
1479 1934 1536 1967 illo
1550 1942 1652 1968 vetere
1666 1947 1731 1969 esse
1745 1937 1808 1968 fer-

1038 1985 1172 2009 venuus.

1083 2032 1112 2052 v.
1139 2021 1192 2053 31.
1221 2024 1317 2054 Dum
1341 2033 1383 2054 ne
1405 2024 1494 2064 quia,
1515 2022 1565 2059 sis,
1588 2033 1710 2064 per-me
1722 2023 1806 2063 licet,

1042 2065 1225 2107 quicunque
1239 2076 1306 2097 esse
1328 2066 1427 2106 capia,
1450 2065 1547 2098 modo
1560 2077 1602 2098 ne
1622 2067 1700 2110 quid
1715 2067 1808 2099 facias

1042 2109 1145 2140 simile
1162 2108 1263 2151 (huic)
1279 2109 1461 2150 phrenetico
1481 2110 1596 2152 pugili,
1618 2112 1650 2143 b.
1667 2121 1694 2143 e.
1712 2110 1808 2142 modo

1042 2163 1085 2183 ne
1108 2158 1139 2183 te
1161 2153 1252 2183 furor
1277 2153 1312 2183 in
1334 2163 1387 2184 me
1415 2160 1499 2195 agat.
1548 2153 1654 2185 Poffls
1681 2164 1808 2196 quoque

1041 2197 1126 2233 huic,
1143 2195 1221 2227 dum
1238 2195 1395 2228 Horatius
1408 2196 1547 2238 digitum
1559 2196 1594 2228 in
1608 2207 1642 2228 se
1661 2197 1807 2234 intendit,

1042 2249 1100 2279 pro
1121 2242 1198 2271 mihi
1223 2239 1387 2280 explicare.
1437 2240 1489 2272 Sic
1509 2250 1603 2280 supra
1627 2241 1691 2272 Sat.
1718 2240 1747 2271 Ι.
1773 2240 1804 2272 9.

1041 2280 1094 2314 47.
1120 2285 1223 2316 Hunc
1237 2285 1391 2316 hominem
1406 2293 1480 2323 pro:
1506 2293 1568 2314 me.

1085 2338 1115 2357 v.
1134 2325 1187 2358 32.
1205 2328 1350 2368 stultique
1366 2338 1463 2368 prope
1483 2337 1598 2367 omnes,
1615 2333 1747 2367 excepto
1761 2339 1810 2359 sa-

1043 2370 1158 2411 piente.

1088 2424 1117 2443 v.
1135 2412 1189 2444 33.
1218 2415 1251 2445 Si
1273 2414 1350 2454 quid
1374 2414 1541 2445 Stertinius
1560 2415 1626 2446 veri
1645 2422 1759 2456 crepat,
1783 2415 1810 2446 si

1044 2456 1122 2498 quid
1152 2455 1217 2487 veri
1249 2456 1366 2496 profert
1404 2455 1571 2490 Stertinius
1598 2457 1633 2488 in
1661 2459 1808 2495 maxima,

1044 2511 1124 2542 quos
1137 2499 1177 2531 de
1194 2499 1371 2530 stoicorum
1392 2498 1590 2540 philosophia
1603 2500 1735 2541 scripsit,
1750 2502 1809 2533 lib-

1043 2553 1150 2574 rorum
1177 2543 1285 2582 copia;
1319 2552 1403 2578 nam,
1435 2549 1471 2573 ut
1498 2542 1594 2575 refert
1625 2544 1811 2576 Scholiastes

1043 2586 1128 2617 infra
1141 2585 1182 2616 ad
1199 2585 1300 2626 Epist.
1320 2586 1349 2617 1.
1371 2584 1422 2617 12.
1440 2585 1493 2630 29.
1524 2589 1703 2620 ostertinius
1712 2591 1810 2630 philo-

1044 2632 1156 2670 sophus
1180 2631 1327 2661 ducentos
1348 2636 1376 2661 et
1398 2631 1507 2670 viginti
1526 2632 1617 2663 libros
1639 2634 1811 2665 Stoicorum

1044 2674 1162 2704 Latine
1175 2674 1307 2714 scripsit.
1395 2684 1531 2713 crepare,
1546 2674 1758 2716 significanter
1771 2676 1812 2707 de

1046 2714 1228 2747 hominibus
1249 2715 1343 2746 nimis
1363 2717 1499 2747 verbosis
1514 2723 1546 2748 et
1559 2717 1753 2759 loquacibus-
1767 2737 1811 2745 —

1047 2761 1143 2794 unde,
1160 2769 1180 2789 a
1193 2769 1268 2801 quo,
1283 2769 1323 2790 ex
1338 2759 1431 2801 cujus
1444 2770 1508 2792 ore.

1089 2813 1117 2833 v.
1136 2801 1189 2833 35.
1215 2813 1264 2835 me
1278 2805 1455 2844 sapientem,
1480 2814 1532 2836 me
1545 2804 1691 2836 futurum
1705 2805 1808 2846 philo-

1045 2847 1189 2887 sophum.

1090 2899 1118 2920 v.
1136 2888 1190 2920 36.
1208 2901 1228 2920 a
1240 2891 1382 2922 Fabricio
1394 2897 1498 2931 ponte.
1516 2891 1620 2923 schol.
1634 2893 1731 2934 cruq.
1747 2886 1812 2925 Hic

240 2934 369 2975 diacus;
393 2935 532 2976 trajecto,
547 2943 605 2966 nos
619 2933 712 2966 etiam
726 2932 761 2964 in
776 2931 941 2965 vernacula
955 2931 1003 2964 di·
1040 2944 1121 2975 pons
1137 2934 1302 2968 Fabricius
1323 2936 1422 2968 dictus
1435 2941 1480 2968 est
1493 2946 1513 2968 a
1530 2937 1671 2970 Fabricio
1687 2938 1812 2972 consule

695 2979 731 3007 11
