1904 3250
208 159 235 195 2
242 157 290 196 122

832 152 1133 196 HORATII

1575 160 1682 208 [mn.
1706 170 1773 200 lv..

237 282 290 321 25
325 279 512 330 Sensere,
536 279 637 336 quid
658 294 774 320 mens
795 278 886 328 rite,
910 277 1011 334 quid
1031 278 1205 330 indoles,

323 351 493 394 Nutrita
512 351 654 393 faustis
676 351 753 392 sub
772 349 1069 406 penetralibus,

439 422 598 472 Posset,
622 419 723 477 quid
744 419 927 477 Augusti
946 426 1145 475 paternus

551 490 603 531 In
623 503 776 545 pueros
796 489 959 531 animus
981 488 1186 531 Nerones.

324 559 470 601 Fortes
491 566 684 600 creantur
704 557 880 599 fortibus
902 565 944 599 et
963 557 1108 599 bonis:

235 635 291 674 30
324 632 400 673 Est
419 632 462 673 in
476 631 680 687 juvencis,
702 638 765 672 est
784 631 827 672 in
848 631 979 687 equiS,
1001 639 1167 687 patrum

437 703 581 744 Virtus
599 719 607 744 :
640 718 775 760 neque
796 703 993 745 inbellem

1012 702 1172 746 feroces

553 772 842 830 Progenerant
861 772 1014 830 aquilae
1035 773 1284 816 columbam.

322 845 529 887 Doctrina
549 845 622 886 sed
642 845 726 886 vim
745 853 966 901 promovet
984 846 1163 897 insitam,

325 917 529 973 Rectique
551 916 686 958 cultus
706 924 878 973 pectora
897 918 1099 961 roborant
1116 934 1126 959 ε

234 993 289 1031 35

438 989 665 1046 Utcunque
686 989 875 1032 defecere
895 1006 1048 1042 mores,

553 1060 806 1102 Indecorant
825 1061 932 1103 bene
953 1068 1051 1102 nata
1071 1060 1218 1117 culpae.

324 1129 441 1180 Quid
461 1129 626 1180 debeas,
651 1129 692 1172 O
716 1130 865 1181 Roma,
890 1127 1144 1182 Neronibus,

325 1201 463 1244 Testis
486 1201 731 1244 Metaurum
751 1202 921 1253 flumen,
944 1211 985 1245 et
1008 1201 1256 1245 Hasdrubal

439 1271 654 1322 Devictus,
679 1279 721 1313 et
739 1271 886 1327 pulcer
906 1271 1059 1329 fugatis

237 1346 293 1383 40

208 1473 230 1504 1.
257 1472 406 1504 Excursu
418 1477 455 1502 ut
469 1471 590 1511 spurios
603 1478 635 1502 et
652 1482 670 1502 e
691 1471 832 1513 margine
853 1477 969 1503 temere

207 1516 242 1548 in
255 1522 378 1547 textum
391 1516 573 1555 importatas
585 1515 725 1552 damnat,
740 1517 779 1546 ab
803 1515 871 1555 ipso
897 1516 969 1546 Ho-

206 1559 285 1591 ratio
301 1558 431 1599 profecti
445 1559 517 1590 sint.
557 1558 708 1590 Extitisse
722 1558 806 1589 enim
821 1559 968 1599 aliquem,

207 1604 271 1645 qui,
287 1602 336 1634 vel
350 1603 469 1644 ingenii
484 1602 534 1633 sui
547 1601 722 1633 ostentandi
737 1612 841 1640 causa,
858 1602 907 1633 vel
929 1602 971 1633 ad

206 1646 349 1679 fraudem
371 1646 467 1678 stulto
488 1646 613 1677 cuidam
638 1644 764 1677 librario
784 1645 971 1684 faciendam,

207 1689 362 1732 ejusmodi
397 1690 583 1720 sententiam
618 1689 759 1721 numeris
793 1689 973 1720 adstrictam

206 1741 312 1765 textus
329 1734 496 1764 Horatiani
511 1733 645 1774 margini
659 1732 811 1769 allineret,
836 1732 972 1765 Judaeus

210 1777 335 1817 Apella,
350 1787 415 1807 non
436 1787 506 1817 ego,
533 1776 647 1807 credat.
736 1778 799 1813 sed,
822 1777 854 1807 h.
883 1786 910 1807 e.
935 1783 973 1808 ut

207 1820 302 1852 missa
313 1820 412 1860 igitur
424 1820 546 1856 faciam,
563 1830 634 1860 quae
655 1819 707 1851 hic
728 1829 973 1851 commemorare

206 1863 286 1895 nihil
321 1864 441 1901 attinet,
479 1863 546 1895 vel:
571 1873 612 1894 ne
647 1863 744 1905 igitur
777 1869 864 1894 extra
888 1863 972 1894 oleas

208 1918 312 1949 vager,
342 1906 397 1938 sed
425 1906 466 1937 ad
494 1907 687 1947 propositum
717 1906 864 1945 redeam3
912 1907 971 1938 hac

208 1951 294 1982 enim
308 1951 373 1981 fere
387 1950 417 1980 vi
431 1950 583 1990 particula
597 1953 649 1982 sed
662 1950 821 1991 eleganter
842 1949 971 1981 adhibe-

207 2001 260 2025 tur
274 1996 313 2025 ab
326 1994 372 2031 iis,
392 1994 447 2035 qui
461 2005 480 2026 a
501 1993 691 2035 digressione
712 1993 817 2035 aliqua
837 1993 878 2024 ad
900 2003 971 2034 pro·

207 2038 344 2078 positum
366 2049 398 2068 se
419 2045 585 2075 revocant3
672 2039 807 2069 victrices
830 2044 970 2076 catervoe,

206 2081 327 2121 inpune
362 2087 444 2112 certe
472 2081 611 2120 primum
645 2081 757 2119 Italiae,
790 2086 823 2112 et
857 2081 971 2112 deinde

211 2125 326 2157 Galliae
347 2124 435 2161 fines,
457 2125 519 2155 late
541 2131 573 2155 et
597 2125 669 2155 satis
692 2124 748 2155 diu
773 2124 971 2164 depopulatae

209 2168 343 2202 fuerant.
431 2170 560 2205 revictae,
583 2168 616 2198 in
643 2168 743 2199 vicem
765 2168 816 2199 vel
840 2167 974 2199 vicissim

211 2212 310 2249 victae,
340 2211 400 2241 nisi
429 2222 486 2251 pro
514 2211 674 2251 simplice:
700 2214 797 2249 victae,
824 2218 861 2242 ut
881 2222 975 2251 supra

211 2255 275 2288 IV.
303 2254 331 2286 l.
356 2254 387 2285 8.
413 2266 560 2293 revocare,
576 2265 652 2294 pro:
678 2265 797 2292 vocare,
814 2261 846 2285 et
859 2255 973 2295 saepius

210 2299 271 2332 fllia
283 2299 378 2330 verba
392 2308 466 2329 cum
479 2309 513 2330 re
527 2299 707 2338 composita,
723 2299 862 2337 accipere
873 2298 972 2329 malis.

210 2359 250 2369 .-
265 2345 402 2379 Sensere,
418 2341 458 2372 cf.
476 2352 559 2381 supr.
577 2342 618 2373 ad
637 2342 687 2373 11.
712 2341 743 2373 ’7.
770 2341 820 2372 10.
909 2354 972 2374 nu-

211 2387 391 2429 tn'easaust.
409 2387 465 2416 sub
476 2387 627 2426 penetral.
646 2385 770 2417 exculta
784 2387 843 2416 sub
864 2385 974 2417 faustis

211 2430 246 2461 in
263 2428 402 2471 Augusti
415 2428 509 2459 domo
523 2428 677 2468 auspiciis.

253 2484 284 2505 v.
307 2471 446 2505 29—36.
473 2473 583 2503 Fortes
605 2479 722 2504 creant.
738 2474 821 2515 Jbrt.
848 2478 878 2503 et
901 2473 971 2504 bon.

213 2523 284 2549 cett.
310 2517 445 2549 Sensus:
473 2515 574 2547 Insita
598 2515 725 2556 quidem
747 2515 810 2546 fuit
836 2515 972 2546 Neroni-

212 2562 273 2592 bus
292 2559 470 2603 generosior
493 2558 597 2600 gentis
617 2569 727 2589 eorum
752 2558 881 2594 indoles,
904 2569 975 2599 quae

212 2603 296 2644 apud
326 2602 472 2639 animalia
499 2601 578 2632 adeo
606 2602 768 2643 propagari
797 2602 896 2639 solet3
921 2603 975 2632 sed

212 2654 344 2686 rectum,
358 2646 415 2689 qui
528 2655 579 2676 ere
599 2645 729 2676 omnino
753 2645 894 2682 debebat,
920 2656 975 2686 ge-

213 2691 389 2723 nerosioris.
411 2689 497 2724 illius
531 2687 647 2719 indolis
682 2688 804 2719 cultum
841 2688 975 2728 paternis

216 2734 360 2776 Augusti
373 2733 456 2766 curis
464 2731 511 2764 illi
524 2732 647 2763 debent.
661 2750 706 2756 —-
717 2731 759 2762 In
781 2731 973 2769 sententiam,

213 2785 339 2818 patrum
353 2776 492 2808 indolem
504 2774 681 2814 ingenerari
695 2774 776 2812 filiis,
792 2774 900 2805 laudat
922 2775 971 2806 Cl.

214 2823 340 2853 Musa-h.
372 2819 516 2861 Euripid-
543 2819 578 2855 in
609 2818 742 2852 Alcmae.
771 2817 856 2858 apud
886 2818 972 2849 Stob.

218 2865 309 2896 Grot.
327 2876 357 2905 p·
375 2864 450 2896 363.
469 2863 622 2899 ἐνῇ-’.λῆθε
633 2882 678 2888 --
688 2862 790 2893 {rozir
805 2862 858 2892 ἀπ’
874 2859 975 2902 ἀνδρῧν

214 2909 303 2939 icam
319 2909 465 2949 γίγνισδιι
481 2906 585 2944 τίνα,-
595 2906 693 2940 κικῦι
706 2905 728 2936 δ’
744 2905 827 2945 ἵμωα
842 2907 880 2947 τῇ
899 2905 975 2946 φύσει

214 2954 252 2992 *ᾗ
276 2954 327 2983 τοῦ
353 2953 472 2995 τας-(ὂς.
523 2950 619 2985 Ριυη
639 2948 701 2980 vid·
733 2947 817 2988 apud
847 2949 972 2980 Mitsclz.

555 1341 632 1383 Ille
654 1341 742 1383 dies
765 1341 888 1383 Latio
909 1342 1105 1392 tenebris,

1011 1478 1043 1503 et
1056 1473 1183 1513 Roettig.
1258 1473 1316 1504 Est
1333 1474 1370 1505 in
1383 1473 1528 1515 juvencis
1541 1479 1612 1506 cett.
1629 1473 1776 1506 animalia

1011 1526 1137 1556 quoque
1165 1514 1281 1547 indolis
1308 1527 1375 1547 suae
1399 1518 1638 1559 generositatem
1663 1528 1775 1558 propa-

1012 1566 1098 1600 gant.
1146 1559 1285 1590 Martial.
1320 1559 1382 1591 VI.
1413 1559 1466 1592 38.
1500 1560 1531 1592 7.
1577 1563 1672 1594 Acris
1704 1563 1776 1603 equi

1012 1604 1129 1634 suboles
1143 1614 1255 1643 magno
1269 1604 1311 1635 sic
1320 1605 1448 1644 pulvere
1459 1606 1575 1645 gaudet
1586 1619 1597 1636 .·
1623 1607 1672 1637 Sic
1694 1607 1776 1637 vitu-

1013 1647 1063 1677 lus
1091 1648 1175 1677 molli
1196 1648 1306 1687 proelia
1320 1647 1434 1688 frome
1455 1650 1549 1689 cupit.
1581 1647 1623 1679 cf.
1653 1650 1776 1681 Miuch.

1013 1691 1222 1721 —Doctrina
1236 1693 1289 1722 sed
1302 1702 1331 1722 v.
1344 1702 1480 1731 promm-
1497 1693 1579 1724 imit.
1596 1691 1652 1723 sed
1670 1691 1778 1722 insitas

1014 1732 1112 1763 animi
1126 1732 1205 1764 vires
1220 1734 1270 1775 (τὸ
1285 1734 1414 1775 ἰγσγιιὶς)
1429 1733 1514 1766 elicit
1526 1741 1559 1766 et
1566 1744 1708 1766 exercere
1718 1734 1776 1766 do—

1014 1782 1064 1807 cet
1083 1776 1247 1807 institutio.
1298 1777 1473 1809 Commode
1495 1778 1530 1808 in
1549 1779 1632 1809 hanc
1652 1784 1777 1809 senten-

1014 1819 1091 1851 tiam
1107 1819 1214 1851 laudat
1229 1822 1351 1861 Boeuig.
1381 1820 1449 1852 eie.
1473 1831 1531 1861 pro
1557 1821 1654 1852 Areh.
1685 1821 1774 1853 Poet.

1015 1861 1045 1894 7.
1092 1866 1198 1905 Atque
1211 1865 1292 1896 idem
1305 1875 1357 1904 ego
1371 1867 1528 1902 contendo,
1545 1876 1644 1906 quun·
1659 1867 1700 1896 ad
1717 1870 1778 1896 no-

1015 1913 1122 1939 turam
1150 1908 1292 1939 eximiam
1319 1913 1414 1948 atque
1439 1909 1592 1941 illustrem
1620 1910 1779 1940 accesserit

1013 1952 1092 1982 ratio
1105 1952 1249 1992 quaedom
1263 1951 1520 1993 conformatioque
1532 1953 1690 1989 doctrina,
1707 1958 1778 1987 tun

1013 1995 1092 2026 illud
1119 1996 1216 2026 nescio
1244 1996 1321 2036 quid
1337 1997 1529 2035 praedarum
1556 2006 1594 2027 ac
1617 1997 1776 2036 singulare

1013 2039 1106 2069 solere
1140 2039 1273 2070 existere.
1311 2038 1352 2070 ef.
1391 2048 1472 2079 quos
1506 2038 1614 2071 laudat
1649 2040 1775 2078 Mindi.

1017 2080 1147 2116 Quinct.
1167 2081 1248 2119 lust.
1268 2081 1326 2114 Or.
1345 2082 1434 2113 XII.
1451 2081 1482 2112 2.
1500 2088 1532 2113 et
1554 2081 1667 2122 Eun-ip.
1688 2082 1773 2114 Hec-

1014 2123 1088 2155 600.
1176 2131 1348 2167 utcunque,
1362 2127 1622 2167 quandocunque.
1709 2136 1776 2158 mo-

1017 2179 1075 2205 res,
1091 2168 1171 2199 vires
1183 2167 1292 2200 insitas
1304 2175 1387 2200 recte
1400 2168 1564 2201 exercendi
1584 2167 1725 2201 studium
1746 2174 1779 2200 et

1017 2212 1113 2248 ratim
1200 2213 1333 2244 indecor.
1360 2213 1433 2244 bene
1460 2219 1537 2244 nata
1561 2213 1669 2253 culpo,
1696 2213 1778 2244 bona

1014 2255 1136 2286 indoles
1151 2255 1200 2295 (era
1216 2255 1324 2297 εὐφυὶς)
1340 2255 1423 2286 vitiis
1435 2255 1654 2295 corrumpitur.

1059 2309 1088 2329 v.
1118 2296 1258 2329 37-48.
1292 2300 1374 2334 Quid
1394 2300 1460 2330 deb.
1481 2301 1635 2336 ORoma,
1652 2300 1774 2331 Neron.

1015 2344 1098 2374 testis
1113 2343 1256 2374 Metam·-
1268 2344 1371 2385 stum.
1389 2347 1461 2374 cett.
1510 2341 1682 2379 Quomodo
1693 2341 1778 2374 salus

1018 2392 1127 2423 vestra,
1157 2385 1188 2416 Ο
1216 2386 1365 2423 Romani,
1387 2385 1422 2416 in
1443 2385 1581 2427 antiquae
1596 2407 1598 2413 x
1611 2385 1776 2417 Neronum

1015 2429 1119 2470 gentis
1144 2429 1257 2460 virtute
1285 2428 1419 2468 reposita
1445 2429 1552 2466 fuerit,
1583 2428 1775 2460 nobilissima

1015 2472 1070 2502 illa
1084 2482 1204 2513 pugna,
1216 2483 1280 2513 qua
1295 2471 1479 2504 Hasdrubal
1498 2472 1539 2504 ad
1559 2471 1680 2503 flumen
1701 2471 1776 2503 Me-

1015 2522 1140 2547 taurum
1155 2526 1175 2547 a
1191 2516 1228 2547 C.
1250 2515 1384 2547 Claudio
1408 2516 1536 2547 Nerone
1555 2515 1697 2546 devictus
1717 2520 1774 2552 est,

1017 2565 1169 2596 testatur-3
1201 2569 1222 2589 a
1242 2559 1333 2601 cujus
1355 2565 1479 2599 eventu,
1501 2558 1556 2590 uti*
1569 2558 1682 2595 omnis,
1704 2568 1777 2598 que

1021 2602 1175 2633 Romanis
1210 2602 1357 2642 deinceps
1387 2602 1528 2644 contigit,
1731 2601 1776 2632 ita

1018 2646 1130 2683 omnig
1147 2655 1242 2686 quam
1260 2646 1353 2677 Poeni
1367 2652 1437 2685 post
1448 2645 1538 2678 illam
1551 2644 1672 2684 experti
1692 2651 1776 2683 sunt,

1018 2690 1144 2720 adversa
1162 2689 1289 2720 fortuna
1309 2688 1478 2728 repetenda
1494 2687 1567 2719 fuit.
1578 2705 1622 2712 -—
1634 2687 1717 2719 Rem
1738 2687 1776 2718 il·

1018 2731 1082 2762 lam
1110 2731 1297 2771 inprovisam
1326 2738 1358 2763 et
1382 2731 1584 2771 inopinatam.
1610 2741 1705 2772 quam
1734 2731 1772 2763 C.

1021 2774 1174 2806 Claudius
1201 2775 1296 2811 Nero.
1327 2774 1461 2812 Consul,
1486 2774 1520 2805 in
1546 2773 1630 2805 bello
1653 2774 1778 2806 Punico

1018 2817 1156 2848 secundo
1172 2818 1214 2848 A.
1235 2818 1277 2849 U.
1297 2817 1466 2849 DXLVI.
1485 2817 1663 2849 felicissimo
1683 2828 1776 2849 eveo.

1017 2866 1054 2891 tu
1067 2871 1163 2892 ausus
1176 2867 1231 2897 est,
1248 2867 1352 2891 narrat
1365 2860 1438 2892 Liv.
1459 2861 1585 2893 XXVI
1590 2861 1619 2892 1.
1637 2859 1681 2892 43
1694 2871 1775 2902 seqq.

1022 2903 1113 2935 Clam
1127 2914 1242 2944 nempe
1254 2904 1372 2941 castris,
1387 2905 1422 2935 in
1434 2904 1548 2945 quibus
1562 2904 1627 2943 ine,
1648 2904 1775 2936 Hanni-

1017 2946 1080 2980 bali
1094 2946 1262 2997 oppositus,
1278 2957 1312 2979 se
1325 2946 1429 2984 adhuc
1443 2953 1601 2987 *tenueran
1625 2958 1704 2981 cum-
1719 2947 1774 2979 de-
