1904 3250
260 219 337 257 102

885 213 1183 257 HORATII

1630 218 1738 266 [Lm.
1763 229 1811 256 11.

283 345 338 383 25
368 341 484 384 Dum
506 342 724 400 flagrantia
743 341 965 396 detorquet
984 338 1039 380 ad
1059 338 1202 379 oscula

371 415 600 465 Cervicem,
623 422 694 456 aut
714 412 823 454 facili
844 412 1003 453 saevitia
1020 419 1160 469 negat,

370 487 479 537 Quae
499 495 695 543 poscente
716 483 1052 542 magisgaudeat
1071 484 1191 539 eripi,

718 592 723 597 Α
777 557 995 599 Interdum
1016 571 1165 612 rapere
1185 557 1392 614 occupat?

766 766 1104 814 CARMEN
1150 771 1300 814 XIII.

859 913 927 944 AD
953 913 1213 945 ARBOREM.

370 1057 472 1098 ILLE
494 1064 536 1099 et
556 1056 715 1098 nefasto
736 1064 776 1098 te
798 1058 939 1113 posuit
958 1058 1039 1109 die,

369 1126 621 1184 Quicunque
641 1127 837 1182 primum,
860 1135 903 1169 et
923 1127 1125 1186 sacrilega
1143 1142 1269 1170 manu

485 1199 706 1250 Produxit‚
730 1199 866 1250 arbos,
889 1200 933 1241 in
952 1208 1152 1256 nepotum

601 1272 847 1323 Perniciem,
873 1274 1230 1330 obprobriumque
1249 1274 1360 1332 pagi.

251 1401 428 1443 percipitur,
444 1402 624 1442 voluptate?
647 1413 724 1434 num
740 1409 775 1434 tu
790 1414 871 1440 eam,
886 1404 1012 1446 quando

251 1445 306 1476 illa
319 1445 369 1476 vel
383 1453 491 1485 sponte
505 1446 649 1477 osculum
663 1447 763 1485 offert,
786 1447 834 1478 vel
856 1447 941 1478 facili
956 1459 1013 1478 sae-

252 1488 326 1520 vitia
339 1489 482 1531 denegat,
497 1497 673 1529 permutare
687 1490 763 1521 velis
777 1501 850 1522 cum
870 1492 1013 1522 Arabum

251 1531 391 1563 divitiis?
401 1550 446 1558 —
459 1533 593 1574 Signum
607 1533 826 1576 interrogandi,
843 1535 928 1575 quod
944 1541 1014 1575 post

251 1577 436 1617 Licymnia»,
453 1587 487 1607 re
500 1576 567 1616 ipsa
588 1576 755 1619 flagitante,
778 1579 879 1618 posui,
895 1578 928 1608 in
943 1588 1011 1608 om-

252 1620 354 1657 nibus,
369 1630 446 1661 quas
460 1620 592 1660 inspexi,
615 1621 802 1652 editionibus
823 1627 893 1661 post
911 1624 1014 1653 domos

251 1663 380 1694 demum
395 1663 530 1703 positum
545 1671 602 1700 est,
611 1664 695 1696 etsie
704 1666 813 1696 verba:
833 1667 946 1696 Plenas
957 1672 1015 1697 aut

251 1708 396 1738 Arabum
417 1709 530 1745 domos,
553 1718 624 1749 quae
639 1718 713 1739 cum
727 1715 876 1750 sequente
890 1714 1014 1739 senten-

250 1750 295 1781 tia
303 1750 398 1791 jungi
412 1750 535 1788 debent,
551 1761 711 1791 perperam
726 1762 798 1782 cum
814 1752 1015 1783 antecedente

247 1793 359 1835 juncta
372 1801 455 1824 sunt.
505 1795 610 1831 Quam
625 1795 752 1836 quidem
766 1795 907 1826 vitiosam
917 1796 1015 1826 inter-

251 1837 454 1877 punctionem
471 1848 490 1868 a
503 1838 629 1869 nemine
643 1838 746 1870 adhuc
761 1839 915 1870 sublatam
936 1849 1011 1877 esse,

253 1890 291 1911 eo
305 1880 406 1922 magis
420 1881 526 1919 miror,
539 1891 612 1912 cum
627 1882 671 1913 sic
686 1881 838 1922 particula
851 1885 940 1920 dum,
951 1893 1015 1922 quo

251 1923 411 1962 referatur,
428 1924 521 1964 plane
535 1935 601 1956 non
615 1926 736 1964 habeat,
752 1926 812 1956 nisi
826 1937 895 1958 eam
910 1926 1015 1966 inepte

252 1967 293 1998 ad
328 1970 448 1999 crinem
486 1970 662 2010 Licymniae
694 1969 846 2000 retuleris,
933 1972 1014 2001 dives

252 2013 461 2049 Achaemenes,
478 2012 598 2052 primus
614 2013 782 2044 Persarum
803 2023 869 2051 rex,
893 2012 928 2044 in
942 2014 1015 2044 uni-

252 2064 375 2085 versum
390 2065 445 2093 pro
460 2065 571 2096 regum
596 2056 762 2087 Persarum
785 2057 953 2097 opulentia.
971 2078 1015 2083 —

246 2099 359 2139 pingu.
375 2101 492 2140 Phryg.
508 2101 657 2140 Mygdon.
672 2111 740 2140 opes
754 2101 784 2130 h.
798 2110 825 2131 e.
839 2110 922 2140 opes.
938 2111 1016 2142 quas

255 2141 458 2182 Mygdones
449 2152 483 2172 ιιι
497 2143 610 2182 opimis
630 2144 775 2185 Plirygiae
785 2145 904 2184 campis
918 2144 1016 2184 possi-

253 2185 337 2216 dent.
387 2187 567 2226 Mygdones,
593 2187 741 2228 antiquus
761 2187 902 2218 Thraciae
916 2198 1016 2228 popu-

253 2228 313 2264 lus,
340 2228 395 2269 qui
424 2229 571 2271 Phrygiae
593 2237 714 2269 partem
739 2231 911 2270 occupavit.
962 2230 1017 2262 Ad

253 2272 523 2312 septentrionalem
541 2273 686 2316 Phrygiae
695 2274 821 2314 plagam
834 2273 1014 2316 Mygdones

254 2315 399 2347 collocat
404 2316 514 2346 Strabo
531 2316 618 2347 XlI.
644 2328 715 2358 pag.
740 2316 814 2348 861.
836 2324 1015 2359 permutare

254 2361 340 2392 crine
353 2370 430 2400 opes,
449 2359 646 2400 exquisitiore
667 2361 787 2392 ratione
802 2371 858 2400 pro
872 2361 1011 2401 vulgari:

255 2403 374 2434 crinem
387 2409 564 2443 permutare
578 2405 698 2443 opibus,
722 2405 771 2435 vel
796 2415 868 2435 cum
883 2404 1015 2444 opibus;

255 2463 300 2472 -
313 2455 387 2478 cum
409 2446 526 2477 Nostro
551 2446 600 2477 Cl.
619 2449 742 2479 Mitsch.
760 2454 920 2487 comparat
943 2447 1016 2478 Pal-

256 2489 546 2531 lad.1·:pigr.1.v.
573 2488 588 2520 l
605 2501 686 2532 seqq.
705 2491 738 2521 in
758 2490 888 2522 Anthol.
910 2491 1013 2521 Graec.

259 2533 298 2564 Τ.
318 2531 387 2564 111.
403 2543 475 2574 pag.
497 2531 568 2563 114.
660 2536 775 2566 Plenas
796 2540 854 2565 aut
874 2535 1018 2566 Arabum

256 2579 360 2609 domos
370 2586 414 2608 se.
427 2583 602 2616 permutare
615 2577 691 2607 velis
704 2578 781 2618 Licy
783 2576 878 2607 mniae
891 2578 1017 2616 osculo;

256 2630 314 2660 pro
329 2618 485 2660 simplice·
478 2643 485 2651 .
509 2620 626 2656 osculo,
642 2627 775 2662 quatuor
789 2621 927 2651 versibus
940 2621 1018 2652 mel·

257 2663 407 2695 litissimis
418 2662 516 2714 ipsips
531 2663 706 2704 Licymniae
720 2663 888 2695 osculantis
906 2664 1018 2706 imagi-

257 2717 331 2738 nem
357 2706 514 2747 expressit.
599 2708 683 2748 plen.
710 2709 808 2739 Arab.
834 2709 945 2743 domos,
967 2708 1018 2738 in-

257 2750 372 2792 tellige
388 2753 505 2788 beatas,
524 2756 562 2781 ιιι
581 2760 665 2790 supr.
692 2750 720 2781 1.
746 2750 799 2781 29.
828 2749 856 2781 l·
903 2751 1018 2782 Noster

258 2793 406 2835 loquitur,
424 2795 567 2826 Arabum
577 2805 680 2835 gazas.
757 2795 863 2844 sacili,
878 2794 970 2825 facile
984 2806 1018 2826 se

259 2837 340 2868 vinci
356 2838 502 2878 patiente.
544 2848 651 2878 rapere
663 2848 724 2869 occ.
739 2838 827 2878 pn'us
840 2837 908 2878 ipsa
922 2838 1012 2878 rapit.

471 2924 679 2956 CARMEN
703 2923 813 2958 XIII

307 3010 393 3046 Quid
419 3012 546 3043 senserit
567 3018 598 3044 et
618 3011 797 3054 cogitaverit
815 3011 976 3048 Horatius,
999 3022 1017 3042 e

1055 1410 1205 1444 praesente
1219 1404 1291 1435 vitae
1305 1403 1454 1444 periculo,
1475 1403 1560 1446 quod
1574 1404 1603 1436 ei
1617 1403 1651 1435 in
1666 1404 1740 1436 villa
1759 1416 1816 1436 sua

1055 1447 1137 1478 forte
1159 1448 1332 1479 ambulanti
1357 1449 1396 1479 ab
1421 1447 1583 1488 inopinato
1605 1449 1721 1479 arboris
1741 1459 1817 1480 casu

1055 1491 1265 1528 imminuerat,
1282 1491 1380 1533 (conf.
1398 1491 1469 1522 infr.
1490 1491 1540 1522 11.
1558 1490 1607 1523 17.
1622 1491 1675 1523 27.
1692 1492 1762 1523 111.
1782 1491 1813 1523 4⁴.

1056 1534 1087 1565 2.
1115 1534 1186 1565 ΙΙΙ.
1212 1534 1263 1575 8.)
1298 1534 1429 1566 feliciter
1465 1541 1612 1571 servatus.
1638 1535 1671 1566 id
1695 1544 1818 1567 enarrat

1055 1578 1091 1608 in
1104 1579 1164 1609 hoc
1178 1578 1325 1609 carmine.
1374 1578 1517 1609 Primum
1533 1579 1639 1621 igitur,
1650 1589 1714 1621 quo
1727 1589 1815 1620 rape-

1057 1632 1091 1652 re
1104 1622 1138 1651 in
1152 1622 1307 1663 ejusmodi
1329 1631 1404 1653 casu
1423 1622 1568 1653 homines
1587 1622 1667 1653 solet
1686 1622 1818 1654 affectus

1057 1665 1277 1702 vehementior,
1300 1665 1339 1702 ei,
1361 1666 1415 1706 qui
1429 1666 1519 1696 istam
1533 1667 1673 1697 arborem
1688 1672 1752 1696 tam
1767 1666 1817 1696 in-

1056 1708 1159 1739 fausto
1173 1709 1278 1740 omine
1292 1709 1440 1750 posuerit,
1451 1715 1600 1750 tanquam
1613 1709 1734 1740 homini
1749 1719 1817 1740 om-

1056 1752 1146 1782 nium
1157 1751 1373 1783 scelestissimo
1382 1751 1484 1783 diras’
1474 1758 1682 1792 imprecatur-3
1693 1752 1818 1791 deinde,

1057 1795 1142 1836 quod
1163 1806 1213 1826 res
1237 1795 1306 1835 ipsa
1324 1796 1392 1837 jam
1413 1797 1601 1837 suggerebat
1614 1802 1815 1836 promptum,

1056 1839 1214 1870 neminem
1240 1838 1302 1870 ab
1292 1839 1460 1879 improviso
1481 1838 1589 1870 mortis
1608 1849 1724 1881 genere
1744 1840 1819 1871 satis

1057 1882 1115 1913 sibi
1129 1893 1237 1913 cavere
1251 1893 1348 1922 posse,
1365 1882 1500 1923 graviter
1512 1882 1657 1923 exemplo
1670 1892 1730 1914 suo
1743 1892 1818 1914 con-

1057 1925 1179 1956 firmat·
1170 1950 1180 1964 ‚
1205 1926 1340 1967 denique
1357 1925 1442 1964 Orci,
1465 1925 1506 1957 ad
1519 1936 1614 1968 quem
1628 1936 1718 1967 poene
1731 1926 1816 1958 dela-

1055 1976 1107 2000 tus
1120 1969 1241 2008 fuisset,
1255 1969 1435 2011 imaginem,
1450 1969 1529 2001 mira
1542 1976 1608 2001 arte
1621 1969 1663 2001 ad
1676 1968 1776 2001 Alcaei
1787 1976 1819 2000 et

1059 2013 1203 2053 Sapphus
1215 2012 1359 2053 inprimis
1371 2012 1480 2044 laudes
1494 2013 1693 2045 celebrandas
1706 2012 1818 2044 ndum-

1055 2058 1186 2094 bratam,
1221 2057 1328 2087 animo
1362 2067 1421 2088 suo
1454 2063 1664 2097 repraesentat.
1711 2056 1820 2098 Fingit

1058 2110 1182 2140 nempe,
1213 2101 1358 2131 Alcaeum
1383 2106 1416 2131 et
1442 2100 1568 2140 Sappho
1589 2100 1675 2140 apud
1702 2099 1819 2131 inferos

1058 2154 1183 2185 quoque
1197 2144 1242 2174 ita
1255 2143 1376 2184 placere
1397 2143 1586 2174 carminibus
1605 2144 1679 2182 suis,
1692 2149 1739 2174 >ut
1752 2152 1817 2174 non

1059 2187 1161 2218 solum
1176 2197 1285 2218 omnes
1302 2187 1432 2218 Umbrae
1443 2185 1484 2217 a'd
1501 2197 1538 2217 ea
1551 2186 1708 2218 audienda
1721 2191 1818 2218 enter·

1060 2230 1156 2261 vatim
1171 2230 1340 2266 confluant,
1354 2229 1409 2260 sed
1422 2239 1532 2260 eorum
1551 2229 1718 2261 dulcedine
1741 2231 1818 2262 Cer-

1054 2275 1150 2305 berus
1163 2273 1242 2304 adeo
1262 2280 1294 2304 et·
1311 2273 1416 2304 Furiae
1429 2274 1563 2304 suaviter
1581 2273 1820 2306 demulceantur

1058 2316 1268 2358 damnatique·
1286 2316 1464 2347 intermisso
1491 2316 1610 2348 interea
1631 2316 1736 2349 labore
1759 2327 1819 2349 suo

1059 2359 1723 2446 ffid'pssssecifffflmffffiffiss‘
1744 2371 1820 2412 ³¹⁰⁰

1058 2454 1127 2477 tum
1138 2446 1178 2477 ad
1190 2447 1365 2477 universam
1380 2456 1508 2486 poeseos
1519 2446 1647 2479 laudem
1660 2447 1818 2480 celebran-

1059 2489 1132 2521 dam
1148 2489 1226 2531 fingi
1241 2501 1261 2520 a
1278 2490 1393 2521 Nostro
1407 2491 1511 2530 potuit
1524 2491 1699 2523 sublimius.

1103 2544 1132 2563 v.
1154 2531 1246 2564 1—4.
1267 2536 1327 2565 Ille
1343 2541 1372 2566 et
1386 2535 1504 2576 uffa-tta
1518 2539 1590 2566 cett.
1601 2535 1719 2577 junge·
1740 2536 1818 2571 Qui-

1061 2588 1186 2618 cunque
1199 2585 1240 2614 te,
1255 2579 1358 2615 arbor,
1369 2584 1510 2618 primum
1529 2578 1650 2618 posuit,
1659 2579 1710 2610 fue
1721 2584 1752 2610 &e
1760 2589 1818 2620 po-

1061 2622 1123 2651 suit
1147 2627 1175 2652 ee
1190 2623 1240 2652 die
1260 2622 1389 2664 uffa-sto,
1411 2627 1442 2653 et
1462 2633 1563 2653 manu
1583 2623 1727 2663 ramlegq
1742 2632 1820 2662 pro-

1060 2665 1146 2695 duxit
1157 2670 1229 2695 cett.
1301 2666 1419 2707 nefasto
1428 2664 1591 2695 infausto.
1657 2666 1763 2706 posuit
1773 2682 1817 2691 —

1054 2718 1169 2748 ponere
1183 2710 1322 2740 arborem
1337 2708 1444 2751 (plane
1457 2707 1505 2738 uti
1517 2717 1592 2739 nos:
1620 2709 1712 2740 einen
1723 2709 1818 2740 baum

1059 2751 1172 2792 serzen)
1196 2762 1271 2792 pro:
1297 2762 1406 2789 serere,
1427 2750 1576 2792 plantare,
1593 2751 1711 2791 passim
1733 2751 1817 2792 apud

1060 2794 1222 2834 scriptores
1246 2795 1394 2833 rusticos3
1418 2793 1503 2847 apud
1526 2794 1677 2831 Ovidium
1692 2805 1818 2836 quoque

1064 2837 1144 2869 Fast.
1163 2839 1234 2870 ΙΙΙ.
1256 2837 1326 2869 139.
1345 2838 1389 2869 sie
1518 2839 1609 2870 arbor
1629 2837 1763 2878 dicitur·
1785 2845 1817 2869 et

1061 2881 1106 2912 sic
1119 2888 1252 2914 statuere
1266 2884 1408 2914 arborem
1420 2891 1497 2912 vers-
1514 2879 1564 2912 10.
1609 2883 1678 2918 Qm‘.
1693 2899 1736 2906 —

1063 2927 1158 2963 dua-it,
1174 2936 1232 2965 pro
1245 2925 1397 2962 educavit,
1412 2924 1471 2962 vel,
1485 2924 1571 2966 quod
1583 2924 1678 2962 idem,
1694 2924 1812 2956 eduxit.

1060 2986 1103 2992 —
1116 2971 1318 3010 obprobrium,
1334 2968 1486 3006 dedecus;
1500 2978 1577 3000 noa.
1601 2970 1813 3011 schandflecle;

1051 3012 1103 3085 lslic
1118 3015 1272 3053 opprobria
1289 3014 1416 3046 Romuli
1431 3014 1581 3054 Remique
1595 3011 1678 3053 apud
1696 3012 1812 3043 Catull.
