1904 3250
203 131 258 169 82

820 121 1135 166 HORATII

1577 119 1684 167 [Lm.
1706 128 1756 156 11.

320 252 548 294 Redditum
566 238 673 308 *Cyri
694 250 798 291 solio
821 248 1044 290 Phraatem

318 325 538 367 Dissidens
559 324 672 380 plebi
692 337 868 365 numero
887 322 1106 362 beatorum

317 395 476 436 Eximit
496 394 653 443 Virtus,
676 391 961 448 populumque
980 388 1094 430 falsis

230 473 284 511 20
719 463 913 506 Dedocet
932 462 992 503 uti

316 541 523 590 Vocibus;
555 553 731 596 regnum
752 545 794 578 et
813 535 1007 577 diadema
1026 543 1161 576 tutum

316 610 521 653 Deferens
543 609 614 650 uni
634 607 930 663 propriamque
950 605 1127 655 laurum,

316 682 515 738 Quisquis
536 682 724 737 ingentes
745 678 867 720 oculo
887 679 1082 720 irretorto

719 753 887 808 Spectat
907 764 1090 793 acervos,

739 962 1076 1005 CARMEN
1128 963 1223 1004 ΙΙΙ.

810 1108 878 1139 AD
905 1107 1144 1139 DELLIUM.

317 1247 506 1302 AEQUAM
528 1254 737 1288 memento
757 1247 882 1288 rebus
903 1247 946 1288 in
967 1246 1107 1288 arduis

318 1321 492 1363 Servare
513 1327 707 1369 mentem,
730 1334 816 1360 non
837 1334 956 1360 secus
977 1319 1020 1359 in
1039 1318 1162 1360 bonis

430 1389 500 1431 Ab
519 1388 714 1430 insolenti
733 1396 1006 1444 temperatam

548 1458 729 1509 Laetitia,
751 1458 966 1509 moriture,
989 1457 1118 1509 Delli,

241 1581 270 1600 v.
292 1568 426 1600 17—24.
448 1569 577 1609 Sapiens
590 1569 685 1611 longe
699 1569 797 1607 aliter,
812 1579 849 1600 ac
862 1568 958 1608 plebs,

199 1614 240 1646 de
252 1613 410 1649 felicitate,
434 1624 504 1654 quae
527 1613 640 1644 virtute
665 1613 793 1652 paritur,
814 1612 955 1654 judicat3

199 1668 258 1688 nec
274 1657 441 1688 Phraatem
455 1657 537 1694 ideo,
560 1656 644 1698 quod
665 1657 699 1686 iu
720 1666 853 1697 regnum
882 1656 959 1687 Par·

133 1730 135 1732 .
198 1700 318 1732 thicum
334 1700 494 1731 restitutus
514 1701 564 1734 sit,
587 1701 621 1730 in
646 1710 775 1731 censum
797 1701 960 1730 beatorum

197 1744 311 1781 refert3
330 1743 487 1784 idemque,
501 1745 645 1784 probans,
659 1743 763 1774 solum
777 1743 861 1773 enim
877 1749 960 1773 recte

198 1787 262 1821 dici
275 1797 364 1827 posse
376 1798 492 1828 regem,
506 1795 537 1819 et
547 1787 679 1818 summis
688 1787 811 1818 virtutis
823 1785 960 1826 praemiis

199 1831 332 1872 dignum
358 1842 433 1868 esse,
459 1831 513 1872 qui
541 1831 630 1862 nulla
658 1831 751 1871 plane
779 1829 959 1861 divitiarum

199 1874 368 1915 cupiditate
383 1882 414 1905 et
428 1875 546 1905 invidia
558 1881 714 1916 tangatur,
730 1875 846 1905 rectius
858 1883 959 1913 popu-

198 1919 268 1949 lum
281 1917 321 1948 de
334 1918 473 1949 humana
486 1919 633 1949 felicitate
642 1917 785 1959 judicare
798 1917 899 1948 docet.
916 1934 960 1942 —-

201 1963 326 1994 Reddit.
361 1964 434 2003 Cyri
461 1963 531 1993 solio
562 1965 690 1993 Phraat.
726 1961 882 1997 Phraates,
905 1970 959 1991 rex

196 2005 403 2042 Parthorum,
419 2015 493 2035 cum
508 2005 692 2036 insolentius
706 2011 738 2035 et
751 2004 908 2035 crudelius
929 2015 962 2035 se

201 2049 354 2090 gessisset,
369 2059 387 2078 a
402 2049 466 2079 suis
481 2049 639 2088 expulsus,
662 2048 718 2079 sed
739 2047 822 2078 idem
837 2047 961 2084 deinde,

203 2092 388 2133 Scytharum
404 2092 531 2129 auxilio,
547 2092 632 2133 quod
647 2091 871 2131 imploraverat,
894 2102 962 2122 sus·

201 2141 348 2170 tentatus,
377 2135 419 2166 U.
451 2136 487 2167 C.
520 2136 741 2167 DCCXXX.
770 2135 803 2165 in
828 2145 963 2177 regnum

201 2178 363 2210 restitutus
377 2185 441 2215 est;
467 2189 495 2209 v.
519 2179 584 2210 Dio
607 2179 669 2210 LI.
689 2178 738 2209 18.
757 2179 796 2210 cf.
822 2189 906 2218 supr.
924 2177 966 2210 acl

202 2223 235 2254 J.
252 2221 306 2253 26.
330 2221 361 2252 5.
408 2224 482 2263 Cyri
503 2224 585 2258 solio,
601 2222 732 2262 imperio
750 2222 886 2259 Persico,
909 2232 966 2262 pro

206 2265 364 2303 Parthico,
379 2273 415 2296 ut
429 2276 511 2305 saepe
528 2266 632 2296 Persae
645 2276 702 2306 pro
719 2266 862 2304 Parthis5
878 2276 962 2305 supr.

205 2309 235 2342 I.
254 2309 285 2340 2.
310 2308 362 2339 22.
386 2316 417 2340 et
438 2308 490 2340 21.
519 2308 568 2340 15.
657 2311 824 2346 beatorum,
854 2310 961 2340 Senec.

205 2353 308 2394 Epist.
327 2351 380 2383 45.
398 2355 502 2384 beatus
527 2365 592 2384 ‘non
614 2354 639 2383 is
661 2359 715 2390 est,
741 2365 833 2394 quem
853 2354 967 2393 vulgus

203 2398 344 2438 aspellat,
361 2398 402 2428 ad
416 2408 508 2438 quem
523 2408 637 2437 magna
647 2398 783 2437 pecunia
799 2398 963 2437 confluxit,-

179 2453 182 2458 ·
204 2443 256 2472 sed
269 2441 329 2476 ille,
345 2442 398 2472 cui
411 2442 524 2471 bonum
539 2451 628 2471 omne
648 2442 683 2471 in
697 2442 801 2471 animo
815 2445 869 2476 est,
885 2450 965 2471 erec-

205 2490 265 2522 tus,
280 2485 421 2521 etz-celsus,
437 2490 465 2515 et
479 2484 630 2515 mirabilia
645 2485 777 2514 calcans·
862 2484 966 2514 Virtus

204 2537 368 2567 personam
397 2527 539 2563 doctoris,
569 2526 633 2556 sive
661 2526 816 2566 sapientis,
844 2526 967 2556 virtutis

197 2570 367 2611 praeceptis
401 2570 523 2607 imbuti,
559 2569 671 2600 induit.
752 2571 964 2610 populumque

201 2615 283 2656 fals.
300 2617 366 2646 ded.
383 2615 573 2648 minacibus,
597 2619 628 2643 et
642 2612 795 2653 populum
811 2612 965 2651 deponere

203 2660 296 2698 jubet
310 2658 412 2697 salsas,
427 2667 506 2699 quas
517 2658 558 2688 de
578 2656 725 2687 felicitate
746 2656 884 2686 humana
905 2656 963 2686 im-

207 2701 329 2739 biberit,
343 2701 518 2734 sententias.
584 2701 736 2736 diadenm,
752 2698 874 2740 insigne
889 2699 966 2740 regii

205 2745 332 2776 honoris
340 2758 350 2783 ;
368 2751 484 2782 tutum,
498 2742 583 2786 quod
597 2743 673 2783 eripi
690 2742 805 2783 nequit.
891 2754 961 2783 pro·

202 2791 318 2828 priam.
333 2798 511 2828 perennem,
526 2795 692 2824 aeternam;
710 2786 776 2817 Cic.
794 2791 863 2826 post
881 2785 960 2817 Red.

210 2842 241 2860 in
260 2833 363 2863 Senat.
375 2831 407 2863 4⁴.
426 2834 460 2864 Si
472 2833 550 2864 illud
558 2841 743 2872 a—perenne
754 2841 792 2860 ac
800 2831 964 2870 proprium

211 2886 334 2907 nmncre
344 2878 488 2917 potuisset
497 2891 509 2913 ‚·
533 2881 565 2906 et
577 2874 620 2906 sic
633 2883 784 2914 perennes
798 2880 828 2903 et
842 2880 965 2903 aeternae

211 2917 340 2949 deorum
363 2919 535 2960 voluptates
553 2919 690 2961 propria·
713 2916 861 2949 dicuntur
881 2916 964 2957 apud

1003 1568 1130 1599 Terent.
1153 1568 1255 1600 Andr.
1275 1568 1314 1599 V.
1338 1569 1371 1600 5.
1394 1567 1428 1600 40.
1515 1572 1600 1602 oculo
1622 1572 1762 1602 irretorco

1001 1613 1032 1643 h.
1052 1622 1080 1643 e.
1104 1619 1199 1648 recto,
1225 1612 1348 1653 ὄμμασιν
1369 1614 1472 1656 ὅρθοῗς,
1495 1612 1761 1658 ἀσκαρδαμᾶκσοις,

1003 1659 1142 1695 duacum·
1159 1657 1235 1693 two-1¹,
1246 1666 1310 1686 non
1324 1656 1502 1691 invidorum
1512 1667 1607 1692 more.
1619 1656 1673 1698 qui
1684 1667 1760 1693 rem,

1003 1699 1055 1730 cui
1069 1700 1131 1729 invi
1155 1706 1220 1737 ent,
1235 1699 1321 1730 haud
1334 1700 1436 1736 rectis,
1451 1699 1506 1730 sed
1520 1700 1561 1731 ad
1575 1711 1645 1731 eam
1659 1700 1708 1731 vel
1722 1701 1762 1731 ab

1003 1754 1040 1774 ea
1054 1744 1176 1775 retortis
1190 1744 1222 1774 h.
1236 1754 1263 1775 e.
1277 1743 1361 1774 limis
1374 1750 1406 1775 et
1421 1743 1533 1775 invidis
1545 1743 1646 1775 ocutis
1659 1737 1762 1784 adspi-

1001 1787 1097 1818 ciunt.

1229 1873 1441 1906 CARMEN
1464 1873 1536 1905 111.

1050 1960 1166 1997 Dellio‚
1195 1961 1251 2002 qui
1279 1967 1348 1992 tum
1376 1962 1418 1992 ob
1445 1966 1630 2002 presentem
1657 1970 1762 1992 rerum

1006 2015 1134 2036 suarum
1149 2010 1265 2036 statum
1287 2005 1420 2036 tristitiae
1442 2015 1475 2035 ee
1494 2004 1658 2036 tradidisse
1678 2003 1763 2035 vide-

1005 2056 1066 2085 tur,
1089 2048 1232 2079 animum
1251 2048 1285 2079 in
1310 2055 1442 2089 utraque
1461 2048 1589 2079 fortuna
1609 2047 1667 2080 sibi
1687 2057 1763 2079 con-

1006 2098 1139 2123 stantem
1169 2091 1379 2130 commendat,
1409 2101 1546 2132 eumque
1568 2097 1686 2128 monet,
1716 2097 1762 2128 ut,

1006 2135 1167 2167 communi
1188 2135 1342 2166 moriendi
1363 2135 1543 2166 necessitate
1563 2141 1636 2166 ante
1655 2134 1764 2166 oculos

1008 2179 1066 2210 sibi
1086 2180 1195 2218 posita,
1218 2178 1290 2209 νίζε
1307 2177 1566 2220 jucunditatibus,
1587 2177 1665 2208 dum
1678 2177 1762 2215 licet,

1008 2223 1161 2262 sapienter
1174 2222 1359 2262 perfruatur.
1372 2239 1416 2247 -
1432 2221 1485 2252 De
1505 2231 1568 2262 quo
1581 2221 1708 2262 quidem
1723 2221 1763 2253 ad

1003 2265 1200 2308 jucundioris
1213 2265 1285 2296 vitae
1297 2265 1436 2297 fructum
1449 2271 1606 2305 spectante
1626 2275 1763 2305 praecep·

1008 2318 1051 2347 to,
1065 2309 1179 2348 saepius
1192 2318 1273 2339 nova
1279 2314 1345 2340 arte
1357 2319 1377 2340 a
1392 2309 1510 2340 Nostro
1522 2308 1662 2348 repetito,
1677 2319 1764 2340 oom-

1008 2363 1083 2394 para
1104 2362 1187 2392 supr.
1206 2351 1260 2382 lib.
1292 2352 1320 2383 1.
1344 2362 1438 2383 carm.
1466 2350 1498 2383 4.
1523 2359 1554 2382 et
1578 2350 1608 2382 9.
1626 2369 1670 2376 —
1689 2352 1764 2383 Fuit

1008 2402 1114 2428 autem
1138 2395 1180 2431 Q.
1210 2394 1336 2426 Dellius
1359 2396 1456 2427 homo
1480 2395 1584 2426 varius
1603 2401 1636 2426 et
1655 2395 1764 2427 incon-

1007 2446 1101 2475 stans,
1130 2440 1334 2480 bellorumque
1362 2441 1509 2476 civilium,
1533 2445 1571 2470 ut
1595 2446 1722 2470 vocatur
1744 2450 1763 2470 a

1009 2482 1146 2514 Messala
1166 2481 1250 2521 apud
1274 2483 1383 2514 Senec.
1403 2483 1492 2514 Suas-
1513 2483 1540 2514 1.
1561 2481 1592 2512 6.
1610 2485 1762 2520 dentum,-

1009 2526 1048 2557 de
1071 2536 1135 2566 quo
1159 2524 1221 2555 vid.
1243 2525 1325 2556 vell.
1346 2526 1467 2558 Patere.
1488 2527 1539 2558 ΙΙ.
1558 2524 1616 2561 84.
1641 2533 1673 2557 et
1698 2526 1764 2556 Dio

1009 2569 1144 2601 XLIX.
1163 2567 1215 2598 39.
1232 2568 1337 2610 ibique
1358 2571 1548 2602 Fabricium.

1049 2623 1078 2643 v.
1099 2611 1192 2643 1-8.
1218 2614 1316 2654 AEqu.
1340 2625 1431 2645 mem.
1457 2619 1527 2644 cett.
1552 2623 1640 2645 mens
1753 2636 1761 2649 ‚

1008 2666 1078 2697 quae
1091 2655 1219 2686 fortuna
1232 2655 1359 2687 adversa
1372 2657 1456 2688 haud
1478 2656 1518 2688 de
1538 2662 1622 2687 statu
1635 2665 1694 2686 suo
1707 2655 1762 2686 de-

1003 2699 1120 2742 jicitur,
1146 2698 1201 2730 sed
1221 2699 1254 2729 in
1276 2710 1313 2730 ea
1333 2700 1391 2731 sibi
1412 2706 1541 2738 constat,
1563 2709 1694 2739 eamque
1708 2709 1762 2738 pa-

1007 2744 1118 2774 tienter
1130 2742 1199 2773 sest.
1288 2745 1377 2775 rebus
1389 2745 1424 2775 in
1437 2745 1505 2774 ard.
1523 2761 1567 2768 —
1579 2753 1629 2774 res
1642 2744 1760 2779 arduoe,

1008 2797 1078 2828 quae
1100 2785 1334 2817 difficultatibus
1361 2786 1446 2818 haud
1469 2786 1561 2818 facile
1581 2786 1762 2825 superandis

1008 2840 1065 2860 nos
1078 2829 1263 2869 impediunt,
1286 2840 1335 2860 res
1348 2830 1452 2861 dubiae
1466 2837 1498 2860 ct
1510 2828 1701 2869 pen'culosae.
1718 2847 1762 2854 —

1007 2875 1045 2904 ab
1058 2875 1146 2904 insol.
1163 2879 1287 2914 temper.
1311 2874 1395 2904 laelic.
1421 2873 1450 2903 Ιι.
1476 2884 1503 2904 e.
1529 2874 1572 2904 ita
1590 2872 1709 2904 ratione
1729 2884 1763 2904 se

1007 2916 1072 2958 regi
1087 2917 1265 2957 patientem,
1282 2927 1320 2948 nc
1337 2916 1517 2948 insolentius
1532 2916 1563 2948 in
1578 2926 1612 2948 re
1626 2915 1761 2948 secunda
