1904 3250
223 198 302 236 156

847 196 1153 239 HORATII

1584 205 1692 253 [Lm.
1715 214 1783 242 111.

338 320 392 371 O,
416 323 604 378 quamvis
625 337 761 378 neque
782 329 823 362 te
844 335 1032 372 munera,
1055 336 1133 363 nec
1153 337 1311 378 preces,

335 392 427 435 Nec
448 394 601 436 tinctus
622 394 732 435 viola
751 393 889 449 pallor
909 393 1152 445 amantium,

253 469 303 507 15
337 465 428 508 Nec
448 467 512 507 vir
536 466 674 508 Pieria
693 466 843 522 pellice
864 467 1029 508 saucius

744 541 926 583 Curvat:
960 541 1217 598 supplicibus
1239 543 1319 584 tuis

338 611 505 660 Parcas,
528 625 605 651 nec
626 610 764 668 rigida
783 611 951 653 mollior
973 612 1142 663 aesculo,

335 679 426 720 Nec
450 678 616 720 Mauris
638 680 824 721 animum
845 681 986 722 mitior
1007 682 1226 739 anguibus.

335 751 433 794 Non
454 751 535 793 hoc
558 768 723 808 semper
743 754 823 794 erit
843 753 996 795 liminis
1017 762 1091 796 aut
1110 770 1232 811 aquae

247 827 300 864 20

743 825 933 868 Caelestis
954 827 1117 882 patiens
1137 827 1258 869 latus.

773 1036 1101 1078 CARMEN
1133 1038 1223 1079 XI.

862 1175 932 1207 AD
956 1177 1137 1209 LYDEN.

336 1288 572 1339 Mrlncum,
596 1303 693 1330 nam
715 1296 755 1330 te
777 1289 924 1331 docilis
945 1291 1146 1348 magistro

334 1358 473 1400 Movit
495 1358 713 1415 Amphion
733 1358 896 1415 lapides
918 1360 1121 1411 canendo,

333 1431 500 1488 Tuque,
525 1430 729 1482 Testudo,
763 1446 961 1474 resonare
982 1440 1143 1489 septem
1185 1460 1188 1464 -

747 1501 913 1544 Callida
932 1503 1084 1553 nervis,

215 1634 250 1652 συ
265 1619 298 1676 δί
308 1621 385 1651 πάνυ
400 1621 528 1661 χαλεπῇ
544 1620 588 1651 ἆυ
605 1633 647 1651 τω
660 1619 794 1663 ἀνθρώπῳ
809 1620 974 1661 γεγένησωι.

215 1678 266 1695 και
282 1677 310 1706 oa
312 1677 342 1700 α,
364 1677 406 1703 μη
422 1665 505 1694 κατὰ
529 1677 580 1696 την
603 1664 760 1706 παροιμίαν
782 1664 979 1707 αἱποῤῥῆξωμεν

215 1709 274 1738 σαν
276 1721 291 1738 υ
301 1707 438 1738 τείνουσαι
449 1721 482 1738 -ro
474 1706 639 1738 κκλώῖιον.
651 1713 683 1738 et
696 1707 875 1738 Aristaenet.
891 1707 977 1747 Epp.

216 1749 660 1789 11.1.p.'72.Abr.mtaou
682 1764 729 1791 μοι
756 1765 808 1782 και
831 1765 883 1785 τη.-
907 1764 980 1790 αμε-

214 1794 296 1837 Τξίᾶς
313 1807 461 1835 απθᾰχθυο
482 1807 542 1837 Ded,
568 1807 611 1834 μη
637 1808 722 1826 xoe‘foe
749 1808 800 1828 (Γῆν
827 1806 982 1838 ’ἶαξθίμίαν

213 1838 414 1892 ἆτορῥήξωμεν
426 1839 485 1869 πάν
488 1851 503 1868 ν
525 1837 664 1873 τιῖναντες
681 1850 715 1869 το
738 1836 886 1874 naz-afflant,
909 1837 981 1878 lanz}

215 1882 305 1923 λάθῃς
329 1881 427 1912 λοισι-ον
455 1895 474 1913 ει
471 1882 491 1916 ’ς
515 1883 652 1938 dyrgux'a'
645 1882 686 1912 ἀν
710 1883 924 1922 μεταβαλουσα
948 1896 981 1913 το

214 1925 352 1979 perimma-
400 1924 477 1956 οἶσθα
500 1924 537 1962 δε,
562 1926 622 1956 ὅσον
638 1926 729 1969 ’Ἔρως
753 1925 979 1968 almiro-eandem

215 1971 272 2003 ’τοῖς
291 1968 435 2010 ὑπιρηφαν
437 1969 493 1999 οὖσι
521 1971 608 2010 φιλεῖ.
712 1971 790 2001 Non
813 1975 842 2000 te
869 1970 974 2000 Penel-

212 2012 307 2054 dlffi'c-
321 2023 408 2052 proc.
433 2014 453 2043 21
455 2015 544 2053 yrrlz
561 2024 633 2052 gen.
646 2024 720 2053 par.
738 2022 813 2043 cum
833 2012 978 2043 Etruscae

213 2055 329 2095 puellae
350 2055 426 2086 alias
450 2055 579 2087 leviores
602 2062 634 2086 et
659 2067 679 2086 a
704 2055 853 2087 castitatis
881 2055 976 2092 illius,

213 2109 309 2140 quam
327 2098 486 2139 Penelope
501 2099 613 2130 marito
628 2110 687 2130 suo
704 2099 812 2140 Ulyssi
826 2099 977 2139 probavit,

213 2141 318 2173 studio
332 2142 444 2172 alienae
462 2149 586 2181 essent3
612 2143 680 2185 (Cl.
698 2145 824 2175 Mitsclz.
844 2143 876 2173 in
898 2144 980 2173 hanc

213 2195 281 2217 rem
295 2184 404 2216 laudat
421 2186 567 2217 Athenae.
584 2187 671 2217 XII.
690 2186 722 2218 3.
735 2197 766 2226 p.
787 2185 881 2227 517.)
907 2186 978 2217 Ho-

213 2229 311 2260 ratius
325 2239 390 2259 non
405 2229 472 2260 sine
487 2240 582 2261 causa
598 2230 707 2271 Lycen
724 2230 871 2261 Etruscae
885 2229 980 2271 origi-

213 2273 264 2303 nis
277 2283 344 2304 esse
362 2280 595 2304 commemorat.
687 2276 862 2315 Penelopen
882 2275 977 2316 diffic-

210 2327 295 2358 [που.
314 2322 379 2346 tam
395 2323 523 2354 castam,
535 2316 636 2358 qualis
650 2317 714 2348 fuit
731 2317 901 2356 Penelope.

257 2370 285 2391 v.
307 2358 443 2390 13-20.
470 2362 556 2392 tinct.
582 2362 650 2392 υἱοί.
671 2363 748 2402 pall.
766 2367 884 2392 amant.
912 2361 980 2400 pal-

215 2403 273 2441 lor,
309 2413 374 2444 quo
402 2413 468 2443 prae
497 2414 602 2434 amore
638 2404 924 2435 contabescentium
945 2414 982 2434 os

214 2447 390 2485 obducitur,
407 2456 482 2477 cum
492 2447 645 2478 violarum
657 2448 760 2478 colore
771 2453 980 2488 comparatur,

214 2491 302 2522 luteo
315 2490 370 2522 illo
384 2500 497 2531 nempe
522 2491 623 2532 (unde
644 2491 718 2522 infr.
738 2491 842 2531 Epod.
863 2491 908 2522 X.
930 2490 980 2522 16.

211 2536 314 2576 pallor
325 2536 447 2576 luteus)
469 2533 520 2564 vel
541 2533 634 2571 albo;
665 2544 740 2565 nam
754 2534 919 2572 violarum,
942 2539 980 2566 ut

218 2578 303 2609 Plin.
332 2577 436 2609 XXI.
462 2577 493 2608 6.
519 2576 572 2614 ait,
596 2579 734 2618 plurima
754 2590 879 2618 genera,
896 2590 979 2619 pur-

211 2633 334 2663 pureae,
356 2623 458 2659 lutea,
484 2622 560 2652 albae
571 2636 583 2658 ;
620 2621 694 2651 hinc
715 2623 868 2661 pallentes
893 2624 980 2657 violae

216 2665 302 2705 apud
318 2665 409 2707 Virg.
424 2663 495 2696 Ecl.
512 2664 562 2695 ΙΙ.
580 2662 634 2694 47.
684 2663 733 2696 Cl.
749 2666 874 2696 Mitsclz.
892 2675 979 2696 com-

214 2715 303 2749 parat
328 2708 479 2749 Calpur-n.
507 2707 573 2739 IX.
613 2705 667 2738 41.
716 2709 866 2739 Pallidior
902 2710 978 2741 buxo

214 2754 359 2795 violaeque
375 2753 550 2784 simillimus
560 2763 639 2783 erro.
729 2753 777 2782 vir
785 2753 887 2792 pellic.
906 2763 979 2784 sau-

215 2798 293 2834 cius,
330 2796 462 2827 maritus
496 2793 615 2836 pellicis
649 2803 756 2825 amore
792 2804 978 2834 percussus3

216 2839 335 2871 scilicet
347 2841 448 2872 saucii
460 2838 609 2870 dicuntur
617 2843 769 2874 amantes,
784 2837 978 2878 sagittarum,

216 2883 330 2923 quibus
344 2889 469 2923 pectora
482 2881 656 2914 amantium
681 2891 701 2912 a
728 2880 886 2920 Cupidine
908 2892 977 2912 sau-

217 2926 291 2956 ciari
319 2926 479 2963 dicuntur,
510 2937 524 2956 r
679 2924 807 2961 habito;
839 2923 980 2955 similiter

217 2979 300 3008 supr.
318 2970 345 3001 1.
362 2969 415 3001 27.
437 2969 486 3000 12.
504 2969 580 3001 felix
601 2969 636 3000 in
657 2977 764 3000 amore
785 2969 890 2999 beatus
911 2970 978 2999 vul-

219 3023 290 3043 nere
304 3019 335 3045 et
349 3013 459 3046 infelix
474 3014 507 3045 in
523 3022 628 3047 amore
645 3013 746 3055 perire
767 3013 878 3052 sagina
901 3010 977 3043 dici-

1022 1627 1085 1651 tur.
1177 1621 1293 1657 Pteria,
1318 1621 1477 1661 Thessala,
1503 1632 1523 1653 a
1546 1621 1661 1660 Pieria,
1686 1622 1784 1654 Thes-

1023 1664 1108 1695 saliae
1122 1664 1261 1705 regione.
1350 1671 1470 1703 curvat,
1486 1664 1591 1702 flectit,
1607 1666 1786 1706 pervincere

1022 1713 1133 1747 potest,
1150 1717 1193 1738 sc.
1210 1713 1247 1739 ut
1260 1708 1359 1739 amori
1368 1718 1488 1746 eorum,
1505 1708 1562 1750 qui
1569 1715 1603 1740 te
1617 1716 1784 1747 sectantur,

1024 1761 1144 1782 morem
1170 1761 1269 1792 geras.
1368 1754 1554 1793 mfflicibus
1574 1755 1636 1785 tuis
1659 1764 1784 1794 parcas,

1026 1794 1090 1825 noli
1121 1801 1226 1825 tamen
1259 1795 1463 1832 committere,
1499 1802 1537 1826 ut
1565 1806 1625 1838 ego
1653 1795 1786 1837 supplex

1023 1844 1145 1870 amator
1158 1844 1230 1869 ante
1244 1838 1326 1869 forae
1340 1844 1410 1870 tuas
1427 1845 1598 1879 prostratus
1607 1848 1786 1880 peream.—

1024 1893 1081 1913 nec
1096 1883 1189 1922 rigid.
1207 1883 1290 1913 moll.
1307 1893 1376 1914 aesc.
1401 1888 1474 1914 cett.
1495 1883 1526 1915 0
1542 1889 1591 1922 tu,
1613 1893 1685 1924 quae
1698 1893 1786 1914 nunc

1022 1936 1055 1957 es
1083 1935 1141 1956 nec
1170 1925 1296 1956 mollior
1318 1925 1420 1967 rigida
1444 1926 1569 1964 aesculo,
1598 1936 1657 1957 nec
1681 1926 1787 1958 mitior

1023 1968 1166 2000 animum
1183 1969 1307 2000 Mauris
1328 1970 1495 2011 anguibus,
1510 1970 1542 2000 h.
1561 1981 1589 2001 e.
1605 1969 1637 2002 Ο
1650 1975 1698 2008 tu,
1713 1980 1786 2012 quae
1809 1987 1815 2002 ι

1021 2012 1125 2044 adhuc
1139 2011 1305 2043 durissimo
1319 2013 1426 2044 animo
1447 2023 1586 2044 amorem
1606 2020 1715 2044 meum
1729 2013 1784 2044 nd-

1021 2062 1166 2096 spernata
1190 2066 1234 2087 es.
1322 2058 1461 2094 Mauris,
1491 2055 1671 2088 saevioribus
1699 2056 1784 2088 enim

1022 2100 1179 2142 anguibus
1195 2100 1353 2131 scatebat·
1343 2100 1485 2140 inprimis
1500 2100 1704 2132 Mauritania.

1253 2186 1464 2218 CARMEN
1489 2186 1559 2218 XI.

1070 2274 1117 2306 Ut
1138 2273 1171 2304 in
1197 2273 1335 2304 carmine
1360 2266 1563 2305 antecedente
1589 2274 1711 2315 Lycen,
1740 2273 1785 2305 ita

1025 2317 1058 2348 in
1072 2319 1133 2348 hoc
1146 2323 1238 2357 poeta
1254 2315 1377 2358 Lyden,
1400 2316 1538 2358 puellam
1553 2317 1668 2358 pariter
1681 2315 1784 2350 adhuc

1023 2371 1162 2401 asperam
1195 2366 1226 2391 et
1252 2359 1387 2391 ferocius
1412 2366 1588 2392 amatorum
1618 2359 1785 2392 blanditias

1023 2410 1231 2444 respuentem,
1258 2404 1415 2435 mitiorem
1437 2410 1469 2435 et
1491 2404 1550 2435 sibi
1569 2403 1785 2445 procliviorem

1024 2447 1154 2479 reddere
1167 2446 1281 2478 studet.
1330 2448 1348 2479 1
1353 2458 1372 2477 n
1387 2454 1490 2488 partes
1503 2447 1604 2490 igitur
1616 2454 1705 2479 vocat
1718 2454 1784 2478 tam

1022 2491 1098 2532 lyrae
1112 2491 1316 2527 inventorem,
1340 2491 1549 2529 Mercurium,
1573 2500 1668 2533 quam
1683 2490 1784 2530 ipsam

1022 2535 1132 2576 lyram,
1169 2544 1388 2576 enarransque,
1416 2534 1576 2576 quomodo
1603 2533 1784 2566 dulcissimo

1023 2580 1091 2620 ejus
1104 2584 1199 2610 cantu
1214 2579 1362 2619 Orpheus
1373 2588 1438 2609 non
1450 2578 1552 2610 solum
1562 2586 1659 2609 sevus
1671 2576 1784 2608 bestias

1022 2622 1220 2664 mitigaverit,
1244 2624 1369 2653 arbores
1392 2621 1535 2653 acciverit
1558 2627 1590 2652 et
1615 2619 1783 2652 fluviorum

1024 2676 1151 2697 cursum
1174 2665 1353 2703 inhibuerit,
1384 2664 1439 2696 sed
1462 2662 1548 2704 apud
1567 2664 1684 2695 inferos
1703 2674 1783 2705 quo-

1023 2720 1086 2750 que
1104 2710 1276 2741 Cerberum
1291 2708 1370 2740 adeo
1383 2707 1516 2740 suaviter
1535 2706 1727 2745 demulserit,
1752 2713 1784 2738 et

1024 2753 1171 2784 Ixionem
1189 2753 1382 2794 Tityumque
1403 2750 1594 2801 recreaverit,
1617 2750 1698 2782 mira
1717 2757 1784 2782 arte

1023 2796 1062 2827 ad
1079 2796 1218 2828 fabulam
1236 2794 1419 2827 Danaidum
1440 2794 1474 2824 in
1497 2794 1558 2825 hoc
1571 2794 1710 2826 carmine
1723 2792 1782 2825 sibi

1023 2840 1216 2871 tractandam
1245 2838 1409 2874 delabitur,
1439 2842 1549 2877 utpote
1573 2837 1704 2869 consilio
1724 2846 1783 2868 suo

1024 2883 1137 2923 Lyden
1152 2884 1192 2914 ab
1206 2882 1304 2914 animi
1325 2880 1439 2912 duritie
1460 2880 1635 2912 deterrendi
1656 2886 1688 2912 et
1701 2880 1782 2912 mol-

1024 2926 1110 2963 lioris
1124 2925 1221 2957 animi
1236 2935 1329 2956 sensu
1343 2923 1506 2955 imbuendi
1527 2923 1782 2956 accommodatis-

1022 2969 1143 3000 simam.
1194 2968 1297 3000 Cardo
1312 2968 1395 2999 enim
1412 2967 1508 2999 totius
1529 2967 1676 3000 carminis
1691 2961 1781 2999 verti-

1023 3020 1073 3044 tur
1088 3012 1176 3045 fere
1167 3023 1200 3043 m
1223 3012 1290 3044 his:
1332 3013 1357 3044 0
1378 3013 1494 3045 testudo
1516 3030 1559 3038 —
1581 3014 1644 3046 Dic
1670 3013 1780 3048 modos,
