1904 3250
202 96 286 138 500

839 92 1149 143 HORATII

1614 108 1723 156 [Lm.
1747 118 1778 146 ι.

318 222 383 267 Te
404 225 511 268 duce
532 240 609 282 per
629 234 784 282 pueros
805 225 948 267 hostili
967 241 1087 268 more
1106 226 1308 279 refertur3

318 299 599 341 Adversarius
619 306 684 340 est
703 297 859 349 frater3
890 299 1020 350 lacus,
1044 299 1205 352 Adria3
1235 301 1369 344 donec

315 371 582 413 Alterutrum
603 370 730 412 velox
750 371 927 413 victoria
947 370 1098 414 fronde
1119 381 1305 416 coronet.

227 446 283 484 65
317 443 568 485 Consentire
589 442 675 483 suis
697 441 845 484 studiis
867 443 939 500 qui
960 443 1188 486 crediderit
1207 451 1262 494 te,

317 513 475 555 Fautor
495 522 676 571 utroque
696 523 816 555 tuum
836 513 1028 556 laudabit
1047 514 1200 571 pollice
1220 514 1381 556 ludum.

316 586 526 628 Protenus
548 595 596 628 ut
616 601 811 629 moneam
837 587 891 644 (si
912 587 1016 644 quid
1036 588 1260 646 monitoris
1276 603 1375 646 eges
1396 587 1480 640 tu),

313 656 432 706 Quid
453 656 506 698 de
528 671 701 714 quoque
722 658 825 709 viro,
849 666 891 700 et
911 659 980 709 cui
1000 658 1129 709 dicas,
1153 673 1266 714 saepe
1286 658 1453 700 videto:

314 728 662 771 Percontatorem
681 728 830 787 fugito,
854 742 953 770 nam
972 729 1169 787 garrulus
1190 729 1303 771 idem
1324 737 1400 780 est,

223 802 279 840 70
311 798 404 840 Nec
425 799 608 841 retinent
627 799 785 856 patulae
806 800 1030 841 commissa
1050 799 1234 842 fideliter
1254 815 1401 850 aures3

310 872 368 914 Et
388 873 517 914 semel
538 873 738 915 emissum
758 873 873 915 volat
892 873 1167 915 irrevocabile
1186 873 1377 915 verbum.

308 942 411 985 Non
431 943 584 986 ancilla
602 952 724 986 tuum
738 945 862 1001 jecur
881 944 1042 986 ulceret
1061 943 1161 996 ulla,
1183 959 1356 1001 puerve,

308 1013 427 1056 Inter
446 1027 733 1057 marmoreum
752 1015 983 1057 venerandi
1005 1014 1135 1056 limen
1156 1014 1302 1064 amici3

307 1083 377 1126 Ne
397 1084 594 1126 dominus
614 1084 784 1141 pulchri
803 1085 927 1141 pueri
947 1100 1109 1126 caraeve
1129 1084 1284 1141 puellae
1338 1124 1342 1127 ,

218 1156 245 1195 ’7
248 1157 274 1196 5
309 1153 494 1196 Munere
515 1162 557 1196 te
576 1169 710 1211 parvo
730 1154 840 1205 beet,
865 1162 939 1196 aut
958 1154 1252 1196 incommodus
1274 1162 1413 1212 angat.

301 1227 486 1278 Qualem
506 1227 790 1278 commendes,
813 1228 940 1269 etiam
961 1235 1086 1285 atque
1107 1228 1234 1270 etiam
1254 1227 1437 1285 adspice,
1459 1243 1514 1270 ne
1534 1243 1635 1271 mox

304 1301 520 1343 Incutiant
540 1300 676 1342 aliena
695 1299 773 1342 tibi
792 1309 965 1357 peccata
985 1301 1207 1357 pudorem.

305 1370 525 1422 Fallimur,
547 1378 590 1412 et
609 1370 826 1427 quondam
844 1387 932 1413 non
953 1371 1130 1429 dignum
1150 1372 1378 1414 tradimus:
1412 1388 1515 1431 ergo

306 1442 449 1493 Quem
471 1458 547 1485 sua
567 1443 693 1499 culpa
711 1450 890 1499 premet,
913 1443 1116 1500 deceptus
1137 1444 1284 1486 omitte
1304 1445 1439 1495 tueri3

179 1588 295 1629 partito
307 1587 664 1628 fidgent—exercieus‚
689 1597 728 1617 ex
750 1585 856 1625 pueris
879 1595 955 1616 con-

182 1630 340 1670 scriptum
361 1629 504 1670 sequitur
517 1629 603 1659 enim
622 1641 680 1670 per
691 1640 816 1671 pueros.
888 1632 956 1660 Ac-

183 1677 229 1706 tia
241 1685 349 1714 pugna
360 1691 405 1698 —
415 1674 563 1715 refertur,
580 1674 709 1714 geritur,
725 1673 773 1704 uti
786 1678 876 1714 gesta
890 1683 957 1703 esse

183 1718 323 1755 dicitur;
344 1716 454 1758 imago
468 1726 587 1756 pugnae
611 1717 752 1748 Actiacae
766 1717 892 1753 editur;
914 1715 956 1747 de

121 1775 123 1778 ·
181 1771 294 1803 pugna
324 1760 458 1791 Actiaca
487 1759 528 1790 cf.
561 1769 656 1800 supra
688 1760 751 1791 Od.
785 1759 814 1790 Ι.
842 1758 896 1791 37.
923 1765 956 1790 et

184 1804 291 1845 Epod.
318 1814 414 1835 carm.
440 1803 471 1834 9.
561 1805 649 1835 lacus
670 1803 800 1845 quidam
825 1803 860 1833 in
880 1803 957 1834 villa

182 1857 314 1889 paterna
329 1853 376 1878 est
392 1848 461 1888 jam
479 1848 594 1885 Adria,
609 1848 690 1878 mari
714 1846 878 1878 Adriatico
899 1846 955 1878 ad-

183 1891 362 1923 simulatus.

227 1947 256 1965 v.
274 1932 329 1966 64.
354 1936 446 1971 velox,
462 1939 510 1964 est
525 1933 611 1965 enim
626 1933 757 1966 victoria
770 1932 831 1965 dea
848 1933 953 1973 alata3

182 1980 356 2023 ——fi-onde,
373 1988 415 2008 sc.
434 1978 552 2008 laurea.

225 2034 255 2054 v.
287 2021 342 2059 65,
372 2021 427 2052 66.
463 2023 528 2053 suis
553 2023 674 2059 studiis,
697 2021 836 2062 exempli
860 2031 956 2053 causa

180 2066 352 2098 venationi.
415 2071 510 2097 tuum
524 2067 649 2101 ludum,
668 2065 824 2105 puerilem
839 2065 954 2096 ludum

182 2111 216 2142 in
231 2109 306 2142 villa
320 2116 459 2150 paterna.
548 2116 682 2150 utroque
692 2111 811 2150 1mllice,
826 2119 956 2140 summo

181 2155 299 2191 favore,
383 2155 482 2194 pollex
490 2163 628 2193 pressus,
649 2152 778 2194 signum
793 2152 908 2183 favoris
921 2162 955 2185 et

181 2198 302 2241 gratim,
320 2199 422 2238 pollex·
441 2207 555 2231 versus,
579 2207 756 2233 conversus,
779 2198 952 2235 subrectus,

181 2243 312 2283 signum
339 2240 447 2272 infesti
475 2239 584 2270 animi.
617 2239 768 2271 Juvenal.
795 2240 869 2271 ΙΙΙ.
894 2240 948 2272 35.

182 2288 326 2319 Munera
352 2283 461 2326 (ludos
485 2282 702 2324 gladiatorios)
728 2295 816 2316 nunc
842 2286 952 2322 edum,

180 2337 210 2363 et
224 2340 309 2361 verso
319 2330 430 2369 pollice
443 2328 567 2367 vulga&
587 2328 694 2362 Quum
709 2328 791 2364 libet,
806 2330 954 2360 occidunt

176 2375 384 2416 populariter.

225 2427 254 2447 v.
273 2414 327 2447 67.
357 2418 515 2447 Protenus
533 2420 569 2445 ut
583 2425 739 2452 moneam,
762 2421 799 2446 ut
820 2414 953 2446 ulterius

182 2458 367 2503 progrediar
380 2458 415 2488 in
430 2464 462 2488 te
476 2457 645 2488 monendo.

225 2514 255 2535 v.
279 2502 334 2534 70.
360 2512 454 2533 aures
470 2502 601 2541 patulae,
627 2506 768 2540 patentes
788 2501 955 2533 audiendis

180 2545 422 2581 narrationibus,
449 2554 530 2585 quas
556 2544 630 2581 ium,
654 2545 730 2585 quia
754 2545 851 2576 simul
875 2554 952 2577 sunt

179 2595 312 2628 rimosoe,
329 2596 367 2620 ut
483 2587 587 2618 lorum
609 2598 701 2618 aures
725 2588 882 2619 Horatius
897 2600 951 2620 vo-

181 2644 233 2668 cat
246 2643 342 2675 supra
359 2633 423 2664 Sat.
443 2631 494 2663 11.
509 2630 541 2662 6.
559 2629 628 2668 46„
651 2631 786 2662 retinere
801 2642 866 2663 non
880 2643 952 2672 pos-

181 2685 266 2711 sunt.

225 2733 253 2754 v.
273 2720 327 2752 71.
353 2722 401 2753 Et
420 2721 515 2752 semel
533 2720 634 2750 emiss.
659 2720 749 2750 volat.
773 2720 863 2751 inev.
885 2731 952 2751 ver.

182 2769 267 2803 bum,
298 2764 432 2796 eandem
462 2761 650 2794 sententiam
679 2762 829 2802 expressit
862 2762 948 2793 Hor.

182 2811 266 2841 infr-a
279 2809 314 2839 in
331 2807 434 2848 Epist.
448 2807 489 2838 ad
507 2806 571 2838 Pis.
583 2804 659 2837 390.
677 2807 774 2838 nescit
789 2817 845 2838 voa·
858 2808 950 2837 missa

180 2854 301 2885 reverti·
391 2853 470 2883 volat
505 2851 644 2888 verbum,
681 2849 756 2883 't'moe
792 2850 950 2893 πυρόεντα

182 2897 267 2936 opud
285 2896 477 2927 Homerum.

1043 1596 1071 1616 v.
1092 1585 1144 1616 72.
1159 1586 1224 1626 jec.
1241 1589 1304 1619 ulc.
1318 1603 1362 1611 -—
1360 1587 1459 1628 jecur
1472 1598 1530 1627 pro
1543 1587 1617 1619 sede
1631 1587 1769 1620 libidinis

999 1629 1192 1667 habebatur3
1216 1631 1313 1669 paulo
1327 1630 1442 1661 foedius
1457 1631 1554 1672 igitur
1557 1632 1666 1672 jecur,
1680 1633 1769 1674 quod

1000 1680 1132 1713 occupat
1147 1673 1253 1705 libido.
1270 1676 1409 1706 ulcerari
1429 1674 1563 1714 dicitur3
1586 1676 1660 1708 hinc
1674 1687 1770 1717 supra

1002 1716 1067 1746 Od.
1087 1717 1117 1747 Ι.
1136 1716 1190 1747 25.
1219 1715 1269 1748 15.
1294 1719 1555 1751 libido—Savia
1576 1721 1658 1752 circa
1669 1721 1768 1761 jecur

997 1761 1183 1791 ulcerosum.
1270 1772 1396 1801 puerve,
1411 1771 1515 1792 verna.

1042 1813 1071 1834 v.
1091 1802 1143 1841 74,
1160 1803 1213 1835 75.
1240 1807 1294 1836 Ne
1308 1807 1453 1837 dominus
1470 1807 1563 1845 pueri
1575 1812 1648 1838 cett.
1687 1807 1769 1838 Sen-

999 1857 1069 1878 sus:
1089 1858 1130 1878 ne
1144 1847 1235 1887 pueri
1246 1848 1398 1887 pueliaeve
1409 1848 1558 1880 dominus
1567 1859 1626 1890 pro
1634 1860 1767 1882 munere

998 1890 1161 1929 ampliore,
1177 1891 1264 1933 quod
1285 1901 1466 1931 exspectare
1486 1892 1572 1932 apud
1586 1904 1663 1925 eum
1676 1902 1767 1935 pote-

998 1944 1057 1970 ras,
1073 1935 1134 1965 hoc
1148 1934 1263 1965 leviore
1278 1942 1309 1966 te
1323 1935 1418 1966 beare'
1433 1935 1515 1966 velle
1535 1936 1687 1975 videatur,
1708 1943 1768 1969 aut

998 1978 1094 2020 hujus
1108 1979 1250 2009 muneris
1262 1978 1468 2015 recusatione,
1483 1979 1534 2011 vel
1543 1980 1634 2021 jocis,
1649 1981 1767 2022 quibus

998 2021 1038 2052 de
1051 2023 1112 2052 hoc
1125 2032 1232 2054 amore
1246 2029 1278 2054 te
1292 2022 1420 2058 cruciat.
1436 2022 1495 2054 tibi
1508 2023 1661 2056 molestus
1670 2024 1737 2057 fiat.

1041 2076 1071 2096 v.
1089 2063 1141 2096 76.
1166 2068 1297 2107 adspice,
1321 2065 1494 2104 considera,
1516 2073 1624 2099 tecum
1641 2075 1764 2110 reputa.

997 2116 1034 2140 ut
1048 2120 1077 2140 v.
1095 2107 1126 2139 4⁴.
1144 2109 1179 2140 in
1194 2109 1389 2149 praecedente
1403 2110 1558 2151 Epistola.

1040 2163 1069 2183 v.
1085 2152 1136 2184 77.
1163 2156 1276 2191 aciem,
1293 2165 1335 2185 sc.
1354 2153 1567 2186 commendati
1580 2154 1727 2186 hominis.

1039 2207 1068 2227 v.
1084 2196 1138 2234 78,
1151 2196 1204 2228 79.
1221 2200 1380 2239 quondam
1394 2197 1509 2240 (rie-a),
1522 2208 1763 2240 nonnunquam,

995 2241 1194 2282 quaudoque,
1214 2241 1386 2272 interdum.
1433 2241 1537 2281 Supra
1553 2240 1622 2273 od..
1635 2241 1687 2273 ΙΙ.
1708 2241 1760 2274 10.

1000 2282 1050 2315 18.
1065 2287 1225 2326 quondam
1234 2286 1352 2316 cithara
1362 2286 1492 2317 suscitat
1501 2286 1641 2322 Musam,
1651 2292 1684 2316 et
1694 2286 1759 2318 sat.

997 2327 1049 2358 11.
1077 2327 1109 2359 2.
1140 2327 1194 2359 82.
1228 2330 1298 2360 Hic
1320 2334 1426 2360 tamen
1449 2330 1494 2359 ad
1516 2330 1627 2360 melius
1647 2332 1762 2370 poterit

994 2378 1212 2404 transcurrere
1222 2373 1391 2413 quondam.
1480 2383 1544 2404 m
1558 2373 1704 2412 dignum,
1719 2384 1763 2406 sc.

995 2416 1051 2456 qui
1075 2416 1226 2453 tradatur,
1248 2414 1508 2452 commendetur;
1529 2416 1653 2456 quoties
1672 2416 1760 2448 enim

996 2461 1110 2500 dignus
1134 2458 1277 2490 absolute
1299 2458 1437 2498 ponitur,
1463 2458 1556 2491 toties
1575 2458 1695 2501 aliquid
1718 2471 1758 2491 ex

997 2502 1146 2533 orationis
1159 2501 1317 2533 vicinitate
1331 2500 1545 2541 supplendum
1558 2510 1615 2534 est.
1705 2506 1759 2536 de.-

994 2552 1108 2586 ceptae,
1139 2556 1181 2576 sc.
1212 2545 1316 2586 culpa,
1345 2555 1409 2586 qua
1442 2544 1497 2576 ille
1524 2546 1700 2587 premitut;
1714 2564 1760 2574 -.

993 2591 1085 2626 tueri,
1100 2599 1143 2620 sc.
1160 2599 1245 2620 eum.

1037 2643 1066 2663 v.
1085 2631 1227 2663 80-85.
1253 2634 1296 2664 Ut
1312 2633 1440 2673 penitus
1459 2639 1581 2670 ndum,
1604 2644 1682 2674 pro:
1714 2637 1759 2667 Ue

994 2675 1103 2707 malim
1118 2686 1192 2707 cum
1208 2677 1371 2708 Bentleio:
1396 2679 1451 2708 Ac.
1463 2694 1507 2702 -
1522 2677 1599 2714 noli,
1611 2677 1667 2715 ait,
1682 2688 1758 2710 eum

994 2719 1087 2757 tueri,
1117 2719 1173 2761 qui
1201 2729 1272 2750 vere
1301 2718 1428 2759 culpam
1449 2720 1510 2751 sibi
1533 2721 1696 2758 commit.
1723 2729 1757 2754 at

994 2773 1079 2801 eum,
1094 2762 1149 2804 qui
1163 2762 1219 2794 tibi
1233 2762 1359 2803 penitus
1372 2770 1467 2794 nouis
1481 2770 1513 2795 et
1526 2771 1684 2804 spectatus
1697 2773 1755 2803 est,

993 2807 1020 2837 εἰ
1043 2812 1181 2838 ter-tetur
1202 2806 1252 2837 vel
1271 2812 1396 2846 petatur
1414 2807 1694 2846 criminationibus,
1716 2808 1754 2841 fi-

992 2850 1119 2881 dentem
1133 2858 1191 2881 tuo
1204 2849 1350 2890 praesidio
1363 2860 1465 2882 serves
1478 2858 1511 2882 et
1526 2851 1655 2890 tuteris5
1677 2862 1754 2883 nam

992 2894 1018 2924 si
1047 2893 1102 2925 ille
1128 2894 1261 2933 impune
1285 2893 1448 2932 mordetur
1471 2894 1567 2927 dente
1587 2895 1754 2933 mlaedico.
