1904 3250
175 127 261 166 308

803 119 1114 163 HORATII

1589 127 1698 176 [Lm.
1723 137 1754 165 1.

206 254 263 291 30
297 250 457 293 Contra
479 248 582 291 alius
604 247 776 297 nullam,
800 247 880 286 nisi
902 246 1040 287 olente
1062 246 1105 287 in
1127 246 1285 289 fornice
1307 255 1498 289 stantem.

292 322 479 372 Quidam
495 330 619 362 notus
641 319 770 360 homo
791 332 923 374 quum
944 318 1079 359 exiret
1099 318 1272 370 fornice,
1298 318 1444 362 Macte

292 395 460 436 Virtute
481 402 584 442 esto,
608 391 745 447 inquit
765 391 972 432 sententia
992 390 1063 431 dia
1086 379 1262 432 Catonis
1274 408 1285 442 3
1406 388 1407 392 ’

274 467 407 509 -Nam
429 465 552 507 simul
573 479 622 505 ac
643 478 769 505 venas
791 463 952 505 inflavit
972 470 1080 504 tetra
1099 463 1246 514 libido,

297 537 397 578 Huc
410 537 588 592 juvenes
609 548 779 590 aequum
801 541 864 575 est
883 532 1154 584 descendere,
1176 547 1265 574 non
1285 533 1441 576 alienas

205 614 262 652 35
296 608 538 651 Permolere
559 621 728 648 uxores.

792 606 935 648 Nolim
958 606 1183 657 laudarier,
1206 607 1356 663 inquit,

294 682 363 724 Sic
383 695 464 731 me,
487 680 663 720 mirator
683 680 811 721 cunni
836 679 1099 735 Cupiennius
1121 679 1219 721 albi.

293 753 456 796 Audire
477 761 541 794 est
561 767 704 808 operae
725 753 922 808 pretium,
945 752 1177 808 procedere
1199 759 1314 794 recte

294 823 382 874 Qui
402 823 577 865 moechis
599 838 686 864 non
706 823 846 873 vultis,
870 830 917 864 ut
937 823 1052 863 omni
1073 829 1192 877 parte
1214 821 1421 872 laborent,

295 893 440 950 thue
460 893 542 934 illis
564 892 698 935 multo
720 900 922 948 corrupta
942 892 1090 934 dolore
1112 891 1319 947 voluptas,

206 967 262 1004 40
294 963 437 1019 Atque
458 961 552 1003 haec
573 976 670 1003 rara
690 961 814 1003 cadat
834 960 942 1002 dura
962 961 1071 1002 inter
1093 975 1206 1016 saepe
1226 960 1397 1016 pericla.

295 1033 381 1074 Hic
402 1048 446 1074 se
466 1032 730 1088 praecipitem
751 1039 863 1073 tecto
884 1030 1002 1072 dedit
1013 1046 1024 1080 3
1056 1029 1127 1071 ille
1147 1030 1325 1087 flagellis

297 1106 370 1148 Ad
390 1113 571 1147 mortem
592 1119 726 1146 caesus
742 1120 752 1154 3
784 1104 950 1162 fugiens
971 1103 1041 1145 hic
1061 1103 1220 1145 decidit
1239 1119 1380 1146 acrem

298 1178 560 1221 Praedonum
580 1178 623 1219 in
645 1178 836 1227 turbam3
869 1177 986 1218 dedit
1005 1177 1075 1218 hic
1095 1191 1175 1232 pro
1196 1191 1375 1233 corpore
1396 1188 1614 1226 nummos3

299 1251 429 1293 Hunc
449 1251 772 1306 perminxerunt
792 1250 959 1291 calones
975 1266 985 1300 3
1019 1249 1120 1305 quin
1142 1249 1268 1290 etiam
1289 1248 1396 1290 illud

205 1324 263 1363 45
295 1320 477 1371 Accidit,
501 1327 548 1361 ut
569 1319 737 1361 cuidam
757 1327 885 1361 testes
907 1319 1170 1375 caudamque
1191 1318 1371 1361 salacem

295 1390 544 1432 Demeteret
564 1389 735 1431 ferrum.
798 1389 825 1431 J
827 1404 901 1430 ure
923 1404 1068 1430 omnes
1086 1405 1095 1429 :
1131 1388 1273 1430 Galba
1293 1390 1487 1448 negabat.

297 1459 451 1502 Tutior
472 1467 515 1501 at
536 1468 695 1516 quanto
715 1474 837 1501 merx
857 1467 921 1501 est
941 1459 984 1500 in
1006 1458 1138 1500 classe
1160 1459 1370 1504 secunda!

180 1607 271 1638 einen
281 1607 493 1646 angenehnaen
503 1606 618 1645 geruclz
630 1615 673 1635 zu
682 1605 788 1644 geben.
805 1603 946 1635 Martial-

182 1650 213 1681 Ιι
237 1648 290 1680 88.
381 1651 514 1686 hircum,
539 1648 662 1678 foedum
687 1647 827 1684 odorem,
850 1647 951 1687 qualis

180 1694 241 1724 sub
255 1692 314 1725 alis
327 1692 498 1729 semitutum
513 1692 554 1722 cf.
568 1701 664 1730 supra
677 1690 718 1721 ad
735 1691 841 1731 Epod.
858 1689 906 1725 12,
919 1689 950 1721 5.

119 1739 121 1742 “
222 1747 252 1767 v.
285 1735 339 1766 28.
368 1737 429 1767 nisi
449 1737 527 1773 illas,
557 1737 654 1771 Quar.
682 1745 707 1765 s.
735 1741 758 1765 t.
787 1741 847 1774 teg.
876 1736 948 1765 ime.

180 1786 269 1816 veste,
286 1779 346 1810 nisi
362 1786 533 1814 matronas,
554 1789 626 1820 quae
648 1788 668 1808 a
689 1778 803 1808 vestitu
818 1778 953 1808 circum.

182 1823 382 1860 scribuntu13
412 1827 566 1854 matronae
588 1821 675 1852 enim
696 1823 847 1862 gerebant
867 1822 953 1851 tuni-

182 1877 263 1902 cam,
279 1866 319 1898 ad
333 1866 414 1897 talos
435 1876 538 1907 usque
559 1870 744 1905 porrectam,
767 1864 820 1895 cui
842 1864 955 1895 adsuta

181 1910 245 1941 fuit
258 1910 375 1947 instita,
399 1910 431 1940 h.
447 1920 474 1940 e.
494 1908 602 1946 fascia,
618 1909 756 1947 limbus3
781 1918 859 1939 nos:
886 1910 954 1939 eine

169 1955 285 1997 falbel,
302 1955 368 1985 eine
382 1955 483 1985 kante.
567 1954 704 1989 subsuta,
721 1951 808 1992 quod
821 1950 961 1993 adjuncz

183 2006 253 2028 mm
267 2003 314 2027 est
330 1999 371 2038 τῷ
387 2003 475 2034 veste,
492 1995 533 2027 ad
547 1997 655 2028 instita
669 2002 716 2027 est
729 1995 931 2026 referendum
939 2007 950 2033 3

182 2041 222 2072 ef.
242 2041 283 2072 ad
301 2041 364 2071 Sat.
385 2040 413 2071 1.
435 2039 464 2077 l,
481 2037 535 2070 41.

227 2094 255 2115 v.
273 2083 330 2115 30.
352 2085 414 2115 πέει·
427 2086 464 2114 ol.
483 2086 519 2115 in
528 2084 564 2126 f.
582 2089 691 2120 scant„
714 2082 775 2112 nisi
796 2081 954 2121 prostibu-

182 2128 262 2160 lum.
340 2128 470 2169 fornici.⁵
482 2133 616 2158 stantem
626 2142 637 2162 ;
661 2127 777 2165 saepius
798 2125 884 2166 apud
897 2135 955 2165 op-

183 2173 279 2203 timos
292 2180 434 2212 quosque
450 2177 558 2210 poetas
579 2169 694 2200 vocalis
708 2169 809 2200 brevis
823 2170 858 2199 in
873 2170 957 2199 vocis

187 2215 322 2256 alicujus
335 2214 409 2251 fine,
433 2213 635 2254 sequentibus
655 2213 780 2244 duabus
793 2212 843 2243 vel
857 2212 958 2243 tribus

186 2257 432 2290 consonantibus
453 2256 487 2286 in
509 2256 652 2296 proxima
673 2267 759 2293 voce,
782 2256 868 2287 haud
884 2265 956 2296 pro-

186 2302 333 2339 ducitur3
356 2300 401 2332 sic
415 2299 502 2340 apud
520 2301 673 2330 Nostrum
687 2300 721 2330 in
737 2301 795 2330 hac
809 2300 876 2339 ipsa
889 2300 954 2341 Sat.

185 2356 215 2376 v.
234 2345 318 2376 infra
332 2355 359 2376 v.
379 2342 431 2375 71.
472 2345 669 2385 velatumque
682 2345 768 2375 stola.
789 2343 852 2374 Sat.
874 2343 902 2374 Ι.
920 2342 954 2380 3,

186 2388 393 2432 M-sastidire
402 2403 413 2425 ,-
437 2388 622 2419 strabonem.
637 2387 702 2418 Sat.
719 2387 748 2418 I.
763 2386 795 2425 5,
806 2386 858 2418 35.
873 2398 956 2428 γνω-

186 2434 252 2466 mia
267 2434 372 2464 scriba·
385 2436 457 2462 cett.

232 2486 261 2507 v.
286 2474 340 2506 31.
370 2476 505 2511 Quidam
519 2480 582 2505 not.
601 2476 630 2504 Ιι.
649 2480 721 2504 cett.
750 2473 854 2505 Schol.
877 2475 952 2505 Acr.

188 2526 223 2552 et
240 2520 338 2561 Cruq.
357 2520 493 2550 “*Notus
506 2520 604 2553 homo,
620 2518 772 2548 honestus
784 2524 816 2548 et
830 2517 954 2548 nobilis.

192 2564 315 2596 Catone
327 2568 518 2599 transeunte,
534 2561 664 2602 quidam
686 2561 752 2592 exit
770 2561 812 2592 de
825 2561 956 2599 fornice3

188 2617 284 2649 quem
311 2616 387 2637 cum
406 2605 540 2647 fugeret,
563 2604 703 2635 laudavit
723 2610 756 2635 et
776 2604 954 2643 revocavit3

189 2657 306 2691 postea,
323 2659 397 2681 cum
413 2647 608 2690 frequentius
629 2657 704 2677 eum
726 2656 895 2678 exeuntem
916 2658 955 2678 ex

190 2694 304 2726 eodem
341 2692 484 2733 lupanari
518 2690 653 2727 vidisset,
683 2690 799 2721 dixisse
833 2692 953 2722 ferturt

195 2737 402 2776 Adolescens,
428 2745 489 2778 ego
509 2741 541 2766 te
561 2733 696 2770 laudavi,
720 2741 872 2774 tanquam
894 2735 957 2766 huc

192 2781 352 2811 interdum
367 2782 497 2816 venires,
520 2788 584 2809 non
605 2785 755 2817 tanquam
771 2778 821 2808 hic
836 2778 955 2808 habita-

192 2824 277 2854 res.”
330 2826 435 2855 Macte
451 2822 622 2865 (explicant
634 2831 706 2860 pro:
733 2821 834 2862 magis
847 2822 953 2862 aucte)

193 2870 304 2899 virtute
333 2874 405 2904 esto,
434 2873 509 2897 nota
535 2864 680 2900 formula,
711 2867 795 2903 apud
827 2864 956 2895 Livium

194 2913 350 2951 praecipue
375 2911 489 2951 saepius
512 2909 611 2948 obvia,
639 2917 710 2950 qua,
735 2907 791 2948 qui
812 2918 877 2939 rem
900 2908 956 2940 ali-

993 1614 1089 1645 quam
1104 1606 1186 1635 bene
1199 1611 1373 1646 gesserunt,
1397 1616 1473 1637 curn
1495 1607 1589 1638 laude
1602 1607 1762 1648 appellan-

994 1654 1056 1684 tur,
1084 1654 1117 1678 et
1141 1658 1212 1678 eam
1238 1660 1332 1690 porro
1357 1652 1437 1681 bene
1461 1661 1570 1692 gerere
1587 1652 1760 1693 jubentur;

994 1701 1071 1722 nos:
1098 1693 1198 1723 bravo.

1039 1744 1068 1765 v.
1087 1734 1141 1765 32.
1167 1738 1317 1767 sententia
1331 1738 1384 1768 dia
1400 1739 1533 1775 Catonis,
1548 1747 1606 1778 pro
1622 1739 1712 1777 Cato,
1729 1746 1766 1770 ut

996 1777 1082 1818 apud
1097 1779 1262 1809 Lucilium
1275 1792 1282 1810 :
1318 1782 1419 1811 Valeri
1430 1783 1582 1813 sementia
1597 1783 1660 1813 dia.
1696 1783 1767 1813 Ex-

997 1821 1102 1861 empla
1131 1821 1172 1853 de
1206 1823 1267 1854 hoc
1304 1823 1454 1864 loquendi
1489 1834 1604 1866 genere
1639 1826 1767 1868 collegit

998 1866 1174 1897 Lambinus
1187 1876 1283 1906 supra
1296 1866 1336 1897 ad
1355 1866 1418 1899 od.
1438 1868 1510 1899 111.
1529 1867 1560 1899 5.
1582 1867 1634 1901 13.
1684 1879 1687 1882 ·

1042 1918 1070 1938 v.
1099 1907 1153 1939 34.
1191 1911 1277 1946 Huc,
1307 1910 1342 1941 in
1367 1911 1523 1950 fornicem
1575 1915 1766 1950 desae-mine,

998 1958 1088 1983 erant
1102 1953 1188 1983 enim
1202 1953 1348 1993 fornices,
1372 1962 1409 1985 ut
1429 1957 1594 1987 observant
1612 1957 1767 1996 interpre-

997 2002 1053 2032 tes,
1069 2003 1234 2027 camerata:
1247 1997 1336 2028 eellae
1351 1998 1383 2028 in
1399 1998 1516 2030 aedium
1535 1999 1606 2031 loeo
1619 2000 1768 2041 deprenso

996 2045 1027 2070 et
1040 2038 1196 2071 inferiore.

1041 2093 1069 2113 v.
1088 2082 1141 2114 36.
1167 2085 1218 2115 Sic
1242 2095 1292 2115 me
1313 2095 1354 2115 sc.
1367 2084 1545 2123 facientem,
1561 2086 1647 2128 quod
1667 2086 1766 2118 suasit

1001 2126 1091 2157 Cato.
1181 2129 1283 2159 cunni
1303 2130 1374 2164 albi,
1397 2129 1556 2169 impudice
1574 2137 1607 2161 et
1620 2129 1661 2161 ad
1675 2130 1764 2171 inge-

1000 2171 1091 2200 nium
1107 2169 1192 2201 illius
1206 2171 1306 2202 aetatis
1320 2182 1396 2212 pro:
1421 2181 1574 2204 matrone
1594 2173 1665 2204 albu
1686 2174 1766 2204 stola

1001 2213 1145 2251 indutae3
1169 2224 1242 2245 nam
1271 2218 1454 2254 meretrices,
1480 2223 1520 2248 -ut
1547 2216 1766 2248 animadvertit

1001 2256 1105 2288 schol.
1127 2259 1238 2298 Cruq.,
1252 2259 1400 2290 habebam
1414 2261 1540 2300 nigram
1553 2266 1675 2292 vestem.

1043 2311 1071 2331 v.
1100 2299 1240 2332 37-40.
1281 2303 1403 2334 Audire
1430 2310 1476 2335 est
1503 2310 1576 2334 cett.
1623 2303 1764 2335 Sensus:

1001 2343 1117 2383 Operae
1144 2346 1281 2384 pretium
1308 2352 1356 2375 est
1383 2355 1438 2376 vos
1465 2346 1584 2383 audire,
1614 2347 1671 2388 qui
1699 2357 1764 2378 non

1000 2387 1095 2418 vultis
1117 2397 1184 2418 rem
1206 2387 1253 2424 iis,
1282 2389 1340 2429 qui
1366 2388 1531 2421 libidinem
1557 2399 1650 2421 suam
1678 2391 1764 2430 apud

998 2440 1112 2461 uxores
1149 2431 1275 2471 explere
1301 2433 1444 2472 cupiunt,
1478 2434 1559 2464 bene
1586 2433 1764 2474 procedere.

998 2473 1157 2515 quomodo
1172 2475 1238 2516 (ut)
1255 2476 1342 2505 omni
1363 2483 1450 2516 pane
1471 2487 1504 2508 se
1519 2476 1602 2508 male
1617 2478 1762 2516 habeant,

999 2525 1032 2548 et
1047 2518 1206 2558 quomodo
1227 2518 1370 2558 voluptas
1390 2519 1493 2551 multo
1513 2520 1621 2551 dolore
1642 2529 1764 2560 pertur-

1001 2562 1083 2599 bata,
1098 2568 1131 2591 et
1144 2571 1182 2591 ea
1194 2561 1262 2602 ipsa
1274 2572 1352 2601 rara,
1375 2563 1458 2594 inter
1477 2563 1558 2595 dura
1578 2573 1661 2603 saepe
1682 2565 1764 2604 peri-

999 2604 1081 2642 cula,
1117 2603 1181 2635 illis
1219 2606 1341 2647 (cadat)
1372 2607 1542 2648 contingat.
1606 2608 1766 2639 Horatius

995 2649 1063 2690 jam
1076 2647 1112 2677 in
1125 2657 1159 2678 re
1177 2647 1237 2679 levi
1250 2648 1350 2680 facete
1363 2650 1504 2682 imitatus
1517 2657 1564 2682 est
1578 2652 1762 2693 gravitatem

1002 2691 1111 2729 Ennii,
1133 2692 1225 2733 cujus
1246 2702 1352 2723 versus
1374 2701 1462 2724 vetus
1486 2695 1671 2726 Scholiastes
1692 2705 1764 2735 pro-

999 2736 1060 2766 fert
1074 2736 1151 2766 hos:
1179 2737 1301 2767 Audire
1321 2744 1365 2767 est
1386 2748 1483 2777 opoeroe
1493 2741 1642 2779 1maetium,
1654 2750 1763 2779 proce—

999 2781 1070 2810 dere
1094 2785 1173 2810 recte
1198 2780 1259 2814 Qui
1279 2791 1346 2811 rem
1369 2783 1549 2813 Romanam
1571 2784 1764 2824 Latiumque

997 2833 1158 2864 augescere
1169 2824 1271 2854 vultis.

1043 2877 1071 2897 v.
1085 2864 1138 2896 43.
1153 2877 1211 2906 pro
1225 2877 1362 2907 corpore,
1375 2878 1414 2898 ne
1429 2867 1469 2898 ad
1483 2875 1615 2899 mortem
1633 2869 1764 2912 flagellis

1001 2909 1180 2947 caederetur,
1204 2910 1251 2941 vel
1274 2921 1397 2950 poenam
1419 2912 1620 2952 experiretur,
1635 2924 1708 2955 quae
1729 2914 1762 2944 in
