1904 3250
177 175 233 214 ‘64

810 170 1115 214 HORATII

1586 176 1695 223 [Lm.
1722 186 1749 214 1.

239 303 264 340 5
298 298 470 340 Lesboo
490 299 673 354 primum
694 297 906 338 modulate
927 297 1032 346 civi3

296 371 384 422 Qui
405 371 525 413 ferox
545 371 673 421 bello,
696 379 836 412 tamen
855 370 964 411 inter
985 384 1116 420 arma,

298 445 393 486 Sive
407 446 606 500 jactatam
627 443 825 500 religarat
845 442 931 484 udo

704 515 849 557 Litore
870 516 1024 566 navim,

295 588 498 631 Liberum
520 595 560 628 et
584 585 746 636 Musas,
771 586 1078 642 Veneremque,
1101 593 1143 626 et
1163 585 1223 626 illi

212 662 262 699 10
297 659 472 713 Semper
491 657 723 698 haerentem
746 656 933 698 Puerum
953 655 1143 705 canebat,

294 727 351 769 Et
373 727 550 783 Lycum,
573 726 704 783 nigris
725 726 858 767 oculis
878 726 1086 784 nigroque

624 802 630 805 ”
704 796 832 838 Crine
854 796 1070 838 decorum.

295 865 337 909 Ο
358 866 486 907 decus
510 865 676 916 Phoebi,
699 874 741 907 et
761 866 941 922 dapibus
963 866 1149 922 supremi

294 939 430 980 Grata
449 938 617 981 testudo
638 939 768 989 Jovis,
794 938 836 981 O
855 939 1051 980 laborum

210 1013 260 1050 15
292 1009 433 1051 Dulce
453 1009 657 1060 levamen,
679 1009 783 1050 mihi
804 1024 970 1066 cunque
992 1009 1104 1050 salve

704 1079 801 1120 Rite
822 1079 1000 1121 vocanti.

174 1206 348 1238 deduxerat
364 1206 530 1245 Horatius,
546 1218 610 1238 non
628 1209 695 1238 sine
717 1207 885 1247 voluptatis
907 1214 939 1238 et

173 1250 294 1291 gloriae,
324 1257 390 1282 tam
418 1251 486 1287 sibi,
509 1262 606 1292 quam
631 1251 751 1288 Alcaeo,
781 1261 837 1290 per
868 1261 939 1281 eam

174 1300 281 1333 partae,
298 1304 392 1325 sensu
406 1294 585 1335 alloquitur,
602 1294 731 1336 ejusque
754 1294 863 1325 laudes
885 1304 939 1333 pe-

173 1337 284 1369 culiari
298 1338 359 1368 hoc
376 1338 514 1369 carmine
531 1337 860 1369 celebrat—Videtur
881 1348 938 1368 au-

173 1386 237 1412 tem
253 1387 347 1421 poeta
360 1381 552 1412 solemnibus
566 1383 655 1422 quasi
670 1382 704 1412 in
719 1382 778 1412 hoc
800 1381 938 1412 carmine

175 1425 276 1455 verbis
289 1425 390 1465 lyram
406 1435 495 1456 suam
511 1425 667 1456 allocutus
682 1435 748 1456 esse
767 1432 849 1463 tum,
865 1435 939 1456 cum

173 1468 215 1499 ad
253 1468 404 1510 gravioris
433 1469 613 1510 argumenti
648 1478 775 1499 carmen
811 1468 940 1510 aliquod

172 1511 428 1552 componendum
443 1511 664 1551 impelleretur.

215 1566 246 1586 v.
267 1553 359 1586 1—4.
386 1558 551 1587 Poscimur
579 1557 611 1586 h.
635 1566 662 1586 e.
688 1556 729 1587 ad
758 1554 938 1587 canendum

173 1609 260 1630 nunc
282 1609 343 1640 ego
364 1609 476 1629 evocor
497 1606 529 1630 et
551 1599 714 1639 impellor;
739 1607 849 1630 utrum
867 1599 938 1629 Au-

173 1648 296 1683 gustus,
327 1652 368 1673 an
399 1642 570 1678 Maecenas,
595 1653 638 1674 an
663 1643 783 1674 amicus
807 1642 937 1684 quidam

172 1691 298 1726 poetam
318 1686 489 1725 impulerit,
512 1686 598 1717 baud
619 1686 740 1728 liquet;
764 1686 818 1717 sed
840 1685 938 1716 fuisse

134 1730 136 1732 ’
170 1729 321 1770 aliquem,
351 1730 407 1770 qui
433 1730 568 1760 Horatio
589 1740 655 1760 rem
678 1729 847 1771 quandam,
871 1740 938 1760 car-

171 1773 260 1804 mine
297 1773 528 1809 celebrandam,
566 1779 763 1813 proponeret,
795 1783 835 1804 ex
862 1783 938 1804 voce

166 1818 329 1857 poscimur
351 1816 424 1847 satis
446 1817 648 1856 probabiliter
666 1817 773 1859 colligi
787 1827 878 1856 posse
892 1817 938 1847 vi-

172 1859 274 1891 detur.
323 1860 409 1891 Nam
425 1861 451 1891 si
469 1860 626 1891 Horatius
639 1867 750 1900 sponte
767 1861 818 1891 vel
839 1860 937 1900 ipsius

170 1903 270 1935 animi
283 1903 407 1943 impetu
421 1903 461 1935 ad
483 1904 585 1945 lyram
603 1904 798 1935 tractandam
819 1903 937 1943 impul-

170 1957 226 1978 sus
242 1947 363 1983 fuisset,
379 1948 428 1978 vix
447 1950 604 1988 poscimur
625 1948 762 1979 dixisset.
813 1948 935 1984 Quem-

170 1990 341 2022 admodum
356 1997 463 2022 autem
490 1992 643 2024 Horatius
666 1993 807 2024 Carmini
829 1994 933 2023 Saecu-

168 2036 244 2072 lari,
263 2035 405 2075 Augusti
418 2036 602 2066 auctoritate
624 2038 807 2076 composito,
823 2036 933 2076 singu-

170 2077 230 2110 lari
241 2079 380 2109 carmine
395 2079 476 2120 (IV.
491 2078 541 2119 6.)
557 2079 706 2129 praelusit,
722 2079 767 2110 ita
780 2079 840 2110 hoc
855 2088 934 2120 quo-

168 2131 233 2163 que
253 2121 308 2152 alii
329 2121 455 2152 cuidam
483 2123 636 2163 gravioris
657 2122 838 2164 argumenti
866 2132 934 2153 car-

170 2165 261 2203 mini,
279 2175 308 2196 v.
325 2175 353 2196 c.
373 2166 499 2196 duobus
513 2166 575 2197 illis
589 2166 790 2204 carminibus,
807 2166 933 2215 quibus,

172 2209 323 2250 Augusto
334 2216 491 2248 poscente,
504 2209 604 2240 Drusi
616 2217 647 2240 et
665 2210 783 2241 Tiberii
792 2209 936 2240 victorias

168 2252 346 2289 celebravit,
360 2253 438 2295 (IV.
451 2251 482 2283 4«.
498 2253 560 2283 IV.
577 2251 624 2283 14.
633 2253 830 2293 >praelusisse
839 2253 936 2283 videri

170 2302 280 2336 potest.
320 2296 386 2327 Pro
397 2298 554 2336 poscimur
567 2296 654 2327 dedit
669 2299 849 2328 Bentleius:
866 2307 936 2337 pos-

169 2341 279 2377 cimus,
294 2339 350 2371 sed
364 2340 432 2370 haec
446 2339 549 2375 lectio,
563 2340 638 2371 licet
651 2340 743 2371 docte
754 2351 774 2371 a
788 2339 935 2371 Bentleio

168 2383 337 2420 adstructa,
353 2382 431 2413 mihi
454 2393 566 2422 parum
586 2385 746 2422 probatur.
831 2385 933 2420 vacui,

168 2429 200 2458 h.
214 2435 244 2464 e,
257 2426 360 2459 otiosi.
426 2429 508 2458 vivat
522 2427 553 2457 h.
572 2437 601 2457 e.
618 2427 720 2465 duret,
734 2432 936 2468 permaneat;

172 2470 244 2502 Liv.
264 2469 443 2502 XXXIX.
460 2468 515 2501 40.
533 2469 574 2501 de
587 2471 638 2501 M.
657 2470 770 2502 Porcio
787 2471 926 2501 Catone:

169 2516 246 2547 vivit
265 2515 359 2548 immo
373 2515 512 2556 vigetque
524 2515 698 2555 eloquentia
712 2514 789 2554 qius,
805 2520 930 2545 ,sacrata

169 2559 290 2598 scriptis
318 2559 416 2590 omnis
442 2559 570 2598 generis.
599 2557 653 2588 ubi
675 2557 766 2597 plura
787 2556 931 2596 exempla

171 2601 211 2632 de
225 2603 286 2637 boc
308 2611 369 2633 usu
385 2601 471 2633 verbi
483 2603 582 2633 vivere
597 2601 753 2642 congessit
767 2600 930 2640 diligentia

169 2646 426 2678 Drakenborokii.
513 2647 599 2676 hunc
619 2645 654 2676 in
683 2656 761 2676 ann.
793 2650 823 2675 et
840 2646 925 2684 plur.

170 2699 227 2727 pro
241 2689 349 2720 tenui:
376 2698 507 2728 semper,
521 2693 682 2728 perpetuo.
762 2688 927 2722 Latinum,

172 2741 245 2762 nam
275 2731 361 2767 idem
388 2731 530 2765 barbiton
561 2731 673 2762 Alcaeo
701 2730 780 2762 olim
808 2730 930 2761 dixerat

172 2775 310 2806 carmina
335 2775 466 2807 Graeca:
499 2774 631 2806 laudant
655 2774 781 2816 Fragm.
811 2774 927 2813 Sapph.

171 2819 228 2858 ἂγε
250 2833 307 2892 5:701,
331 2818 378 2853 δῖα
399 2819 489 2861 xiim,
513 2820 661 2861 φανέωσι
683 2819 780 2859 fimo.
799 2823 830 2848 et
848 2817 931 2848 The-

171 2871 244 2902 ogn.
280 2862 333 2893 39.

215 2915 241 2934 v.
260 2905 378 2938 5—12.
398 2908 563 2946 modulate,
586 2915 650 2938 non
671 2904 791 2946 passive
812 2904 925 2945 accipi-

983 1207 1112 1243 endum,
1150 1206 1206 1239 sed
1245 1206 1458 1247 supplendum
1487 1213 1551 1238 est:
1592 1208 1742 1243 carmina,

983 1251 1254 1291 quemadmodum
1275 1251 1360 1281 enim
1382 1261 1460 1282 vers.
1477 1257 1578 1282 antec.
1605 1252 1746 1282 barbiton

984 1306 1113 1326 carmen
1136 1296 1237 1325 dicere
1254 1295 1401 1332 Horatio,
1416 1295 1460 1325 ita
1474 1294 1551 1325 olim
1566 1293 1620 1325 ille
1635 1297 1745 1326 modu-

981 1339 1064 1369 latus
1085 1349 1147 1370 esse
1168 1340 1314 1369 carmina
1330 1337 1446 1369 dicitur
1459 1339 1517 1370 civi
1533 1339 1647 1370 Lesboo
1664 1338 1694 1367 11.
1712 1348 1741 1368 e.

984 1382 1104 1412 Alcaeo.
1201 1383 1262 1417 Qui
1274 1383 1371 1424 ferox
1398 1382 1473 1413 bello
1507 1387 1580 1412 cett.
1613 1391 1742 1412 sensus:

982 1425 1049 1467 qui,
1070 1425 1213 1466 quamvis
1234 1425 1324 1456 fortis
1345 1424 1444 1463 miles,
1467 1431 1575 1456 tamen
1596 1423 1677 1455 inter
1697 1425 1744 1464 ip-

983 1479 1057 1500 sum
1071 1479 1232 1499 armorum
1254 1468 1428 1518 strepitum,
1452 1467 1502 1499 vel
1524 1474 1594 1508 post
1615 1478 1744 1507 supera-

979 1519 1049 1544 tum
1065 1512 1099 1542 in
1117 1512 1196 1543 mari
1210 1511 1402 1552 tempestatis
1415 1511 1601 1556 periculum,
1618 1510 1691 1541 navi
1705 1511 1745 1542 ad

980 1556 1070 1587 littus
1091 1555 1253 1596 appulsus,
1275 1555 1325 1586 vel
1350 1551 1524 1594 Bacchum,
1549 1555 1599 1586 vel
1622 1554 1745 1593 Musas,

980 1599 1032 1630 vel
1054 1600 1221 1634 Venerem,
1246 1599 1296 1630 vel
1319 1599 1484 1637 Amorem,
1507 1599 1558 1630 vel
1586 1598 1744 1639 pulcrum,

981 1653 1077 1685 quem
1116 1642 1288 1683 deperibat,
1328 1653 1464 1682 puerum
1495 1643 1622 1683 Lycum
1651 1652 1744 1673 cane-

982 1689 1044 1718 bat.
1117 1687 1275 1727 jactatam
1290 1698 1404 1718 navem
1417 1688 1517 1718 littore
1531 1687 1660 1726 religare
1675 1691 1741 1717 est.
1732 1699 1741 1706 ·

982 1740 1096 1762 navem
1118 1737 1301 1770 tempestate
1315 1729 1350 1760 in
1363 1730 1443 1761 mari
1459 1731 1609 1772 jactatam
1631 1727 1672 1759 ad
1693 1729 1746 1761 lit-

981 1779 1034 1805 tus
1062 1773 1219 1815 appellere
1240 1780 1272 1804 et
1293 1773 1337 1804 ibi
1357 1772 1506 1815 alligare3
1530 1773 1575 1804 sic
1591 1773 1690 1812 pium
1709 1775 1746 1805 in

981 1820 1081 1849 littore
1110 1819 1240 1858 religata
1269 1827 1347 1857 pro:
1380 1817 1508 1858 alligata
1528 1816 1614 1857 apud
1645 1814 1742 1848 Ovid.

984 1862 1064 1892 Met.
1086 1861 1182 1892 XIV.
1199 1859 1275 1892 248.
1288 1867 1320 1892 et
1334 1860 1449 1900 passim
1471 1860 1555 1891 alibi.
1649 1861 1745 1892 Libe-

979 1917 1065 1941 rum,
1081 1904 1196 1935 cecinit
1209 1905 1295 1935 enim
1311 1904 1479 1935 Aloaeus·
1456 1917 1586 1945 qao-pava
1601 1903 1743 1948 caecina,

979 1958 1116 1989 quorum
1144 1948 1322 1989 fragmenta
1349 1946 1496 1988 quaedam
1517 1953 1639 1980 exstant
1658 1946 1744 1987 apud

979 1993 1174 2023 Athenaeum
1191 1992 1258 2023 IX.
1274 1990 1306 2023 8.
1321 2002 1351 2032 p.
1363 1989 1439 2023 430.
1490 1992 1625 2034 Lycum,
1637 2001 1744 2034 quem,

977 2035 1027 2066 sui
1042 2035 1179 2073 delicias,
1202 2042 1240 2067 ut
1264 2036 1434 2066 Anacreon
1457 2035 1654 2076 Bastayssum,
1675 2043 1744 2066 car-

978 2079 1117 2110 minibus
1132 2079 1298 2110 celebravit
1314 2079 1454 2118 Alcaeus.

1021 2133 1050 2153 v.
1071 2121 1208 2154 13-16.
1235 2125 1328 2154 decus
1351 2123 1466 2160 Phoebi,
1490 2121 1615 2163 insigne
1635 2127 1668 2153 et
1685 2131 1740 2152 or-

978 2174 1165 2197 namemum
1185 2165 1354 2206 Apollinis.
1444 2172 1475 2197 et
1496 2167 1570 2206 dap.
1588 2176 1674 2206 supr.
1689 2177 1738 2206 gr.

978 2216 1046 2242 test.
1075 2212 1143 2243 Jov.
1168 2210 1235 2250 ipse
1263 2209 1393 2249 Jupiter
1421 2209 1507 2239 enim
1535 2209 1618 2241 inter
1645 2207 1742 2248 dapes

979 2253 1055 2294 lyrae
1079 2255 1120 2284 ab
1147 2253 1298 2292 Apolline
1329 2252 1462 2292 pulsatae
1490 2258 1587 2283 cantu
1617 2252 1741 2283 deliniri

979 2296 1118 2335 solebat;
1141 2296 1204 2327 vid.
1233 2296 1334 2326 Hom.
1363 2295 1456 2326 Iliad.
1477 2295 1505 2327 1.
1524 2294 1599 2326 603.
1648 2295 1740 2327 Hine

979 2341 1106 2383 φόρμιγξ
1135 2339 1262 2374 ἳιιτος“
1254 2352 1317 2370 evat
1310 2341 1364 2383 l-gn
1456 2340 1482 2371 0
1495 2341 1553 2370 lob.
1571 2340 1655 2372 dulc·
1661 2341 1736 2372 -kno

983 2384 1013 2414 Ο
1016 2373 1106 2423 lyra,
1121 2393 1192 2424 quae
1206 2388 1318 2414 cantus
1338 2381 1386 2413 tui
1407 2381 1575 2414 dulcedine
1595 2383 1737 2415 animum

979 2426 1138 2458 laboribus
1157 2425 1275 2456 fessum
1306 2436 1445 2457 recreare
1481 2425 1572 2458 soles.
1661 2428 1739 2459 9111711·

975 2481 1089 2511 conqu-
1123 2471 1197 2501 salv.
1229 2471 1282 2501 rit.
1313 2481 1376 2501 voc.
1409 2469 1452 2500 sis
1479 2469 1565 2501 1111111
1591 2469 1737 2510 propitia,

974 2513 1240 2554 quandocunque,
1254 2518 1291 2544 ut
1304 2512 1383 2543 mihi
1397 2513 1490 2551 adsis,
1513 2519 1550 2545 te'
1566 2513 1626 2544 rite
1646 2523 1738 2554 roga-

975 2567 1059 2592 vero,
1085 2557 1117 2587 11.
1142 2567 1169 2587 e.
1199 2556 1370 2598 benignam
1392 2563 1424 2587 et
1445 2556 1571 2588 facilem
1597 2563 1631 2588 te
1658 2555 1737 2587 1111111

974 2602 1086 2640 praebe,
1104 2599 1356 2642 quandocunque
1374 2605 1415 2638 te,
1429 2607 1468 2631 ut
1489 2600 1589 2638 decet,
1602 2605 1736 2632 tractare

972 2643 1098 2674 animus
1118 2649 1173 2674 est.
1259 2654 1384 2696 cunque
1412 2653 1490 2684 pro·
1529 2643 1737 2693 quandocun-

972 2697 1045 2728 que.
1133 2688 1267 2728 salvem
1238 2690 1337 2730 757,ae31
1361 2697 1421 2718 vox
1442 2686 1591 2718 solemnis
1612 2693 1678 2718 tam
1699 2685 1733 2716 111

971 2729 1165 2780 appellandis
1191 2730 1250 2760 diis
1272 2730 1522 2771 hominibusque,
1543 2739 1624 2771 quos
1644 2726 1735 2761 nobis

974 2773 1124 2824 propitios
1151 2781 1245 2815 atque
1273 2774 1441 2805 benevolos
1475 2782 1542 2805 esse
1571 2774 1733 2813 cupimus,

973 2827 1068 2858 quam
1099 2817 1134 2847 in
1164 2817 1233 2848 aliis
1262 2819 1364 2855 rebus,
1394 2826 1473 2860 quas
1502 2817 1592 2848 nobis
1620 2815 1732 2858 gratis-

973 2861 1066 2891 simas
1087 2860 1394 2902 jucundissimusque
1414 2859 1554 2892 accidere
1575 2859 1732 2902 signifiea-

970 2915 1050 2935 mus.
