1904 3250
193 183 276 221 278

823 176 1127 220 HORATII

1490 183 1647 231 [cAnM.
1669 192 1759 220 ΧΠ.

311 305 376 347 Te
396 313 536 346 manet
558 303 753 346 Assaraci
772 301 909 352 tellus,
933 318 1060 359 quam
1078 302 1231 359 frigida
1249 305 1366 359 parvi

423 374 613 429 *Findunt
637 371 882 414 Scamandri
902 371 1088 422 flumina,
1110 371 1295 414 lubricus
1316 382 1357 415 et
1379 374 1553 424 Simois;

226 451 277 490 15
311 449 438 491 Unde
459 447 533 489 tibi
554 446 734 487 reditum
757 452 871 486 certo
893 445 1127 487 subtemine
1149 445 1295 487 Parcae

427 516 596 571 Rupere
612 530 623 563 3
653 529 731 555 nec
752 521 886 555 mater
906 514 1079 556 domum
1101 514 1257 556 caerula
1276 523 1316 556 te
1337 516 1516 558 revehet.

310 586 400 627 Illic
421 599 544 625 omne
565 583 722 625 malum
743 583 840 624 vino
861 590 1068 639 cantuque
1088 583 1238 634 levato,

424 654 637 697 Deformis
659 656 917 712 aegrimoniae
938 655 1131 698 dulcibus
1153 656 1357 713 alloquiis.

713 866 1053 908 CARMEN
1100 866 1236 908 XIV.
1372 870 1381 894 Χ

760 1021 828 1052 AD
856 1021 1198 1053 MAECENATEM.

310 1151 489 1193 MOLLls
505 1151 662 1192 inertia
683 1166 757 1192 cur
779 1160 939 1193 tantam
963 1150 1178 1192 diffuderit
1198 1151 1290 1192 imis

425 1223 691 1265 Oblivionem
713 1225 916 1274 sensibus,

311 1297 470 1339 Pocula
492 1296 689 1338 Lethaeos
703 1305 758 1338 rut
778 1297 813 1337 si
834 1297 1029 1339 ducentia
1051 1311 1218 1338 somnos

425 1367 583 1407 Arente
593 1366 722 1408 :fauce
742 1367 955 1417 traxerim,

190 1499 275 1531 nato,
301 1495 441 1534 Cyllenea
463 1491 587 1522 dicitur.
677 1468 760 1527 ιΙίνιέΓ
784 1490 954 1522 exsecrabi-

188 1516 279 1610 libe?
296 1578 562 1611 11-18.Νοιιι·ι.
588 1585 640 1610 ut
647 1580 762 1620 grandi
785 1589 858 1610 cec.
874 1581 954 1611 Cen·

189 1630 274 1655 taur.
291 1625 388 1655 alum.
401 1622 486 1663 quod
500 1622 631 1663 quidem
644 1622 759 1654 nobilis
775 1623 953 1653 Centaurus

189 1677 325 1708 quoque,
344 1667 473 1700 Chiron,
489 1676 606 1707 magno
619 1676 678 1696 suo
693 1665 824 1697 alumno
845 1665 951 1702 suasit,

188 1754 252 1791 cui,
267 1759 333 1784 tam
346 1753 506 1793 sapientiae
520 1764 615 1795 quam
638 1752 761 1784 virtutis
781 1752 882 1793 gloria
902 1752 952 1782 in-

188 1804 237 1828 ter
251 1797 428 1828 Centauros
441 1798 624 1836 conspicuo,
646 1796 723 1839 (vid.
749 1796 894 1833 Mitsclz.)
916 1795 955 1825 fi-

189 1840 269 1871 lium
298 1850 393 1871 suum
425 1840 584 1871 Achillem
615 1840 726 1871 Thetis
753 1838 954 1870 educandum

188 1883 366 1920 tradiderat,
383 1883 460 1926 (vid.
482 1884 559 1915 Stat.
581 1883 698 1914 Achill.
714 1883 743 1915 Ι.
765 1882 827 1913 100
846 1883 949 1924 seqq.)

187 1927 230 1958 ad
246 1927 376 1958 Pindari
391 1927 572 1966 exemplum
589 1927 683 1968 Pyth.
708 1927 772 1958 IX.
799 1926 843 1958 88
864 1937 947 1976 seqq.

183 1970 251 2012 jam
267 1978 368 2001 vatem
383 1970 511 2001 induxit
523 1976 624 2010 poeta.
706 1973 832 2011 grandi,
848 1970 952 2001 suavi-

188 2020 236 2045 ter
268 2013 436 2044 Achilles‘
422 2024 490 2054 Jam
511 2024 590 2057 puer
609 2014 681 2044 talis
700 2019 950 2054 repraesentatur,

188 2057 289 2099 qualis
301 2057 416 2087 virtute
437 2068 495 2088 sua
515 2068 663 2088 evasurus
684 2064 760 2088 erat.
852 2059 952 2088 Assa-

188 2103 257 2133 raci
284 2103 383 2137 lellus,
416 2100 521 2141 Troia,
550 2102 696 2132 Assaraci
719 2101 796 2132 olim
819 2100 952 2141 imperio

189 2145 348 2185 subjecta3
382 2143 426 2174 sic
450 2144 535 2183 apud
560 2144 674 2186 virgil.
705 2145 783 2175 AEn.
815 2145 844 2175 Ι.
873 2142 948 2175 284«.

191 2190 482 2220 domusAssaraci.
567 2190 658 2228 parvi
681 2190 867 2220 Scamandri
878 2190 952 2230 flu-

190 2234 289 2269 mina,
307 2231 496 2262 Scamander
510 2231 605 2268 enim,
621 2231 712 2272 cujus
721 2232 793 2262 fons
801 2232 835 2261 in
845 2238 954 2263 monte

192 2275 255 2307 Ida
275 2281 331 2313 est,
354 2274 437 2304 intra
457 2284 587 2312 parvum
610 2275 747 2314 primum
769 2275 885 2306 labitur
906 2275 953 2306 al-

191 2329 296 2350 veum.
360 2319 527 2354 lubricus,
554 2318 712 2358 epitheton
740 2329 862 2354 ornans,
885 2319 952 2349 cui-

190 2373 254 2404 que
267 2361 363 2392 fluvio
383 2362 590 2399 conveniens3
613 2362 667 2392 alii
689 2362 867 2402 explicant:
889 2368 952 2392 tor-

191 2413 313 2444 tuosus,
335 2404 490 2442 sinuosus
514 2405 626 2445 anguis
649 2405 746 2436 instar
770 2417 804 2436 se
828 2405 952 2445 provol-

191 2460 276 2480 vens.
365 2454 446 2480 certo
465 2449 644 2486 subtemine,
666 2449 846 2486 inevitabili,
867 2449 952 2490 quod

192 2492 290 2524 semel
308 2491 478 2524 Parcarum
491 2491 553 2521 filis
567 2492 616 2522 vel
637 2493 813 2523 subtemine
835 2492 952 2524 deduc-

192 2543 262 2567 tum
277 2542 310 2567 et
329 2535 534 2567 constitutum
556 2542 612 2572 est,
634 2535 707 2566 fato.
758 2536 810 2567 De
834 2536 951 2573 Parcis

193 2580 256 2611 fata
276 2579 411 2611 Achillis
420 2577 530 2611 nendo
543 2578 780 2617 deducentibus,
796 2586 843 2609 est
864 2579 952 2611 locus

191 2624 395 2655 suavissimus
407 2622 493 2663 apud
509 2622 625 2654 Catull.
643 2623 774 2653 LXIV.
790 2622 855 2654 339
869 2633 952 2672 seqq.

192 2685 237 2692 —
251 2668 415 2716 Dcfformis
423 2668 540 2707 aegvim.
562 2667 646 2697 dulc.
670 2668 819 2707 alloquiis,
841 2667 951 2708 gratis-

192 2711 280 2741 simis
292 2711 355 2741 illis
371 2710 460 2750 (vino
476 2716 589 2749 nempe
609 2715 642 2740 et
663 2709 773 2750 cantu)
798 2711 951 2740 malarum

192 2764 339 2786 curarum
364 2753 530 2791 fomends3
616 2755 795 2793 alloquium,
818 2759 855 2783 ut
875 2755 949 2783 allo-

193 2800 275 2830 cutio
290 2797 375 2836 apud
392 2797 510 2828 catull.
527 2796 739 2828 XXXVIII.
759 2795 789 2826 5.
815 2796 855 2826 de
876 2806 953 2836 quo-

194 2843 240 2871 vis
261 2841 362 2872 solatii
383 2847 415 2871 et
436 2839 597 2871 lenimenti
618 2849 752 2881 genere;
776 2839 837 2870 vid.
863 2842 952 2871 Dra-

999 1490 1060 1521 vid.
1086 1494 1234 1523 Wetstein-
1253 1491 1291 1522 ad
1310 1491 1353 1523 N.
1374 1492 1413 1522 Τ.
1441 1492 1479 1523 Τ.
1500 1492 1550 1523 11.
1575 1503 1604 1532 p.
1632 1493 1705 1525 267.
1727 1500 1759 1524 et

1003 1536 1040 1566 T.
1075 1537 1288 1567 Hemsterhus.
1319 1535 1360 1566 ad
1390 1535 1539 1575 xenoph
1573 1537 1691 1576 Ephes.
1725 1548 1755 1577 p.

1002 1576 1075 1609 153.
1109 1578 1171 1609 Sed
1186 1579 1353 1615 Beruleius,
1366 1579 1537 1610 Latinitati
1550 1580 1609 1610 hac
1623 1580 1761 1620 explica-

995 1622 1081 1652 tione
1109 1621 1234 1659 timens,
1259 1622 1444 1662 particulam
1473 1629 1506 1654 et
1523 1630 1597 1654 ante
1618 1626 1758 1656 dulcibus

996 1665 1193 1696 inserendam
1216 1675 1283 1696 esse
1307 1671 1407 1706 putat,
1432 1659 1624 1708 suffragante
1655 1669 1759 1699 Walte-

129 1719 132 1722 ⁴
189 1720 264 1741 cum
287 1711 346 1740 hoc
371 1709 698 1741 ederet-vaticinium:
714 1726 756 1732 —
771 1709 951 1745 Chironem,
985 1711 1105 1752 fieldio.
1153 1710 1217 1746 At,
1235 1719 1316 1740 cum
1334 1715 1417 1740 recte
1442 1716 1555 1744 cantus
1580 1709 1642 1742 dici
1662 1710 1760 1751 possit

995 1754 1186 1795 alloquium;
1218 1763 1274 1792 per
1299 1762 1433 1794 zeugma
1456 1759 1563 1784 autem
1588 1763 1652 1784 non

998 1797 1047 1833 sit,
1078 1802 1115 1826 ut
1143 1797 1313 1836 alloquium
1341 1796 1483 1837 utrisque
1511 1795 1760 1836 praecedentum

997 1839 1178 1870 nominibus
1192 1838 1464 1877 accommodetur;
1475 1840 1544 1881 jam
1557 1850 1596 1871 ex
1611 1841 1673 1871 hac
1683 1850 1759 1873 cmi-⁶

995 1894 1030 1913 sa
1039 1882 1200 1924 quomodo
1213 1882 1370 1914 Latinitas
1376 1882 1563 1920 offendatur,
1575 1893 1651 1915 ιιοιι
1655 1883 1757 1917 video.

995 1945 1038 1951 —
1052 1927 1206 1969 deformis,
1228 1925 1386 1967 aegritudo
1407 1926 1492 1957 enim
1513 1927 1614 1959 macie
1634 1927 1760 1962 tulum

997 1969 1163 2001 deformat.

1206 2057 1428 2089 CARMEN.
1444 2057 1558 2091 XIV..

1043 2144 1223 2182 Maecenati,
1243 2144 1416 2177 identidem
1439 2144 1612 2176 Hor-atium
1632 2147 1757 2186 roganti

996 2194 1028 2218 et
1042 2198 1117 2218 cum
1132 2198 1170 2218 eo
1184 2187 1405 2227 expostulanti,
1420 2198 1477 2219 cur
1492 2188 1561 2230 jam
1581 2188 1637 2220 diu
1650 2188 1756 2221 dnum

996 2231 1103 2268 fidem,
1118 2241 1152 2262 se
1165 2241 1295 2262 carmen.
1313 2231 1483 2262 iambicum
1505 2241 1579 2262 cum
1600 2231 1657 2263 iuo
1669 2242 1756 2265 com-

997 2275 1234 2306 municaturum
1249 2284 1324 2312 esse,
1347 2274 1491 2306 nondum
1513 2274 1684 2311 exsolverit.
1707 2286 1757 2307 re-

997 2317 1130 2357 spondet
1142 2324 1233 2357 poeta
1247 2317 1282 2348 in
1295 2318 1356 2349 hoc
1377 2317 1526 2355 carmine,
1552 2317 1631 2350 dum
1653 2319 1757 2351 omnis

997 2371 1094 2392 morae
1121 2371 1247 2392 causam
1275 2361 1309 2391 in
1340 2363 1502 2398 Amorem,
1515 2371 1595 2403 -quo
1609 2363 1755 2404 gravius,

995 2415 1089 2445 quam
1118 2404 1194 2435 olim
1220 2405 1397 2441 Anacreon,
1427 2411 1591 2444 torreatur,
1621 2406 1752 2438 consen.

998 2448 1050 2479 De
1063 2457 1188 2478 summa
1200 2447 1452 2478 autem-Amoris
1471 2448 1503 2479 vi
1515 2447 1621 2489 ipsum
1634 2449 1757 2482 Maece-

996 2499 1112 2529 netem,
1127 2491 1161 2520 in
1174 2491 1393 2531 pulcherrirnae
1414 2491 1529 2531 puellae
1544 2501 1755 2524 amorecum-

996 2534 1133 2566 maxime
1146 2540 1345 2573 occupatum,
1361 2534 1460 2565 facete
1473 2540 1586 2566 testem
1601 2536 1685 2567 facit.

1038 2589 1069 2608 v.
1096 2576 1189 2608 1-8.
1218 2579 1324 2609 Mollis
1347 2579 1468 2610 inertia*
1483 2585 1555 2610 cett.
1573 2579 1705 2619 pulchre
1723 2586 1756 2612 et

995 2620 1157 2661 splendide
1170 2631 1228 2660 pro
1251 2621 1394 2663 vulgari·
1422 2631 1480 2652 cur
1500 2622 1656 2654 effluxerit
1675 2624 1755 2654 mihi

993 2665 1087 2705 plane
1100 2674 1137 2695 ex
1152 2664 1268 2701 animo,
1294 2664 1380 2706 quod
1401 2664 1441 2695 de
1461 2666 1600 2697 carmine
1620 2666 1755 2699 iambico

995 2708 1154 2750 quondam
1167 2707 1223 2739 tibi
1237 2708 1449 2747 promiscam,
1461 2719 1543 2749 saepe
1552 2709 1755 2751 rogandome

996 2761 1115 2786 enecaS,
1131 2750 1264 2782 candide
1281 2751 1450 2782 Maecenas.
1517 2755 1618 2785 mollis
1630 2756 1752 2791 inertia,

996 2795 1155 2836 ignavum,
1170 2804 1235 2836 quo
1247 2805 1318 2835 qius
1332 2794 1468 2826 molliter
1489 2795 1614 2835 diffluit,
1639 2797 1753 2829 otim.

997 2840 1115 2870 Pocula
1131 2839 1269 2870 Lethoeos
1281 2844 1318 2870 ut
1332 2841 1359 2870 si
1372 2841 1519 2871 ducentia
1532 2851 1631 2873 somn.
1648 2847 1753 2874 arent.

193 2887 280 2916 kenb.
304 2884 345 2916 ad
369 2884 438 2915 Liv.
467 2884 533 2915 IX.
559 2882 590 2914 6.
620 2883 660 2914 Τ.
689 2883 741 2914 11.
764 2894 794 2923 p.
823 2882 896 2914 682.
922 2890 953 2914 ct
983 2884 1087 2924 fauce
1106 2888 1185 2913 trax.
1212 2882 1300 2923 quasi
1326 2892 1385 2924 ego
1411 2893 1449 2913 ex
1474 2883 1575 2915 Lethe
1601 2883 1765 2923 hiberiam¹

195 2939 265 2968 quae
294 2928 471 2958 notavimus
498 2926 538 2958 ad
563 2927 585 2958 1.
612 2927 650 2964 l.⁴
669 2926 784 2958 Catuli.
834 2927 880 2958 Et
909 2927 952 2957 sic

194 2973 367 3014 παραμύθιον
389 2978 428 3002 et·
443 2973 667 3014 παραμυθεῖσθαι
689 2970 772 3011 apud
803 2971 949 3009 Graecos;

995 2932 1101 2957 arente
1112 2926 1209 2968 sanc.
1227 2927 1383 2963 traxerim,
1411 2925 1501 2958 avide
1512 2927 1754 2966 hausefimmic

998 2969 1154 3001 Hercules
1178 2971 1285 3002 vinum
1310 2972 1428 3002 trahere
1450 2970 1535 3011 apud
1559 2971 1630 3004 val.
1652 2971 1753 3003 Phoc.
