1904 3250
247 206 324 244 166

275 332 324 370 15
356 329 446 373 Nec
466 331 542 373 flos
563 345 798 388 purpureus
821 345 940 380 rosae,

857 204 1162 248 HORATII

1589 210 1695 258 [Lm.
1719 221 1786 248 111.

471 401 559 443 Nec
580 401 680 457 poti,
704 399 896 450 vetulam,
918 398 1019 441 faece
1039 407 1159 442 tenus
1180 401 1283 443 cadi.

753 615 1089 657 CARMEN
1132 615 1269 658 XVI.

790 764 857 795 AD
893 765 1232 797 MAECENATEM.

349 897 580 938 INcLUSAM
603 896 781 938 Danaen
804 898 929 939 turris
951 913 1092 948 aenea,

350 965 634 1022 Robustaeque
655 966 778 1016 fores,
802 975 843 1007 et
864 966 1035 1024 vigilum
1057 982 1206 1008 canum

348 1038 509 1080 Tristes
531 1039 721 1080 excubiae
742 1039 979 1080 munierant
1000 1040 1097 1080 satis

751 1107 979 1149 Nocturnis
1001 1108 1054 1149 ab
1075 1107 1294 1151 adulteris:

229 1266 346 1301 spectat
359 1270 378 1291 a
394 1260 443 1292 Cl.
463 1262 586 1292 Mitsclt.
605 1260 768 1291 laudatum
796 1261 908 1302 Epigr.
930 1261 986 1291 In-

227 1311 301 1336 cert.
314 1305 409 1335 Auct.
426 1304 622 1335 LXXXII.
637 1305 736 1335 Anth.
749 1305 850 1335 Graec.
868 1305 906 1335 T.
921 1304 982 1335 IV.

225 1359 297 1390 pag.
319 1346 389 1378 134⁴.
435 1350 475 1379 ‘H
491 1349 524 1379 *ro*
539 1350 602 1392 τςὶν
617 1350 779 1389 αὒχῆσασι
795 1348 988 1390 πολυχρόσοις

226 1393 272 1423 ἔτ’
283 1395 426 1433 ἐρασταῖς,
438 1393 478 1424 Ἡ
489 1396 606 1431 Νέμεσιν
613 1391 695 1425 δεινὴν
707 1393 775 1433 οὐχὶ
787 1393 902 1423 abactam
913 1393 987 1429 θεῶν,

227 1435 342 1467 Μίσθιω
353 1436 394 1466 νῦν
403 1435 539 1469 eaeoesa'm
552 1438 694 1477 πενιχρᾶς
705 1437 876 1474 πηνίσματα
886 1435 983 1478 κρούει.

224 1479 303 1517 Ὀψέ
320 1480 350 1519 γ’
365 1479 507 1512 Ἀθηναίη
524 1479 631 1522 Κύπριν
647 1479 795 1512 {inicam-0.
867 1480 984 1510 Lucer-

224 1522 375 1562 oppidum
387 1521 524 1562 Apuliae,
531 1522 612 1552 lanae
620 1523 797 1562 praestantia
802 1523 843 1552 ob
850 1522 986 1563 egregia,

223 1576 295 1607 quae
306 1565 349 1596 ibi
363 1572 461 1603 erant,
477 1575 593 1605 pascua
606 1565 719 1597 nobile.
768 1568 835 1608 fl⁰³
844 1577 980 1606 purpur.

222 1619 308 1646 roste,
339 1619 462 1640 coronae
482 1608 667 1648 convivales,
690 1619 708 1640 e
729 1609 805 1640 rosis
826 1619 924 1639 nexae.
941 1626 985 1634 —-

217 1654 284 1693 poti
294 1653 381 1694 soece
404 1659 467 1684 ten.
485 1654 562 1689 cadi,
577 1651 718 1692 psaltrias
739 1651 891 1692 inprimis,
913 1662 984 1693 quae

220 1696 369 1727 interesse
397 1695 538 1727 solebant
568 1696 846 1733 comissationibus,
884 1696 982 1737 (conf.

221 1749 316 1770 carm.
342 1739 482 1770 anteced.
507 1750 536 1770 v.
553 1738 626 1780 21.)
650 1739 798 1771 mulieres
812 1739 985 1770 vinolentas

219 1781 326 1819 fuisse,
353 1793 482 1823 operose
505 1782 546 1814 ad
570 1785 602 1814 h.
632 1783 652 1814 l.
680 1783 772 1814 docet
799 1785 921 1814 Miesch.
939 1801 982 1807 —

206 1827 293 1868 saece
307 1833 407 1864 tenus,
423 1828 448 1860 ἒς
466 1827 573 1870 τρύγα,
589 1827 673 1858 conf.
691 1837 775 1866 supr.
795 1826 823 1857 1.
839 1825 891 1856 35.
905 1825 958 1856 27.

438 1914 648 1945 CARMEN
666 1914 766 1945 XVI.

266 2001 364 2037 Quod
392 2000 506 2040 saepius
537 2001 693 2032 Horatius
721 2002 887 2040 probatum
915 2001 980 2037 ivit,

219 2041 292 2074 vitae
306 2045 453 2075 humanae
467 2043 647 2076 felicitatem
662 2054 727 2075 non
740 2045 775 2074 in
797 2054 983 2086 magnarum

219 2097 317 2127 opum
332 2087 531 2127 possessione,
549 2089 604 2119 sed
620 2088 655 2118 in
669 2088 785 2125 animo,
802 2098 866 2118 non
880 2087 981 2128 plura,

219 2141 315 2172 quam
325 2131 439 2171 quibus
449 2130 490 2161 ad
502 2131 597 2162 vitam
611 2132 741 2162 honeste
749 2131 980 2173 transigendam

219 2184 300 2214 opus
314 2180 369 2210 est,
390 2181 565 2214 appetente,
589 2175 721 2215 positam
737 2185 813 2212 esse,
835 2175 869 2205 id
883 2182 982 2205 semet

217 2217 323 2258 ipsum
343 2217 488 2256 exemplo
510 2228 686 2258 proponens
706 2218 795 2248 novis
814 2218 982 2249 sententia-

218 2271 290 2292 rum
305 2260 478 2291 luminibus
491 2261 525 2291 in
540 2262 599 2292 hoc
618 2271 746 2303 quoque
759 2262 897 2293 carmine
910 2271 982 2301 pro-

219 2305 281 2336 bat.
331 2304 563 2335 Sententiarum
588 2315 688 2336 nexus
711 2312 755 2335 est
785 2305 854 2336 hic:
893 2306 982 2336 Auro

220 2346 299 2378 nihil
320 2358 387 2378 esse
409 2348 577 2386 potentius,
600 2348 673 2379 satis
694 2347 822 2389 quidem
851 2354 979 2379 constat.

222 2392 315 2422 Auro
328 2391 414 2422 enim
428 2390 462 2420 in
477 2399 594 2422 turrem
606 2402 746 2429 aeneam,
761 2403 832 2433 quae
850 2392 983 2423 Danaen

219 2442 328 2466 contra
340 2434 497 2466 adulteros
512 2435 636 2465 munire
649 2435 788 2471 debebat,
812 2435 984 2475 penetravit

219 2478 244 2513 J
246 2477 365 2519 upiter3
389 2487 466 2508 auro
491 2478 524 2508 in
550 2479 719 2518 perniciem
745 2479 849 2509 mariti
874 2478 922 2509 sui
948 2489 981 2508 se

219 2521 378 2561 corumpi
401 2531 490 2562 passa
515 2529 562 2552 est
588 2521 742 2562 Eriphyle
750 2534 760 2560 3
791 2531 869 2552 auro
890 2522 982 2552 urbes

220 2564 413 2607 expugnavit
424 2570 458 2596 et
471 2564 589 2595 vicinos
603 2575 692 2606 reges
706 2565 746 2596 de
767 2565 866 2606 gloria
880 2571 912 2595 et
925 2574 981 2605 po-

219 2615 330 2640 testate
349 2617 456 2640 secum
477 2607 660 2639 aemulantes
682 2608 850 2648 suppressit
873 2608 981 2639 Mace-

218 2652 339 2683 donum
349 2661 415 2690 rex,
427 2650 593 2691 Philippus
602 2663 612 2689 3
625 2661 702 2682 auro
711 2651 845 2692 denique
855 2651 981 2682 navium

220 2695 317 2727 duces
337 2695 379 2726 ad
399 2694 560 2735 perfidiam
581 2694 710 2725 adducti
727 2701 810 2725 sunt.
858 2695 979 2724 Verum

219 2739 303 2769 enim
320 2749 392 2769 vero
405 2748 469 2779 quo
481 2737 552 2780 quis
565 2745 611 2769 est
625 2738 814 2778 opulentior,
831 2747 868 2768 eo
880 2737 977 2778 majo-

219 2793 253 2813 re
268 2782 359 2822 plura
371 2781 506 2813 habendi
518 2781 689 2821 cupiditate
710 2781 856 2822 agitatur.
898 2781 919 2812 J
923 2791 978 2812 ure

219 2825 394 2867 meritoque
407 2825 506 2866 igitur
517 2835 538 2856 a
550 2824 728 2856 divitiarum
745 2824 909 2864 splendore
924 2826 977 2855 ab-

220 2869 337 2908 horrui,
353 2876 384 2900 et
397 2868 566 2911 tranquillo
586 2868 692 2899 animo
705 2868 738 2898 in
754 2878 787 2899 re
802 2867 925 2898 modica
946 2874 978 2899 et

220 2919 377 2944 contemta
390 2913 594 2954 acquiescere,
616 2922 711 2954 quam
733 2911 815 2942 euris
829 2911 977 2952 graviori·-

220 2956 324 2986 busin
348 2966 380 2986 re
402 2956 487 2987 lauta
509 2954 797 2993 macerari,fmalui.
847 2954 977 2995 Ignorat

219 2998 302 3028 enim
328 2999 565 3031 latifundiorum
592 3009 743 3040 possessor
766 2997 975 3030 dulcissimum

1030 1261 1118 1292 illam
1139 1260 1340 1302 voluptatem,
1363 1273 1458 1304 quam
1479 1264 1622 1305 equidem
1643 1276 1683 1297 ex
1709 1277 1787 1307 puro

1030 1305 1107 1341 rivo,
1122 1315 1293 1343 paucorum
1302 1306 1452 1348 jugerum
1466 1307 1560 1346 silvis,
1573 1315 1606 1340 et
1619 1310 1712 1351 agelli
1725 1312 1787 1342 mei

1030 1348 1188 1379 fertilitate
1201 1349 1356 1389 percipio;
1371 1350 1436 1381 imo
1449 1351 1551 1383 multo
1562 1351 1619 1383 illo
1632 1363 1701 1384 sum
1715 1355 1787 1386 bea-

1032 1391 1112 1429 tior;
1134 1393 1276 1433 quamvis
1289 1394 1374 1423 enim
1392 1404 1495 1435 neque
1515 1405 1553 1426 ex
1567 1396 1661 1428 melle
1674 1397 1707 1427 in
1725 1398 1786 1429 Ca-

1029 1434 1127 1466 labria
1149 1442 1305 1476 quaestum
1325 1436 1415 1473 facio,
1439 1448 1542 1479 neque
1562 1439 1595 1469 in
1617 1440 1789 1480 Campania

1030 1478 1140 1509 vinum
1159 1479 1362 1510 Formianum
1376 1480 1489 1520 condo,
1510 1492 1610 1523 neque
1623 1493 1734 1524 greges
1754 1484 1788 1515 in

1030 1521 1186 1561 praeclaris
1203 1522 1315 1553 Galliae
1332 1523 1498 1564 Cisalpinae
1512 1526 1634 1564 pascuis
1645 1526 1717 1566 2103
1739 1538 1786 1560 te-

1027 1575 1099 1595 rum
1114 1565 1356 1597 necessariarum
1369 1574 1475 1598 tamen
1495 1567 1581 1599 baud
1601 1579 1661 1611 ego
1681 1569 1787 1602 laboro

1027 1608 1140 1648 inopia.
1193 1610 1359 1641 Contracta
1394 1617 1499 1642 autem
1535 1611 1625 1651 plura
1652 1613 1786 1645 habendi

1028 1652 1197 1692 cupiditate
1218 1653 1300 1684 intra
1321 1653 1452 1695 exiguos
1470 1665 1618 1696 agrorum
1642 1667 1786 1688 meorum

1027 1695 1105 1726 fines
1125 1695 1219 1726 latius
1241 1696 1318 1727 mihi
1339 1707 1469 1739 regnare
1490 1698 1624 1736 videbor,
1645 1710 1740 1741 quam
1761 1702 1787 1732 si

1027 1738 1192 1769 continuos
1206 1739 1238 1769 in
1257 1741 1335 1771 Asia
1348 1746 1466 1772 tractus
1486 1742 1669 1781 possideam.
1719 1745 1785 1781 Qui

1025 1783 1126 1813 multa
1147 1788 1268 1822 petunt,
1291 1793 1454 1825 nunquam
1476 1785 1618 1816 exsatiari
1645 1795 1785 1826 possunt.

1026 1825 1136 1857 Multo
1148 1825 1272 1856 felicius
1291 1826 1390 1869 igitur
1409 1834 1442 1858 et
1462 1828 1660 1870 tranquillius
1679 1830 1788 1863 vivunt

1026 1869 1061 1899 in
1075 1879 1109 1900 re
1122 1868 1246 1900 modica
1259 1870 1430 1902 constituti.

1072 1923 1100 1943 v.
1122 1911 1214 1943 1-8.
1244 1912 1298 1944 Ad
1319 1913 1480 1956 vulgarem
1501 1915 1686 1948 sententiam
1699 1927 1787 1949 exor-

1026 1956 1186 1987 nandam:
1214 1960 1235 1975 ‘⁶
1249 1956 1328 1987 nihil
1349 1963 1414 1988 tam
1434 1957 1590 1990 munitam
1610 1970 1687 1998 ene,
1701 1961 1787 2002 quod

1026 2009 1090 2030 non
1104 2009 1182 2031 auro
1195 2000 1371 2042 expugnari
1383 2000 1512 2041 possit,”
1527 2002 1666 2042 primum
1685 2004 1786 2036 utitur

1028 2043 1174 2084 exemplo
1197 2043 1334 2080 Danaes,
1356 2054 1451 2085 quam
1466 2055 1508 2076 ne
1521 2045 1704 2078 firmissimis
1715 2047 1786 2090 qui-

1026 2085 1100 2117 den
1121 2086 1326 2118 munimentis
1351 2087 1425 2119 satis
1444 2094 1546 2120 tutam
1569 2090 1610 2121 ab
1630 2089 1786 2122 adultero-

1023 2139 1095 2161 rum
1124 2140 1201 2161 auro
1222 2136 1366 2170 praesmre
1383 2132 1486 2171 potuit
1508 2132 1659 2164 Acrisius.
1706 2134 1786 2166 Sua—

1024 2173 1104 2204 viter
1124 2179 1230 2205 auoem
1258 2173 1410 2205 Venerem
1424 2181 1456 2206 et
1469 2175 1584 2207 Jov-
1603 2175 1704 2208 nisime
1725 2177 1785 2208 fin-

1025 2217 1081 2259 git,
1092 2227 1167 2248 cum
1190 2216 1349 2248 Acrisium
1369 2227 1448 2248 vana
1461 2224 1570 2250 conti-a
1585 2219 1655 2250 nuri
1671 2226 1781 2260 poten.

1025 2261 1103 2291 tiam
1117 2260 1221 2291 moliri
1234 2260 1575 2292 viderent-Acrisius
1589 2262 1714 2301 scilicet,
1728 2273 1784 2296 rex

1028 2303 1230 2345 Argivorum,
1247 2305 1300 2346 (ut
1313 2309 1416 2334 narrat
1433 2304 1513 2335 hanc
1526 2305 1665 2337 fabulam
1682 2308 1783 2347 Apol-

1026 2346 1091 2377 lod.
1112 2347 1161 2377 11.
1182 2345 1198 2377 1
1215 2345 1317 2388 seqq.)
1333 2346 1373 2377 de
1393 2346 1465 2378 vita
1485 2348 1624 2388 periculo
1637 2357 1784 2391 anepote

1026 2389 1194 2430 aliquando
1216 2389 1275 2420 sibi
1301 2389 1440 2421 timendo
1461 2390 1612 2424 divinitu
1634 2393 1783 2432 mouims,

1026 2432 1125 2463 filiam
1139 2443 1228 2463 suam
1253 2433 1387 2464 Danaen
1410 2433 1445 2464 in
1466 2445 1585 2467 aereum
1609 2436 1783 2469 thalamum

1024 2475 1194 2512 inclusisse,
1206 2482 1238 2506 et
1259 2476 1303 2507 sic
1324 2477 1413 2507 sortis
1425 2484 1572 2510 eventum
1586 2479 1714 2512 eludere
1726 2491 1781 2512 vo-

1025 2519 1121 2550 luisse
1134 2518 1257 2550 dicitur.
1300 2519 1362 2550 Sed
1377 2520 1503 2560 Jupiter
1515 2532 1588 2553 cum
1601 2522 1637 2554 in
1650 2533 1782 2555 ameum

1024 2562 1156 2593 imbrem
1170 2572 1336 2594 conversus
1349 2573 1405 2602 per
1417 2571 1495 2597 tecta
1512 2566 1572 2607 (312
1593 2567 1645 2601 εἷς
1667 2567 1780 2610 W)

1025 2605 1088 2636 sive
1102 2607 1306 2647 per'tegulam
1322 2607 1465 2649 (Terent.
1476 2608 1564 2640 Eun.
1577 2609 1650 2640 III.
1661 2609 1693 2640 5.
1706 2609 1778 2651 35.)

1024 2650 1059 2679 in
1082 2649 1210 2680 Danaes
1229 2650 1333 2680 sinum
1355 2650 1572 2691 descendisset,
1585 2662 1626 2683 ex
1641 2652 1696 2684 illa
1709 2664 1781 2694 pro-

1023 2692 1138 2723 creavit
1164 2692 1326 2731 Perseum,
1348 2694 1403 2735 qui
1419 2701 1536 2735 postea
1563 2705 1658 2727 avum
1686 2706 1781 2728 suum

1025 2735 1184 2766 Acrisium
1205 2736 1383 2768 inconsulto
1403 2744 1436 2770 et
1462 2744 1578 2770 temere
1598 2738 1675 2771 disci
1691 2740 1779 2781 jactu

1021 2779 1170 2810 occidisse
1184 2779 1335 2819 traditur3
1351 2781 1391 2812 cf.
1409 2781 1531 2824 Hygin.
1549 2781 1625 2813 Fab-
1638 2783 1779 2816 LXIII.

1020 2825 1168 2854 —turris
1181 2834 1286 2862 aenea,
1302 2823 1442 2867 intellige
1454 2825 1635 2856 cubiculum
1648 2826 1698 2858 vel
1710 2828 1779 2858 tha-

1020 2866 1151 2904 lamum,
1167 2867 1222 2897 ubi
1244 2878 1263 2898 a
1284 2867 1411 2908 potioris
1434 2877 1528 2899 sexus
1551 2869 1639 2900 aditu
1660 2869 1777 2902 secludi

1020 2910 1103 2949 apud
1133 2910 1259 2941 Graecos
1284 2911 1419 2953 virgines
1437 2911 1586 2950 solebant,
1609 2913 1777 2944 munitissi-

1020 2963 1118 2990 mum,
1135 2964 1152 2984 e
1166 2964 1227 2995 quo
1240 2961 1341 2994 roetae
1355 2955 1535 2995 posteriores
1554 2956 1697 2989 fecerunt
1710 2963 1778 2989 tm·-

1020 3008 1081 3029 rem
1106 3009 1242 3036 aeneam,
1270 2998 1318 3030 vel
1344 3004 1482 3037 ceratam,
1519 2999 1629 3032 Claud.
1653 3000 1685 3031 in
1710 3000 1776 3031 Eu-
