1904 3250
173 120 246 160 xiv
468 134 470 136 ·
818 118 1093 151 PRAEFATIO.

170 251 255 278 non
277 251 374 278 raro
393 236 474 279 loci
495 236 663 279 obscuri
682 237 851 278 mutatis
872 245 913 278 et
948 237 1100 278 rectius
1137 237 1370 280 constitutis
1404 239 1741 282 distinctionibus

167 317 307 358 lucem
346 317 568 373 accipiunt.
589 343 648 348 -—
669 316 799 366 Quod
839 316 892 357 ad
933 317 1192 372 conjecturas
1238 319 1397 370 attinet,
1440 335 1543 377 quas
1583 322 1740 377 passim

169 401 301 458 aequis
322 401 488 442 arbitris
509 400 796 457 dijudicandas
818 401 861 440 in
881 400 989 440 notis
1010 401 1226 455 proposui,
1259 417 1404 444 earum
1434 411 1532 455 tres,
1565 405 1669 462 quas
1698 405 1743 446 in

169 490 334 524 textum
354 483 598 538 reciperem,
621 481 735 522 haud
754 480 947 537 indignas
980 479 1122 531 habui,
1157 481 1352 533 rationes,
1387 499 1441 525 ex
1474 485 1626 541 quibus
1657 484 1739 526 hoc

169 569 326 611 factum
345 577 421 619 est,
454 569 663 610 neminem
694 566 814 608 facile
848 566 1186 622 improbaturum
1217 583 1307 620 esse
1343 570 1553 621 confisus;
1585 571 1743 613 scilicet

171 658 306 715 Epist.
327 658 354 699 i.
382 661 444 699 10.
468 661 536 698 47.
558 671 659 712 pro:
697 662 770 696 aut
787 658 920 705 servit,
944 654 1069 696 dedi:
1111 656 1227 697 haud
1242 660 1392 704 servit;
1438 657 1577 714 Epist„
1607 659 1634 700 i.
1668 662 1738 700 20.

171 759 294 785 versu
314 743 461 784 ultimo
481 756 560 796 pro
580 740 722 795 inepta
751 739 955 781 lectione:
987 741 1114 790 duxit,
1150 740 1325 782 exhibui
1353 743 1485 790 dixia-
1521 742 1657 798 Epist.
1687 742 1743 784 ad

173 824 257 866 Pis.
293 826 390 865 245.
426 837 528 878 pro:
571 836 620 862 ac
647 835 751 874 pene
772 821 962 873 sbrenses
996 806 1308 862 excudendum'
1327 822 1488 863 curavi:
1539 829 1613 863 aut
1637 837 1742 876 pene

157 907 360 959 forenses.
373 929 431 935 —
449 901 614 943 Eodem
633 900 809 941 fortasse
819 901 915 956 jure
939 899 1026 941 Sat.
1046 900 1073 940 i.
1101 902 1165 941 10.
1188 903 1257 942 69.
1279 915 1382 956 pro:
1423 915 1474 942 ac
1491 903 1531 942 si
1548 901 1592 943 in
1624 909 1744 944 textu

169 989 253 1046 legi
273 987 427 1044 possit:
459 1001 515 1027 an
535 988 585 1036 si,
609 984 723 1041 quod
744 985 869 1025 totius
890 983 973 1024 loci
994 998 1139 1025 sensus
1159 992 1202 1026 et
1221 999 1356 1026 nexus
1385 984 1598 1040 postulare
1627 985 1744 1028 vide-

170 1080 239 1114 tur
253 1087 264 1120 ;
301 1078 344 1112 et
366 1070 450 1112 Sat.
480 1069 522 1109 ii.
557 1071 598 1108 4.
633 1070 696 1109 18.
728 1081 883 1120 parum
916 1081 1019 1122 pro:
1051 1069 1214 1118 malum,
1251 1082 1350 1109 nam
1382 1067 1636 1124 exemplum,
1668 1069 1743 1111 ubi

167 1153 317 1193 malum
336 1165 441 1206 pro:
474 1150 577 1190 male
596 1148 781 1204 positum
801 1147 866 1198 sit,
890 1147 961 1188 vix
981 1147 1191 1203 reperias3
1223 1147 1297 1190 sed
1326 1147 1403 1190 has
1433 1156 1476 1190 et
1505 1149 1606 1191 alias
1642 1165 1743 1191 con-

162 1239 348 1294 jecturas
369 1235 607 1277 doctiorum
621 1233 782 1290 judicio
803 1233 1040 1289 relinquere
1061 1233 1203 1275 malui.

225 1417 410 1468 Deinde,
434 1433 529 1459 cum
552 1417 754 1458 Horatius
777 1417 830 1458 ab
851 1433 935 1458 una
966 1417 1171 1459 sententia
1200 1417 1255 1458 ad
1287 1417 1461 1459 alteram
1496 1427 1668 1475 repente
1697 1427 1741 1461 et

167 1506 263 1558 mg&
283 1506 474 1558 πξοσόοκίαν
491 1502 669 1543 transire
689 1501 832 1552 soleat,
854 1501 899 1543 id
918 1501 1132 1557 praecipue
1153 1500 1256 1542 mihi
1291 1496 1502 1558 agendum
1537 1517 1627 1544 esse
1661 1518 1741 1559 pu-

166 1588 263 1637 tavi,
305 1594 353 1628 ut
391 1586 568 1628 lectores
605 1586 658 1627 ad
689 1586 989 1627 sententiarum
1019 1599 1176 1626 nexum
1207 1584 1494 1626 adverterem:
1527 1585 1741 1641 quomodo

139 1717 142 1720 ,
165 1671 297 1713 altera
317 1671 437 1713 alteri
457 1671 720 1727 respondeat,
754 1671 963 1722 docerem,
1000 1679 1043 1712 et
1069 1669 1171 1727 quid
1206 1669 1261 1712 ad
1296 1671 1520 1712 sententias
1555 1671 1665 1713 inter
1695 1687 1740 1713 se

166 1750 465 1793 consociandas
507 1750 788 1806 supplendum
829 1758 871 1792 et
901 1750 1041 1792 animo
1073 1749 1302 1791 tenendum
1335 1750 1400 1798 sit,
1436 1765 1664 1792 monerem.
1681 1777 1740 1784 —-

167 1833 335 1884 Quodsi
373 1842 514 1875 tamen
553 1834 729 1875 fortasse
770 1834 865 1885 sint,
908 1834 1059 1890 quibus
1095 1834 1140 1874 in
1172 1833 1252 1875 hac
1286 1848 1333 1875 re
1365 1833 1493 1889 paulo
1523 1834 1739 1881 verbosior

163 1918 291 1962 fuisse
311 1920 467 1971 videar,
489 1920 550 1961 illi
570 1921 808 1962 uberiorem
829 1921 1131 1962 sententiarum
1158 1920 1337 1962 invicem
1367 1935 1411 1962 se
1441 1921 1738 1977 excipientium

166 2003 472 2059 expositionem
493 2019 518 2044 a
538 2004 721 2045 tironum
742 2003 974 2045 rationibus
995 2002 1112 2044 haud
1133 2003 1311 2044 alienam
1332 2018 1423 2044 esse
1444 2003 1641 2061 cogitent.

223 2166 422 2224 Denique
462 2168 505 2208 in
555 2169 780 2210 verborum
820 2168 1163 2224 interpretatione
1203 2167 1262 2208 ita
1300 2174 1487 2209 versatus
1527 2182 1634 2218 sum,
1675 2175 1736 2218 ut,

165 2247 365 2305 quicquid
386 2247 440 2289 ad
461 2263 510 2289 ea
539 2257 651 2289 recte
682 2247 944 2304 explicanda,
981 2246 1231 2288 illustranda
1265 2255 1308 2288 et
1335 2246 1498 2288 idoneis
1533 2246 1737 2302 exemplis

165 2330 457 2373 confirmanda
477 2339 649 2386 spectat,
672 2330 894 2388 diligenter
915 2330 1195 2380 observarem,
1219 2343 1475 2385 exponerem
1495 2336 1538 2370 et
1567 2344 1737 2371 sensum

164 2414 226 2456 rei
245 2414 396 2471 cuique
417 2421 562 2469 aptum
582 2413 680 2455 inde
701 2413 906 2455 elicerem.
970 2414 1070 2455 Non
1100 2413 1322 2470 compilavi
1356 2413 1535 2455 aliorum
1570 2413 1735 2469 scrinia,

164 2498 238 2539 sed
258 2513 354 2555 quae
375 2498 525 2555 cuique
546 2497 765 2547 debentur,
788 2498 1035 2539 nominatim
1055 2497 1296 2539 doctissimo
1319 2496 1488 2538 Horatii
1502 2497 1734 2553 interpreti,

163 2582 377 2631 Lambino,
404 2583 477 2636 (ex
497 2581 615 2636 cujus
636 2580 826 2621 ubertate
846 2580 988 2635 plures
1009 2582 1239 2638 irrigarunt
1259 2596 1357 2622 suos
1378 2572 1589 2633 hortulos)
1611 2580 1735 2622 bona
1799 2600 1814 2614 ·

165 2660 249 2702 fide
269 2661 460 2703 indicavi.

223 2829 294 2870 Ad
317 2830 485 2874 Horatii
508 2832 678 2888 Satyras
699 2838 825 2881 recte,
859 2831 959 2872 scite
995 2839 1037 2872 et
1071 2839 1263 2874 accurate
1295 2830 1566 2888 explicandas
1596 2837 1739 2872 nostra
