1904 3250
194 155 271 193 190
817 156 1123 199 HORATII

302 279 412 329 Quae
434 280 557 322 simul
578 289 745 322 centum
765 281 1137 338 tetigitpotentem

299 351 481 409 Oppidis
505 353 674 404 Creten,
700 353 826 394 Pater
849 353 903 404 O,
927 354 1118 395 relictum
1149 357 1154 363 ’

209 427 264 465 35
299 424 335 466 F
335 425 417 467 iliae
438 441 605 476 nomen,
627 426 857 482 pietasque,
881 425 1002 476 dixit,

705 495 828 537 Victa
847 495 990 538 furore
1010 495 1019 538 !

299 567 457 609 Unde?
487 583 571 624 quo
591 567 718 609 veni?
749 568 875 610 Levis
896 585 981 611 una
1000 584 1114 611 mors
1137 577 1199 610 est

295 639 518 696 Virginum
540 639 689 695 culpae.
752 639 997 698 Vigilansne
1017 641 1139 698 ploro

294 707 441 763 Turpe
463 708 763 751 commissum?
793 726 846 752 an
866 712 975 752 vitiis
997 720 1207 754 carentem

205 781 261 818 40
701 780 833 822 Ludit
852 778 991 839 imago

291 851 423 901 Vana,
446 867 541 908 quae
562 861 685 908 porta
704 853 868 912 fugiens
890 855 1051 897 eburna

291 921 509 963 Somnium
531 922 681 964 ducit?
712 923 924 966 Meliusne
945 925 1098 967 fluctus

292 994 359 1036 Ire
380 1010 458 1051 per
478 996 626 1054 longos
648 997 738 1048 fuit,
761 1014 814 1039 an
836 1008 1024 1041 recentes

699 1068 884 1126 Carpere
905 1069 1063 1111 flores?

197 1141 253 1179 45
287 1138 332 1181 Si
353 1140 445 1196 quis
467 1139 663 1182 infamem
684 1142 787 1182 mihi
807 1157 919 1184 nunc
934 1144 1161 1199 juvencum

285 1211 430 1253 Dedat
450 1213 581 1264 iratae,
604 1213 788 1256 lacerare
810 1215 935 1266 ferro,
959 1224 999 1257 et

286 1284 498 1342 Frangere
519 1286 653 1328 enitar
673 1287 801 1329 modo
822 1289 1002 1330 multum
1023 1290 1148 1330 amati

691 1360 865 1403 Cornua
884 1362 1062 1403 monstri
1080 1360 1090 1404 !

282 1427 499 1484 Inpudens
520 1429 625 1486 liqui
645 1431 806 1486 patrios
831 1431 1011 1473 Penates
1028 1448 1037 1472 :

193 1501 249 1539 50
281 1498 500 1555 Inpudens
524 1498 687 1542 Orcum
708 1500 877 1544 moror!
913 1500 954 1543 O
976 1501 1169 1543 Deorum

281 1572 326 1614 Si
347 1572 440 1629 quis
462 1572 555 1615 haec
576 1573 709 1626 audis,
732 1574 893 1616 utinam
913 1565 1023 1616 inter
1044 1589 1181 1617 errem

687 1646 815 1689 Nuda
834 1647 977 1690 leones
996 1646 1006 1691 !

157 1750 283 1793 firm-e,
306 1759 402 1790 quam
424 1750 556 1790 turpiter
577 1750 748 1782 furibundo
771 1750 836 1788 illo,
859 1762 923 1792 quo

158 1801 250 1824 tauro
270 1802 323 1823 me
343 1792 517 1830 credebam,
540 1794 671 1825 consilio
687 1805 851 1835 suppressa
863 1801 920 1832 est,

157 1846 253 1877 quam
270 1836 348 1873 patri
363 1836 524 1875 debebam,
541 1837 658 1877 pietas!

198 1890 227 1910 v.
260 1877 398 1910 37-48.
438 1880 578 1921 Europa,
617 1880 718 1923 magis
760 1881 924 1924 magisque

155 1933 240 1954 nunc
260 1923 415 1960 fraudem,
441 1925 475 1954 in
497 1935 592 1965 quam
615 1926 788 1956 temeritate
809 1936 867 1956 sua
888 1936 922 1956 se

154 1966 262 1998 induci
277 1977 366 2007 passa
379 1967 427 2005 sit,
444 1968 589 2004 sentiens,
605 1968 747 2010 querelas
766 1975 798 1999 et
819 1969 921 2000 minas

147 2009 236 2051 jacit,
257 2010 365 2052 quales
389 2011 587 2050 suppeditare
601 2011 680 2043 solet
694 2012 785 2043 dolor
806 2018 838 2043 et
863 2012 919 2043 ad—

152 2053 254 2085 fectus
269 2054 479 2085 vehementior
491 2067 500 2092 ;
523 2055 648 2097 egregie
663 2056 761 2097 igitur
775 2056 814 2087 ad
829 2056 918 2098 inge-

151 2096 243 2128 nium
257 2098 433 2128 humanum
448 2105 652 2139 attemperata
667 2105 714 2131 est
731 2099 870 2139 Europae
884 2109 919 2130 o-

152 2140 240 2172 ratio.
282 2143 372 2173 Unde
385 2141 403 2171 ?
419 2148 539 2181 patrem
554 2143 688 2183 respicit.
727 2145 810 2180 levis,
826 2143 919 2174 nimis

150 2183 228 2215 levis
238 2195 350 2225 poena;
367 2187 477 2225 culpae,
493 2197 583 2217 casus
597 2186 716 2224 tertius,
732 2186 773 2217 ad
782 2188 919 2229 ejusmo-

151 2227 184 2258 di
199 2227 358 2270 virginum
373 2228 499 2269 eulpam
514 2230 712 2269 expiandam,
730 2232 817 2271 quasi
836 2230 919 2271 ejus-

149 2270 238 2303 modi
254 2271 413 2313 virginum
439 2271 594 2314 flagitium
613 2273 719 2313 plures
739 2280 856 2305 mortes
869 2273 919 2304 vel

150 2314 321 2356 graviorem
336 2325 431 2356 quam
448 2317 543 2346 unius
559 2317 668 2347 mortis
677 2327 801 2356 poenam
813 2327 919 2348 meru-

149 2358 218 2390 erit.
234 2358 426 2400 Comparaut
437 2359 579 2398 Propert.
598 2361 613 2390 Ι
619 2361 660 2391 V.
676 2359 707 2391 4.
724 2359 773 2391 17.
788 2361 828 2392 de
839 2361 918 2392 Tar-

150 2402 229 2442 peia:
247 2404 293 2434 Et
306 2404 380 2434 satis
394 2415 460 2434 una
476 2405 568 2435 malae
580 2406 681 2444 potuit
692 2416 775 2436 mors
786 2415 847 2436 esse
853 2416 916 2445 pu-

148 2447 222 2484 ellae,
237 2448 314 2482 Qua
326 2448 419 2478 voluit
417 2448 572 2489 flammas
569 2449 698 2490 fallere,
714 2450 815 2485 Vesta,
825 2448 914 2479 tuas?

148 2507 192 2514 —
206 2491 306 2530 imago
330 2501 422 2527 vana,
454 2490 531 2520 falsa
552 2491 679 2530 species,
705 2490 848 2533 (εἴδωλον)
873 2491 917 2521 sic

149 2532 260 2564 Venus
274 2533 358 2571 apud
374 2533 487 2575 virgil.
509 2533 585 2564 AEn.
606 2534 634 2565 Ι.
648 2533 723 2566 408.
742 2545 813 2575 quae
834 2534 913 2565 falsa

147 2577 249 2616 specie
265 2577 379 2608 AEneae
393 2587 426 2608 se
440 2576 603 2614 obtulerat,
614 2579 711 2619 fidsis
725 2579 912 2619 imaginibus

145 2631 219 2652 eum
233 2620 340 2653 lusisse
354 2620 477 2652 dicitur.
553 2632 623 2662 quoe
632 2628 715 2662 port.
722 2622 801 2663 sug.
820 2623 908 2653 ebur.

146 2675 242 2696 somn.
258 2667 329 2696 duc.
343 2664 464 2695 somnia
477 2663 603 2702 scilicet,
618 2671 655 2695 ut
670 2664 760 2695 finxit
774 2665 909 2704 antiqui-

145 2714 203 2745 taS,
218 2718 274 2747 per
288 2707 366 2739 duas
380 2714 492 2748 portas,
496 2708 590 2750 falsa
606 2708 735 2749 quidem
749 2718 804 2748 per
818 2709 909 2739 ebur-

145 2762 247 2789 neam,
264 2763 335 2783 vera
349 2758 454 2782 autem
475 2761 531 2791 per
551 2758 673 2791 portam
699 2763 844 2783 corneam
870 2761 908 2781 ex

145 2794 220 2825 locis
234 2795 341 2826 inferis
355 2794 561 2834 emittuntur3
586 2795 648 2826 vid.
668 2795 768 2826 Hom.
790 2794 904 2834 Odyss.

148 2837 253 2870 XIX.
282 2838 357 2870 562.
390 2846 422 2870 et
453 2840 557 2880 Heyn.
591 2838 725 2870 Excurs.
760 2838 837 2869 XV.
869 2837 910 2868 ad

147 2880 237 2922 Virg.
265 2882 342 2913 AEn.
370 2882 433 2913 VI.
460 2880 535 2914 894.
637 2884 753 2923 ugiem,
769 2881 904 2912 evolans.

145 2941 188 2947 —
203 2926 356 2958 Menum
365 2928 493 2969 fluctus
513 2931 585 2958 cett.
625 2927 711 2957 enine
730 2924 843 2966 potuit,
860 2931 906 2962 ut,

144 2966 219 3007 quid
236 2969 348 3001 melius
362 2976 450 3009 esset,
463 2977 573 3002 utrum
588 2975 687 3006 tauro,
703 2971 757 3011 qui
780 2979 831 3000 me
853 2978 911 3042 perl
919 3011 931 3042 l

553 3090 576 3104 'x-

966 1751 1099 1793 longum
1123 1760 1210 1782 mare
1236 1751 1370 1788 veheret,
1393 1760 1445 1791 me
1466 1750 1669 1790 committere,
1691 1762 1732 1783 an

966 1801 1106 1825 recentes
1119 1794 1153 1824 in
1167 1801 1257 1834 prato
1272 1793 1363 1825 flores
1378 1803 1514 1834 carpere,
1530 1805 1591 1836 ego
1605 1804 1669 1826 nou
1683 1796 1734 1827 iu-

967 1838 1163 1879 telligerem?
1196 1839 1355 1881 infamem,
1371 1837 1612 1876 detestandum3
1637 1839 1735 1879 paulo

966 1881 1094 1912 mollius
1122 1881 1196 1912 infr.
1230 1891 1258 1912 v.
1280 1879 1332 1912 71.
1362 1881 1482 1918 Venus,
1513 1882 1568 1912 ubi
1595 1883 1732 1913 suaviter

967 1925 1108 1964 Europae
1122 1925 1200 1955 iram
1216 1924 1307 1962 ridet',
1323 1925 1459 1956 eundem
1474 1927 1607 1957 invisum
1631 1932 1737 1965 vocat3

963 1970 1154 2000 —multum
1168 1970 1266 2000 amati
1279 1970 1419 2006 monstri,
1431 1968 1528 2010 hujus
1541 1969 1731 2007 exsecrandi,

962 2023 1058 2054 quem
1074 2011 1168 2052 paulo
1182 2019 1255 2043 ante
1269 2012 1302 2042 in
1314 2018 1404 2052 prato
1417 2011 1531 2043 blande
1545 2018 1578 2043 et
1590 2020 1732 2044 amanter

962 2057 1173 2093 attrectatum,
1199 2056 1340 2098 (Mosch.
1358 2054 1402 2086 93
1422 2065 1505 2097 seqq-1
1526 2055 1621 2087 Ovid.
1642 2056 1727 2088 Fast-

963 2098 1024 2131 861
1051 2098 1154 2141 seqq.)
1173 2099 1312 2140 juvenci.
1356 2098 1483 2130 Scilicet
1505 2098 1551 2130 uti
1571 2100 1725 2144 beminen,

962 2154 1042 2185 quos
1055 2145 1096 2174 ob
1111 2153 1191 2174 nova
1212 2149 1244 2173 et
1265 2142 1407 2173 inaudita
1432 2142 1548 2173 scelera
1568 2143 1729 2174 abomina-

962 2198 1043 2223 mur,
1060 2193 1199 2218 monstra
1213 2185 1362 2226 appellari
1383 2185 1491 2219 solent.
1508 2196 1536 2216 v.
1551 2184 1582 2216 ‘c-
1603 2188 1727 2228 Cleopa-
1794 2191 1800 2197 ‘

962 2237 1011 2262 tra
1037 2241 1122 2270 supr.
1151 2230 1179 2261 1.
1205 2227 1258 2260 37.
1275 2228 1328 2260 21.
1353 2235 1386 2259 et
1408 2230 1540 2260 Catilina
1554 2229 1640 2268 apud
1657 2229 1724 2262 cic.

965 2275 1033 2305 Cat.
1056 2273 1106 2304 11.
1123 2271 1152 2304 l.
1168 2273 1213 2304 ita
1233 2283 1320 2303 nunc
1341 2278 1473 2307 taurus,
1489 2273 1530 2303 ob
1551 2271 1727 2304 scelestissi-

962 2327 1064 2353 mum,
1079 2326 1143 2358 quo
1158 2316 1211 2347 ille
1226 2316 1390 2355 Europam
1404 2314 1555 2346 violenter
1569 2325 1624 2355 per
1637 2326 1725 2348 mare

962 2360 1139 2397 abstulerat,
1161 2359 1283 2390 facinus
1304 2365 1478 2390 monstrum
1505 2360 1598 2400 (nost
1625 2371 1726 2402 unge.

961 2407 1074 2445 keruer)
1092 2410 1226 2434 vocatur.

1004 2459 1032 2478 v.
1050 2445 1189 2477 49-60,
1219 2447 1335 2478 orcum
1349 2457 1460 2482 moror,
1476 2445 1597 2477 diutius
1610 2445 1644 2477 in
1658 2447 1723 2479 vita

961 2500 1086 2522 morans
1110 2500 1176 2521 non
1200 2490 1305 2520 statim
1330 2488 1371 2520 ad
1398 2489 1520 2521 Orcum
1545 2489 1700 2522 descendo
1709 2489 1727 2530 ς’

956 2534 1000 2565 sic
1014 2536 1119 2570 vitam,
1141 2544 1251 2569 annos,
1274 2539 1413 2571 mortem,
1427 2534 1506 2576 sata
1528 2536 1646 2566 morari
1670 2535 1720 2565 vel
1748 2564 1759 2580 ο

955 2579 1108 2609 demorari
1127 2586 1204 2617 pm:
1230 2576 1348 2607 diutius
1370 2577 1404 2607 in
1426 2577 1489 2608 vita
1509 2577 1633 2614 morari,
1649 2587 1721 2618 pu-

954 2621 1013 2654 sim
1027 2620 1162 2658 dicitur3
1186 2619 1330 2659 exempla
1351 2620 1391 2651 de
1410 2621 1471 2652 hoc
1493 2619 1642 2664 loquendi
1662 2631 1718 2662 ge-

954 2674 1028 2695 nere
1042 2663 1170 2705 collegit
1183 2666 1364 2696 Burmann.
1391 2663 1431 2696 ad
1457 2664 1546 2707 Virg.
1565 2663 1644 2694 AEn.
1662 2664 1713 2696 11.

954 2706 1027 2738 648.
1095 2709 1183 2738 nuda
1201 2714 1302 2746 potest
1315 2707 1442 2748 quidem
1457 2717 1533 2748 pro:
1559 2706 1716 2745 destituta,

952 2750 1099 2782 derelicta
1113 2752 1152 2781 ab
1167 2750 1254 2781 omni
1268 2751 1395 2788 auxilio,
1411 2750 1518 2791 accipi,
1541 2750 1597 2782 sed
1617 2751 1716 2793 signi-

953 2793 1104 2826 ficationis
1133 2794 1311 2834 proprietati
1340 2795 1443 2826 multo
1469 2793 1572 2836 magis
1608 2794 1715 2826 favent

953 2837 1122 2879 sequentia.
1171 2838 1302 2878 Europa
1315 2848 1438 2878 nempe,
1461 2837 1487 2868 si
1507 2837 1644 2870 vestibus
1658 2839 1714 2870 de-

952 2881 1071 2912 nudata
1099 2888 1263 2921 conspecta
1296 2881 1406 2913 fuisset
1432 2891 1452 2912 a
1478 2880 1633 2920 leonibus,
1661 2891 1715 2912 eos

950 2924 1053 2956 multo
1066 2924 1188 2956 avidius
1201 2925 1286 2956 illius
1300 2935 1422 2966 corpus,
1443 2931 1587 2956 tenerum
1608 2925 1712 2956 adhuc

951 2975 982 2999 et
996 2968 1094 3000 succis
1108 2969 1247 3009 plenum,
1261 2969 1460 3001 devoraturos
1474 2979 1540 3000 esse
1555 2968 1710 3000 existima-

1554 164 1663 211 [ΜΒ.
1686 174 1756 202 ιιι.

1884 3059 1886 3062 ’
1872 2743 1904 3039 φ’.)ω-Ἶωῆἠῖἓᾏι-θῆᾌ
1891 2668 1904 2731 fas-..⁴
1902 2639 1904 2642 .
