1904 3250
184 172 240 210 72

303 294 565 351 Mutataeque
587 294 709 336 simul
729 303 854 352 togae.
879 330 881 333 .

219 370 269 408 10

808 167 1113 211 HORATII

372 415 374 417 ¹
417 367 568 409 Cressa
587 382 640 408 ne
661 374 799 408 careat
818 366 996 422 pulchra
1015 366 1103 408 dies
1123 374 1244 409 nota:

301 440 397 482 Neu
417 448 594 496 promtae
614 439 764 481 modus
785 438 1014 495 amphorae,

417 509 513 552 Neu
533 524 693 551 morem
712 510 756 550 in
779 507 937 551 Salifim
959 509 1012 550 sit
1030 510 1193 566 requies
1213 510 1393 566 pedum:

301 583 397 624 Neu
416 582 537 624 multi
557 581 748 623 Damalis
767 583 872 623 meri

417 652 594 693 Bassum
615 650 816 693 Threicia
835 652 973 694 vincat
991 651 1216 709 amystide:

219 728 269 767 15
301 725 396 767 Neu
417 724 554 765 desint
574 723 708 779 epulis
728 739 850 775 rosae,
908 763 910 765 .

415 796 512 838 Neu
531 797 656 839 vivax
675 798 830 854 apium,
853 813 935 839 neu
954 798 1082 858 preve
1102 798 1248 840 lilium.

301 869 460 913 Omnes
480 870 524 911 in
545 869 745 912 Damalin
765 878 909 926 putres

413 940 642 997 Deponent
661 941 805 982 oculos
822 957 831 982 ε
863 956 941 983 nec
962 940 1152 983 Damalis
1173 956 1283 982 novo

299 1010 534 1053 Divelletur
553 1010 757 1062 adultero,

213 1087 267 1124 20

414 1083 600 1126 Lascivis
620 1083 787 1126 hederis
807 1083 1076 1125 ambitiosior.

686 1231 953 1274 CARMEN
985 1230 1234 1272 XXXVII.

801 1348 870 1379 AD
896 1347 1126 1379 SODALES.

299 1455 434 1498 NUNC
455 1463 518 1497 est
537 1456 780 1507 bibendum,
801 1471 914 1498 nune
933 1456 1041 1512 pede
1061 1456 1196 1498 libero

301 1526 513 1568 Pulsanda
533 1526 680 1577 tellus3
711 1541 824 1568 nunc
847 1525 1074 1568 Saliaribus

415 1598 579 1641 Ornare
598 1599 792 1655 pulvinar
814 1599 1007 1641 Deorum

530 1672 718 1729 Tempus
740 1680 830 1714 erat
850 1672 1042 1728 dapibus,
1068 1671 1253 1714 Sodales.

182 1813 228 1834 ca.
301 1801 393 1831 divid.
417 1801 510 1832 oscul.
528 1818 572 1825 —
585 1802 687 1832 oscula
710 1802 850 1834 dividere,
871 1809 939 1830 mo-

183 1844 225 1876 do
237 1843 321 1879 huic,
337 1843 432 1874 modo
445 1843 498 1874 alii
520 1843 663 1874 osculum
683 1843 766 1881 dare,
794 1850 830 1874 ut
852 1853 937 1883 supr.

185 1888 214 1919 I.
235 1886 285 1918 15.
302 1885 352 1917 15.
369 1889 510 1918 carmina
525 1889 666 1919 dividere.
742 1898 857 1918 memor
877 1893 937 1927 αρε.

182 1942 248 1964 mm
276 1932 316 1962 al.
345 1941 407 1971 reg.
432 1942 523 1971 puer.
554 1930 689 1961 suaviter
714 1929 886 1964 recordans,
910 1940 943 1960 se

183 1985 249 2006 una
262 1984 336 2005 cum
351 1984 389 2004 eo
403 1975 461 2004 sub
475 1974 571 2005 unius
585 1973 786 2016 ejusdemque
803 1973 943 2015 magistri

118 2025 121 2027 “
183 2017 234 2049 vel
247 2017 384 2048 custodis
398 2017 543 2057 auspiciis
558 2017 722 2057 pueritiam
745 2017 940 2058 transegisse,

183 2067 216 2093 et
231 2061 325 2093 simul
340 2071 412 2091 cum
427 2071 465 2091 eo
480 2068 584 2102 togam
600 2058 719 2091 vii-ilem
732 2060 869 2092 induisse
880 2073 944 2099 3—

184 2116 203 2137 α
217 2104 330 2136 veneris
344 2104 441 2145 igitur
456 2104 608 2134 Numidae
624 2110 655 2135 et
671 2104 792 2134 Lamiae
807 2104 944 2135 amicitia

184 2147 349 2180 coaluerat.
439 2154 576 2184 mutatoe,
598 2154 756 2188 praetextae
774 2157 888 2187 nempe
910 2148 943 2177 in

184 2201 306 2233 puram.

227 2245 256 2266 v.
278 2233 413 2266 10—16.
452 2237 548 2266 Cress.
567 2246 607 2266 ne
629 2246 693 2266 car.
714 2236 784 2275 pul.
812 2236 853 2266 di.
878 2241 940 2266 not.

184 2279 260 2316 dies,
289 2288 385 2320 quem
415 2277 507 2308 hodie
537 2278 740 2315 celebramus,
767 2277 944 2308 laetissimus

184 2328 260 2354 nota
287 2322 357 2353 alba
381 2321 578 2362 insigniatur,
606 2322 637 2351 h.
665 2331 692 2351 e.
719 2321 753 2351 in
774 2331 943 2352 numerum

184 2365 432 2397 felicissimorum
447 2364 568 2395 dierum
592 2365 763 2402 referatur-3
787 2364 853 2395 dies
874 2364 943 2394 feli-

183 2410 285 2441 ciores
303 2408 387 2449 apud
413 2409 573 2439 Romanos
594 2414 668 2439 nota
696 2408 775 2444 alba,
801 2407 850 2438 vel
871 2407 943 2438 albo

185 2452 303 2493 lapillo,
333 2451 518 2483 infeliciores
548 2458 652 2482 autem
682 2457 756 2483 nota
783 2451 874 2492 nigra
893 2451 942 2481 vel

186 2503 254 2528 atro
267 2495 375 2537 lapillo
388 2500 511 2526 notatos
523 2495 628 2532 fuisse,
645 2495 718 2526 satis
739 2501 852 2525 notum
874 2500 921 2525 est
930 2506 941 2532 ;

186 2540 228 2571 cf.
246 2541 353 2572 Bentl.
422 2542 529 2571 Cressa
545 2539 576 2568 h.
594 2548 621 2568 e.
639 2538 710 2569 alba
724 2549 743 2569 a
756 2543 848 2575 creta,
871 2547 943 2578 quae

187 2594 226 2614 ex
240 2583 343 2614 insula
359 2583 452 2614 Creta
465 2581 514 2612 vel
528 2587 697 2622 apportata,
717 2582 765 2612 vel
787 2591 843 2621 pro
868 2581 943 2611 Cre*-

186 2628 247 2658 tica
261 2633 343 2658 terra
355 2626 459 2658 habita
470 2625 544 2656 fuit.
630 2637 694 2656 ‘neu
715 2631 847 2666 promtoe
861 2626 942 2655 mod.

186 2673 292 2711 ampla.
310 2680 390 2701 neve
411 2668 523 2700 modus
546 2668 581 2699 in
605 2667 784 2708 promendis
805 2677 843 2698 ex
866 2667 945 2698 cella

189 2714 307 2744 vinaria
342 2712 496 2753 amphoris
530 2718 666 2743 servetur
700 2712 731 2742 b.
764 2722 791 2742 e.
826 2710 944 2751 largius

187 2757 279 2788 hodie
308 2757 418 2788 vinum
442 2755 596 2787 afferatur.
686 2754 815 2792 Saliam,
845 2753 943 2785 Salio-

188 2810 269 2835 rum,
299 2801 414 2832 Martis
441 2798 644 2833 sacerdotum,
675 2798 730 2839 qui
759 2808 797 2829 ex
825 2797 943 2829 Numae

188 2842 329 2875 instituto
343 2845 517 2875 secundum
532 2843 602 2874 Liv.
629 2842 658 2873 1.
683 2841 736 2873 20.
754 2853 814 2882 per
837 2843 944 2872 urbem

188 2887 234 2916 ire
248 2894 388 2919 canentes
401 2889 543 2919 carmina
557 2897 630 2919 cum
642 2887 786 2927 tripudiis
803 2886 944 2917 solemni-

190 2940 249 2969 que
263 2932 419 2963 saltatione
431 2931 518 2971 jussi
530 2936 612 2962 sunt.
686 2931 778 2962 multi
799 2930 944 2960 Damalis

191 2974 276 3009 meri,
293 2974 407 3013 puella,
422 2985 494 3016 quae
510 2973 636 3016 largiter
657 2973 728 3005 vino
749 2983 781 3004 se
802 2971 942 3014 ingurgi.

982 1805 1047 1829 tare
1076 1798 1203 1835 solebat,
1233 1805 1270 1830 ut
1298 1798 1383 1839 apud
1407 1799 1502 1832 Ovid.
1529 1801 1610 1832 Men.
1638 1802 1738 1835 XIV.

983 1841 1058 1872 452.
1076 1843 1224 1883 nimiique
1240 1843 1399 1883 Elpenora
1413 1845 1477 1876 vini
1486 1860 1498 1882 ,·
1522 1844 1585 1876 fuit
1601 1846 1745 1878 Damalis

984 1885 1070 1917 haud
1085 1885 1181 1916 dubie
1194 1885 1339 1917 libertina
1352 1886 1402 1917 vel
1414 1888 1522 1928 puella
1541 1889 1743 1925 inhonestior.

985 1929 1060 1970 quia
1084 1928 1312 1960 honestioribus
1333 1929 1383 1961 vel
1404 1929 1553 1973 ingenuis
1573 1932 1745 1975 virginibus

986 1973 1071 2004 haud
1084 1972 1233 2004 interesse
1246 1972 1360 2004 licebat
1371 1973 1588 2013 potationibus.
1664 1979 1745 2009 Bas.

985 2027 1067 2054 sum,
1096 2016 1254 2057 insignem
1281 2016 1363 2047 inter
1393 2017 1515 2049 sodales
1550 2025 1742 2060 potatorem3

985 2060 1492 2145 &azygitiiiguli'ieiidldlioasri’giig
1503 2063 1743 2138 ἓῐὴεὲῗυῦιῐΐ

986 2157 1032 2184 ca,
1072 2146 1234 2186 Hesychio
1268 2146 1452 2186 interprete:
1493 2150 1613 2190 ιυνιχδις
1651 2142 1761 2188 πέης,’

986 2191 1061 2221 hinc
1074 2190 1158 2230 apud
1175 2191 1293 2220 Anacr.
1312 2189 1415 2220 XXI.
1442 2189 1473 2220 2.
1499 2192 1584 2223 πίνειν
1608 2194 1742 2233 &poce-1¹5

987 2239 1115 2264 vocatur
1128 2234 1196 2263 haec
1210 2232 1331 2263 avidius
1343 2243 1410 2264 uno
1424 2235 1539 2265 haustu
1556 2235 1665 2266 vinum
1687 2238 1743 2268 ab-

988 2276 1132 2308 sorbendi
1153 2276 1232 2307 ratio
1260 2278 1404 2313 Thracia,
1433 2287 1452 2308 a
1480 2284 1555 2308 nota
1584 2279 1743 2312 Thracum

985 2319 1174 2357 vinolentia;
1219 2318 1350 2350 laudant
1387 2319 1570 2352 callimach.
1729 2345 1739 2354 .

988 2365 1107 2406 (Beml.
1129 2362 1225 2394 CIX·
1243 2373 1273 2402 p.
1298 2361 1372 2393 481.
1401 2363 1476 2395 edit.
1503 2366 1649 2407 Ernest.)
1685 2369 1744 2399 Καὶ

986 2408 1046 2449 γὰρ
1072 2407 1085 2437 ὅ
1111 2406 1242 2449 Θςηῗκὶηι
1263 2406 1313 2446 μὶν
1339 2406 1461 2450 &qima-0
1488 2408 1595 2450 χίνδδν
1619 2411 1746 2450 ἔμπαν

987 2451 1027 2489 ζω
1045 2453 1163 2481 πατεῖν.
1251 2451 1359 2490 apium
1394 2452 1491 2489 vivax,
1527 2451 1584 2484 diu
1611 2453 1742 2485 viridem

986 2503 1122 2524 coorem
1146 2502 1240 2523 suum
1265 2503 1405 2532 servans;
1429 2495 1526 2533 breve,
1547 2497 1639 2527 breve
1662 2503 1742 2528 tem-

985 2546 1046 2576 pus
1059 2536 1181 2572 florens,
1197 2541 1233 2566 ut
1247 2537 1342 2571 brevis
1357 2549 1426 2569 rosa
1446 2538 1519 2569 infr.
1548 2538 1598 2570 11.
1625 2539 1656 2571 3.
1689 2539 1739 2571 13.

990 2581 1138 2611 Cetemm
1153 2578 1265 2610 florum
1280 2590 1357 2611 usus
1369 2580 1405 2611 in
1418 2581 1498 2612 laetis
1515 2583 1665 2613 conviviis
1685 2593 1744 2615 no-

986 2623 1140 2661 tissimum
1169 2622 1209 2653 cf.
1240 2622 1312 2654 infr.
1345 2634 1440 2655 carm.
1471 2624 1692 2657 XXXVIII.
1711 2633 1744 2658 et

986 2666 1088 2697 multa
1101 2666 1135 2696 in
1148 2666 1229 2696 hanc
1243 2676 1310 2696 rem
1324 2674 1472 2710 congesta
1485 2679 1504 2699 n
1517 2670 1611 2701 Fulv.
1632 2671 1740 2702 Ursin.

986 2711 1018 2741 in
1035 2711 1177 2750 Append-
1196 2711 1239 2740 ad
1255 2712 1394 2743 Ciaccon.
1412 2713 1449 2743 de
1469 2713 1597 2744 Triclin.
1622 2723 1653 2753 p.
1678 2712 1744 2744 263

986 2763 1069 2794 seqq.

1029 2807 1058 2827 v.
1083 2795 1215 2827 17—20.
1240 2798 1416 2838 Deponent,
1435 2798 1570 2834 suaviter
1589 2806 1739 2838 amantes,

987 2839 1042 2881 qui
1056 2841 1201 2871 obtutum
1214 2839 1249 2870 in
1263 2841 1369 2880 puella
1389 2840 1502 2882 figunt,
1522 2841 1571 2872 vel
1596 2853 1661 2874 uno
1685 2845 1742 2875 ob-

986 2890 1058 2914 tutu
1089 2883 1123 2914 in
1151 2893 1188 2914 ea
1212 2884 1341 2923 haerent,
1370 2886 1516 2925 deponere
1543 2887 1579 2917 in
1604 2888 1741 2926 puellam

987 2925 1135 2958 dicuntur
1162 2929 1270 2964 oculos,
1300 2934 1332 2958 et
1358 2927 1485 2969 quidem
1508 2936 1618 2969 putres
1647 2931 1678 2961 h.
1709 2941 1737 2962 e.

987 2980 1092 3003 amore
1106 2972 1304 3009 tabescentes,
1326 2970 1454 3003 libidine
1476 2978 1628 3013 natantes,
1651 2973 1740 3006 lasci-

1577 174 1684 222 [Liss.
1708 182 1738 209 1.
1800 226 1802 228 -
