1904 3250
228 112 283 150 96

851 106 1153 151 HORATII

1602 108 1709 157 [Lm.
1731 119 1782 147 11.

343 233 604 292 Medumque
624 234 793 284 flumen,
815 234 1008 291 gentibus
1029 233 1219 275 additum

344 304 487 355 Victis,
510 305 693 346 minores
715 303 880 345 volvere
900 304 1100 351 vortices;

463 375 662 430 Intraque
682 373 975 429 praescriptum
998 372 1186 414 Gelonos

574 443 751 499 Exiguis
772 442 958 498 equitare
978 442 1148 497 campis.

789 641 1127 700 CARM'EN
1175 658 1232 699 x.

835 814 904 845 AD
928 813 1176 847 LICINIUM.

346 939 543 982 Rsscvms
565 940 689 990 vives,
714 939 863 990 Licini,
886 937 1021 996 neque
1041 938 1171 980 altum

346 1013 521 1068 Semper
543 1012 774 1069 urguendo,
797 1027 946 1068 neque,
969 1011 1070 1053 dum
1090 1011 1295 1067 procellas

348 1083 507 1124 Cautus
528 1082 748 1133 horrescis,
771 1082 945 1123 nimium
966 1081 1197 1137 premendo

751 1155 872 1197 Litus
893 1155 1096 1211 iniquum.

289 1229 315 1266 5
347 1226 533 1267 Auream
554 1226 741 1282 quisquis
763 1225 1096 1266 mediocritatem

348 1298 514 1356 Diligit,
536 1307 650 1340 tutus
671 1307 785 1340 caret
805 1297 981 1340 obsoleti

327 1394 331 1406 ·
350 1369 554 1413 Sordibus
575 1370 685 1420 tecti,
708 1377 823 1411 caret
842 1368 1069 1410 invidenda

755 1439 929 1494 Sobrius
950 1438 1057 1480 aula.

233 1598 303 1630 Tib.
322 1607 351 1629 c.
368 1597 399 1629 9.
419 1597 533 1628 Vellei.
553 1598 569 1628 1
576 1597 603 1628 Ι.
621 1595 674 1628 94ι.
694 1597 795 1628 Tacit.
811 1597 928 1628 Annal.
947 1597 996 1631 11.

229 1641 261 1673 3.
285 1653 306 1672 a
320 1644 523 1678 Parthorum,
547 1645 620 1682 (pro
641 1641 756 1682 quibus
778 1643 910 1673 Medum
922 1644 996 1684 flu-

227 1697 302 1718 men
333 1685 472 1725 positum
504 1687 565 1725 est)
596 1695 671 1725 rege
699 1691 816 1722 autem,
849 1685 994 1723 Phraate,

227 1729 341 1760 eodem
369 1738 453 1760 anno
480 1728 582 1769 signa,
613 1727 719 1759 Crassi
746 1728 836 1759 clade
870 1728 991 1766 amissa,

229 1772 356 1812 recepit,
379 1772 442 1802 vid.
470 1771 536 1803 Dio
558 1771 652 1802 LIV.
670 1771 702 1802 8.
754 1773 885 1804 Gelonos
903 1772 993 1803 deni-

227 1826 302 1857 que,
317 1822 445 1857 gentem
463 1815 676 1853 Sarmaticam,
691 1825 766 1846 cum
779 1815 814 1846 in
832 1816 994 1847 Romano-

229 1869 302 1891 tum
324 1859 403 1890 fines
421 1866 507 1890 trans
531 1859 648 1890 Istrum
670 1859 881 1890 incursionem
903 1859 995 1890 fecis.

230 1909 308 1939 sent,
325 1903 420 1934 misso
443 1902 593 1939 Lentulo,
616 1909 702 1933 trans
723 1901 843 1933 flumen
857 1903 994 1943 repulit3

230 1946 293 1978 vid.
325 1946 408 1977 Flor.
436 1946 500 1977 IV.
520 1945 569 1977 1⁴2.
657 1948 829 1987 Niphatem
853 1954 996 1978 montem

234 1989 407 2027 Anneniae‚
422 1989 477 2030 qui
492 1990 542 2020 vel
556 2000 575 2020 n
589 1989 672 2020 saxis
685 1997 718 2020 et
731 1989 871 2029 rupibus,
883 1990 998 2031 quibus

230 2034 354 2066 cinctus
367 2040 426 2070 est,
447 2032 495 2063 vel
517 2044 536 2063 a
556 2033 637 2064 duro
659 2033 836 2064 accolarum
858 2034 996 2075 ingenio,

233 2078 286 2118 (ut
298 2087 382 2117 supr.
400 2077 449 2107 11.
465 2076 494 2107 6.
510 2076 541 2107 3.
559 2078 700 2108 barbarae
715 2079 825 2118 Syrtes,
841 2077 914 2108 infr.
935 2077 996 2109 IV.

231 2119 263 2153 5.
289 2119 342 2151 26.
373 2122 544 2153 Germania
567 2120 705 2160 horrida)
728 2122 849 2161 rigidus
869 2120 993 2152 dicitur.

233 2182 278 2190 —
294 2164 357 2196 Sed
387 2163 436 2196 Cl.
468 2166 725 2196 Mitsclaerlicltius
753 2164 919 2204 proclivior
953 2172 1000 2196 est

233 2210 399 2249 Niphaten
413 2207 568 2247 explicare
583 2207 623 2239 de
637 2207 744 2245 fluvio,
765 2207 856 2248 cujus
870 2218 997 2246 nomen,

233 2251 307 2283 licet
334 2250 416 2282 nulli
445 2258 585 2282 veterum
619 2251 880 2291 Geographorum
910 2262 995 2283 com-

233 2301 451 2330 memoratum,
471 2295 576 2336 Tigris
589 2295 719 2326 fortasse
733 2295 767 2325 in
781 2306 820 2326 ea
835 2293 1005 2326 Armeniae'

233 2345 329 2379 purte,
346 2338 401 2370 ubi
415 2348 507 2368 mons
534 2338 686 2378 Niphates
707 2339 786 2370 situs
806 2338 876 2375 fuit,
892 2349 995 2380 gesse-

233 2382 296 2421 rit3
333 2392 406 2424 quae
433 2381 560 2422 quidem
589 2382 697 2422 opinio
725 2383 879 2413 seriorum
914 2389 997 2413 certe

235 2431 409 2466 poet-tuln,
435 2424 491 2466 qui
519 2427 667 2466 Niphatis
693 2425 996 2457 fluvii=mentionem

235 2469 366 2507 faciunt,
389 2468 568 2501 testimonio
590 2469 710 2500 nititur.
728 2469 790 2500 vid.
815 2471 939 2501 Mitsch.
954 2488 997 2494 —

236 2514 521 2555 Medum-flumen,
545 2512 732 2552 Euphraten
747 2519 844 2553 puta;
867 2515 999 2547 minans

236 2559 352 2589 volvere
364 2557 501 2592 vortices,
518 2555 633 2593 minus,
657 2563 693 2587 ut
713 2556 880 2593 domitum,
897 2567 930 2587 se
943 2567 998 2587 ex-

237 2600 357 2638 tollere,
383 2598 486 2631 lenius
510 2605 543 2630 et
570 2599 761 2630 moderatius
789 2600 905 2639 fluere3
935 2601 998 2632 huc

237 2643 381 2683 pertinet,
401 2653 498 2682 quem
518 2643 657 2679 laudant,
679 2643 767 2674 locus
783 2643 898 2685 Virgil.
917 2644 995 2675 AEn.

242 2687 348 2719 v111.
369 2685 443 2718 726.
456 2688 687 2727 —Euplirates
708 2688 771 2718 ibat
786 2688 860 2727 jam
881 2690 1000 2719 mollim-

239 2733 355 2763 undis.-
369 2749 414 2757 —
428 2732 538 2764 Parthi
561 2740 684 2769 nempe,
712 2731 807 2771 hujus
832 2729 920 2762 fluvii
947 2741 998 2762 ac-

240 2775 329 2812 colae,
344 2774 526 2806 desinebant
546 2774 605 2805 hoc
626 2784 710 2804 anno
727 2774 853 2805 altiores
874 2774 1000 2814 spiritus

239 2819 370 2849 trahere.
460 2820 544 2850 intra
561 2819 789 2858 praesaem'plum,
814 2818 894 2848 intra
918 2828 997 2857 prae-

240 2862 370 2901 scriptos
383 2861 542 2893 terminos.
618 2863 768 2903 equitare,
784 2871 840 2901 pro
855 2861 993 2902 vulgari:

241 2914 272 2934 sc
296 2913 410 2944 tenere,
439 2905 545 2943 moris,
571 2915 636 2946 quo
669 2905 785 2937 Geloni
810 2905 898 2946 equis
918 2906 998 2937 vecti

1039 1596 1262 1638 circumvagari
1278 1603 1310 1628 et
1325 1597 1516 1630 incursiones
1530 1599 1631 1631 facere
1645 1599 1795 1639 solebant,

1038 1647 1180 1680 respectu
1194 1642 1308 1672 habito.

1279 1728 1490 1761 CARMEN
1514 1730 1559 1761 X.

1082 1815 1166 1847 Cum
1184 1814 1338 1846 Horatius
1353 1815 1516 1847 Licinium
1528 1816 1702 1851 Varronem
1719 1817 1797 1853 Μυ-

1037 1868 1166 1896 raenam,
1184 1858 1343 1890 Procnleii
1357 1859 1413 1901 (de
1425 1870 1490 1900 quo
1503 1859 1567 1892 vid.
1584 1871 1669 1901 mpr,
1685 1860 1727 1893 ad
1743 1861 1794 1894 11.

1038 1902 1070 1933 2.
1096 1901 1150 1942 5.)
1171 1913 1208 1933 ac
1235 1902 1391 1934 Terentiae
1411 1902 1549 1941 fratrem,
1570 1903 1731 1940 huminem
1745 1915 1798 1937 va-

1038 1946 1132 1982 rium,
1147 1945 1356 1984 ambitiosum,
1371 1945 1564 1986 seditiosum,
1585 1954 1629 1986 et,
1649 1945 1798 1990 quiquid

1039 1989 1186 2021 suaderet
1206 1989 1444 2021 vehementioris
1461 1990 1559 2022 animi
1580 1991 1727 2032 impetus,
1741 2002 1798 2024 cu-

1038 2033 1112 2074 pide
1126 2039 1336 2073 appetentem,
1347 2033 1415 2074 jam
1430 2034 1464 2066 id
1477 2044 1572 2076 agere
1585 2034 1797 2074 intellexisset,

1039 2083 1076 2109 ut
1090 2087 1155 2108 non
1169 2076 1273 2108 solum
1288 2076 1449 2108 meliorem
1467 2085 1582 2110 sortem
1605 2081 1695 2120 (mm
1708 2079 1799 2110 bonis

1040 2120 1106 2152 suis
1119 2120 1343 2161 proscriptione
1363 2127 1478 2152 exutum
1496 2122 1615 2162 suem)
1636 2121 1695 2154 sibi
1709 2123 1801 2162 para-¹

1040 2173 1098 2201 ret,
1112 2164 1168 2195 sed
1181 2164 1275 2195 etiam
1290 2163 1331 2194 ad
1343 2165 1478 2196 honores
1490 2165 1657 2201 altissimos
1669 2164 1800 2197 adscen-

1040 2208 1143 2246 ἀει-εις
1165 2206 1328 2247 preceptis
1341 2207 1551 2239 saluberrimis
1563 2209 1593 2240 ei
1606 2209 1642 2243 in
1655 2209 1717 2240 hoc
1730 2219 1797 2240 mr-

1039 2252 1126 2282 mine
1146 2250 1318 2287 consulere,
1343 2261 1480 2292 uimque
1500 2262 1520 2282 a
1540 2252 1712 2286 temerariis
1731 2253 1799 2284 isu's

1039 2294 1080 2326 ad
1094 2295 1224 2326 rectiora
1237 2293 1366 2324 consilia
1379 2301 1516 2326 avertere
1529 2294 1643 2328 studet.
1683 2296 1798 2337 Itaque

1038 2337 1176 2377 primum
1202 2337 1231 2367 ei
1256 2344 1365 2368 auctor
1386 2344 1443 2374 est,
1472 2344 1510 2369 ut
1535 2338 1618 2372 iuter
1637 2339 1747 2371 altien
1767 2346 1800 2371 et

1038 2381 1206 2412 humiliora
1220 2380 1303 2411 viam
1317 2380 1465 2419 mediam,
1481 2392 1612 2424 eamque
1625 2382 1666 2415 ad
1679 2382 1798 2417 fetido.

1039 2425 1081 2455 ris
1103 2425 1175 2455 vitae
1196 2425 1336 2455 fructum
1361 2424 1558 2464 tutissimam,
1583 2426 1798 2468 ingrediatur-5

1039 2468 1154 2499 deinde
1174 2477 1249 2499 eum
1271 2468 1425 2508 eju-odi
1446 2470 1564 2508 animo,
1579 2471 1635 2512 qui
1650 2469 1685 2502 in
1706 2471 1799 2503 rebus

1039 2511 1175 2543 adversis
1189 2509 1351 2542 meliorem
1367 2519 1483 2543 sortem
1498 2519 1611 2554 speret,
1631 2513 1666 2545 in
1687 2523 1799 2544 secun-

1039 2555 1088 2586 dis
1110 2555 1298 2596 iniquiorem
1324 2555 1444 2594 timent,
1472 2552 1613 2598 adeoque
1638 2556 1799 2591 advenam

1039 2599 1199 2632 fortunam
1220 2598 1342 2631 fortiter
1364 2599 1451 2637 ferat,
1474 2599 1510 2631 in
1533 2600 1671 2632 munda
1690 2606 1798 2632 nutem

1040 2641 1173 2677 minime
1185 2652 1218 2673 se
1231 2642 1350 2680 efferat,
1374 2643 1530 2684 sapienter
1549 2653 1583 2676 se
1602 2644 1737 2677 munire·
1742 2644 1797 2686 ju-

1039 2687 1102 2718 bet·
1115 2704 1159 2711 ——
1172 2685 1234 2717 Sed
1250 2685 1403 2724 Licinius,
1418 2687 1465 2718 uti
1480 2697 1519 2718 ex
1535 2687 1643 2719 Dione
1658 2687 1754 2719 LIV.
1766 2687 1798 2720 3.

1043 2729 1153 2764 Vellei,
1175 2729 1223 2760 11.
1238 2729 1292 2760 91.
1307 2730 1466 2768 discimus,
1480 2730 1653 2763 amicorum
1663 2731 1800 2762 consiliis

1041 2773 1126 2805 haud
1156 2783 1190 2803 se
1210 2774 1277 2814 regi
1309 2785 1427 2814 passus,
1457 2773 1594 2812 detectis,
1624 2785 1696 2815 quae
1722 2785 1798 2807 cum

1044 2817 1165 2848 Fannio
1182 2817 1331 2857 Caepione
1352 2818 1391 2848 ad
1417 2820 1601 2859 Augustum
1618 2818 1798 2859 opprimen-

1042 2860 1119 2893 dum
1135 2860 1254 2898 inierat,
1277 2861 1424 2898 consiliis,
1447 2862 1628 2894 temeritatis
1647 2873 1714 2894 suae
1733 2873 1796 2903 pc-

1040 2914 1097 2938 nas
1111 2904 1237 2937 tandem
1252 2904 1337 2937 dedit
1351 2904 1554 2947 gravissimas.
