1904 3250
196 161 281 200 252

825 155 1134 200 HORATII

1524 164 1682 213 [canu.
1705 175 1757 204 ιι.

310 284 369 326 At
389 299 519 341 quum
540 283 745 325 Tonantis
766 297 900 324 annus
920 281 1122 324 bibemus
1141 283 1257 326 Jovis
1315 282 1318 284 ’

221 361 276 399 30

425 357 587 398 Imbres
607 356 805 411 nivesque
827 363 1055 410 comparat,

309 426 398 468 Aut
417 425 549 467 trudit
568 439 683 465 acres
704 423 802 465 hinc
823 431 865 465 et
884 422 1135 467 hincm'ulta
1154 440 1256 467 cane

425 499 566 554 Apros
587 497 629 537 in
650 496 861 539 obstantes
881 497 1051 555 plagas;

309 572 398 612 Aut
418 570 542 611 amite
563 568 644 610 levi
663 583 759 610 rara
778 569 913 611 tendit
932 571 1049 620 retia,

429 639 588 681 Turdis
609 638 806 681 edacibus
828 639 967 690 dolos;

222 714 277 752 35
312 709 599 766 pavidumque
619 708 819 764 leporem,
842 717 884 750 et
904 709 1121 760 advenam,
1144 709 1310 766 laqueo,
1332 725 1494 768 gruem,

424 781 632 833 Jucunda,
656 790 808 838 captat,
831 783 1018 838 praemia.

308 856 415 905 Quis
436 870 522 897 non
542 855 759 906 malarum,
782 871 885 912 quas
906 871 1025 898 amor
1046 871 1165 898 curas
1186 856 1325 906 habet,

425 924 533 966 Haec
553 925 661 967 inter
682 924 975 967 obliviscitur?

309 998 474 1048 Quodsi
494 998 648 1054 pudica
667 998 817 1040 mulier
837 1000 881 1040 in
901 1006 1062 1055 partem
1077 1001 1197 1055 juvet

219 1072 275 1109 40

422 1067 613 1109 Domum
633 1075 756 1125 atque
777 1068 921 1110 dulces
942 1069 1110 1119 liberos,

311 1138 465 1179 Sabina
485 1138 632 1194 qualis,
654 1146 727 1179 aut
745 1146 917 1194 perusta
937 1138 1094 1180 solibus

428 1210 615 1252 Pernicis
637 1227 745 1252 uxor
767 1211 941 1267 Appuli,

1247 1292 1266 1314 b

192 1364 258 1384 ram
276 1353 436 1395 graminis,
458 1353 543 1395 quod
564 1354 712 1384 tenaciter
733 1360 822 1384 terrae
843 1354 947 1384 adhae·
987 1354 1042 1395 jus
1062 1353 1233 1393 cupiditate
1253 1354 1390 1386 allecti
1379 1365 1412 1386 m
1438 1355 1566 1387 insidias
1590 1356 1757 1396 incidunt;

192 1403 248 1434 ret,
264 1407 322 1428 nec
335 1397 425 1428 facile
440 1397 514 1428 inde
528 1407 602 1427 cum
616 1397 718 1428 radice
733 1397 823 1428 evelli
838 1404 947 1436 potest,

190 1440 399 1471 referendum.
488 1443 628 1475 ,Fr-ond..-
653 1450 710 1479 pro
733 1440 860 1482 vulgata
885 1440 948 1471 lec-

191 1485 297 1515 tione:
323 1486 508 1525 Famesque,
536 1494 574 1514 eo
600 1483 749 1515 fidentius
774 1494 853 1521 eam,
876 1494 948 1525 quae

191 1529 375 1559 Marklandi
388 1527 518 1558 debetur
538 1527 677 1568 ingenio,
699 1527 734 1557 in
755 1533 878 1558 textum
899 1538 948 1558 re·

191 1571 270 1611 cepi,
284 1581 348 1612 quo
362 1570 468 1601 minus
481 1581 672 1611 quemquam
686 1571 726 1601 de
740 1572 809 1612 ejus
822 1571 950 1602 veritate

192 1614 336 1645 dubitare
355 1624 445 1654 posse
467 1621 566 1654 puto;
588 1624 663 1644 nam
688 1614 733 1645 sic
758 1624 822 1644 non
847 1613 952 1645 solum

191 1656 360 1689 locutionis
387 1657 571 1689 insolentia:
610 1660 725 1690 Fontes
754 1659 952 1689 manantibus

130 1724 132 1726 v
191 1703 334 1743 lymphis,
349 1701 479 1738 tollitur,
500 1701 555 1732 sed
576 1700 680 1739 etiam,
703 1701 729 1732 si
751 1701 791 1732 de
811 1701 953 1732 dulcissi-

192 1755 246 1776 mo
267 1744 333 1782 illo,
359 1755 452 1785 quem
475 1744 584 1776 leviter
604 1753 690 1776 mota
710 1746 856 1776 arborum
877 1744 955 1775 folia

192 1798 266 1820 cum
302 1788 413 1819 leniter
442 1787 677 1828 praeterfluentis
704 1788 762 1819 rivi
791 1798 955 1819 murmure

192 1831 388 1872 permiscent,
403 1832 579 1873 cogitamus
593 1832 733 1872 strepitu,
757 1832 860 1863 multo
881 1842 955 1862 sua-

195 1876 263 1906 vior
290 1875 396 1906 animo
424 1876 530 1916 imago
555 1875 709 1916 objicitur.
758 1876 832 1915 Ipse
854 1875 953 1912 locus,

191 1929 286 1960 quem
306 1920 575 1956 Mitselzerliclzius,
600 1918 760 1961 vulgatam
786 1918 953 1950 lectionem

191 1970 327 2000 secutus,
344 1962 434 1993 affert
448 1973 486 1992 ex
505 1963 667 2002 Propertio
684 1963 749 1994 IV·
765 1961 796 1993 4«.
814 1962 845 1993 3.
884 1964 953 1994 Lu-

193 2017 250 2038 cus
263 2012 330 2037 erat
338 2007 430 2049 selim,
445 2008 586 2038 hederoso
601 2009 737 2039 consitus
751 2013 854 2044 antro,
869 2007 956 2038 Mul-

193 2055 287 2091 taque
302 2052 412 2082 nativis
427 2051 567 2091 obstrepit
582 2052 673 2081 arbor
686 2052 784 2092 aquis,
800 2059 866 2081 non
886 2049 957 2079 vul-

194 2100 276 2135 gatae
290 2093 343 2124 sed
362 2100 496 2133 receptae
516 2093 642 2124 lectioni
664 2094 757 2125 favet„
849 2096 953 2126 Somn.

194 2139 277 2179 quod
298 2139 385 2168 invit.
397 2139 454 2168 lev.
476 2137 570 2169 ovid.
592 2138 673 2168 Met.
694 2138 762 2169 XI.
779 2136 854 2168 604⁴.
898 2139 956 2169 In·

194 2182 269 2213 vitat
284 2191 404 2212 somnos
419 2182 639 2222 crepitantibus
654 2184 743 2213 unda
758 2183 881 2223 laln'llt's.

237 2234 267 2255 v.
299 2223 438 2255 29-36.
468 2236 569 2267 quum
611 2226 748 2257 Tonant-
786 2237 864 2257 ann.
895 2225 955 2255 hib-

194 2269 263 2302 Jov.
289 2269 380 2300 imbr-
410 2270 474 2299 niv.
504 2279 600 2308 comp.
634 2275 742 2299 ornate
766 2279 822 2308 pro
844 2268 951 2299 tenui:

195 2311 345 2343 redeunte
357 2310 470 2342 hieme.
555 2314 716 2350 Tonantis,
730 2312 811 2343 refer
825 2311 866 2343 ad
879 2310 956 2349 ovis,

195 2354 308 2386 caelum
321 2361 497 2405 terramque
512 2355 552 2385 ad
576 2361 697 2386 certum
721 2355 864 2386 ordinem
889 2364 958 2385 mo-

195 2398 342 2434 den-antis,
363 2398 575 2440 majestatem3
600 2399 660 2429 nisi
683 2400 754 2440 quis
775 2398 864 2430 malit
885 2408 959 2429 cum

196 2443 360 2483 Boetttgero
388 2441 525 2483 cogitare
546 2441 586 2472 de
613 2442 858 2492 tempestatibus»,
887 2452 958 2483 quae

197 2496 270 2517 cum
285 2484 403 2517 tonitru
417 2485 580 2525 permixtae
594 2487 652 2517 sub
677 2486 790 2516 hiemis
813 2485 902 2516 initio
923 2484 957 2514 in

199 2529 294 2560 Italia
307 2528 413 2560 saevire
427 2528 566 2566 soleant,
655 2535 823 2570 comparat,
839 2529 873 2559 in
887 2538 958 2559 aere

197 2582 311 2613 nempe
331 2571 489 2615 colligens,
512 2553 717 2614 collectasque
737 2571 811 2603 inde
845 2572 958 2603 demit-

197 2625 277 2648 tens.
364 2617 436 2648 Aut
447 2616 533 2647 amit.
551 2617 605 2647 lev.
624 2628 687 2646 rar.
706 2618 788 2647 tend.
804 2622 860 2647 ret.
874 2617 959 2647 turd-

195 2662 282 2692 edac.
308 2662 368 2691 dol.
392 2658 568 2702 auttturdis
591 2660 682 2689 struit
705 2658 843 2696 insidias,
872 2665 960 2689 vaoet

197 2703 353 2744 aucupio;
377 2713 452 2734 nos·
456 2703 459 2712 ²
476 2705 548 2734 oder
561 2713 595 2733 er
605 2704 676 2743 geht
691 2703 764 2751 aas
780 2704 842 2734 den
863 2705 959 2742 vogel-

197 2749 299 2779 lzeerd.
312 2765 357 2773 —
370 2746 433 2778 Per
444 2747 569 2778 amitem
581 2747 677 2778 levem
690 2744 830 2786 intellige
851 2745 958 2776 furcu-

198 2791 262 2821 lam
276 2790 341 2822 sive
355 2790 503 2831 perticam
517 2789 690 2831 levigatam,
706 2789 797 2830 cujus
808 2798 869 2838 ope
882 2795 957 2825 rete,

198 2845 236 2864 ex
264 2834 320 2866 illa
348 2843 544 2874 suspensum,
574 2833 683 2864 avibus
713 2831 953 2882 superinjicitur.

198 2894 241 2901 ——
251 2880 353 2910 turdis
366 2881 452 2910 edac.
467 2879 526 2909 dol-
541 2883 580 2908 ut
592 2875 722 2908 dolose·
713 2875 752 2906 lis
761 2874 871 2906 turdos
881 2885 958 2906 escae

199 2921 424 2960 appetentiores
437 2921 558 2962 θερίας
643 2921 732 2951 dolus
757 2929 870 2958 nempe
892 2924 957 2949 tur-

199 2962 247 2994 dis
262 2971 386 3003 paratur
400 2975 469 2997 esca
484 2965 532 2996 vel
553 2963 704 2996 illecebris
724 2962 879 3004 apiiositir„
903 2971 958 2993 cu-

991 1399 1131 1428 —turdi
1145 1404 1219 1428 suut
1237 1408 1318 1448 aves3
1341 1409 1420 1439 quas
1444 1405 1595 1431 nostrates
1618 1402 1702 1442 zipp-
1728 1381 1761 1432 e’t

990 1442 1204 1472 weindrosseln
1237 1441 1317 1471 vel’
1307 1447 1348 1472 in
1373 1442 1554 1474 uuiversum
1581 1445 1760 1476 'mammen-

991 1485 1076 1524 viigel
1096 1484 1263 1523 appellant.
1362 1488 1515 1518 advenam
1533 1499 1658 1527 gruem,
1686 1498 1760 1519 aves

991 1530 1118 1558 advenae
1133 1527 1181 1558 vel
1190 1529 1366 1569 peregrim
1387 1531 1479 1571 (nosz
1505 1542 1579 1571 zug-
1566 1529 1678 1571 -viigeo
1701 1541 1758 1571 op-

993 1576 1162 1610 ponuntur
1176 1573 1362 1609 vernaculis,
1378 1573 1410 1603 h.
1426 1583 1454 1603 e.
1472 1583 1544 1614 quae
1565 1573 1599 1604 in
1622 1574 1763 1616 regione,

995 1613 1049 1644 ubi
1065 1620 1147 1644 natae
1161 1620 1245 1651 sunt,
1261 1625 1317 1654 per
1330 1615 1466 1646 hiemem
1476 1627 1602 1658 quoque
1610 1625 1760 1657 munent3

995 1668 1159 1698 —gruem
1180 1657 1220 1687 ad
1242 1657 1390 1689 lautiores
1412 1659 1631 1691 Romanorum
1653 1660 1762 1701 epulas

996 1700 1191 1741 pertinuisse,
1206 1707 1335 1740 apparet
1348 1701 1423 1733 infr.
1444 1702 1507 1734 Sat.
1527 1702 1580 1734 11.
1593 1703 1629 1734 8.
1645 1702 1698 1735 87.
1716 1703 1758 1736 cs.

998 1744 1084 1775 Plin.
1104 1744 1149 1775 X.
1167 1743 1219 1774 23.
1235 1755 1258 1774 s-
1277 1743 1330 1775 ae.
1414 1746 1662 1788 praemnmrsaepe
1680 1757 1758 1788 μοι

996 1788 1123 1827 praeda;
1146 1788 1217 1818 vide
1246 1787 1280 1818 in
1305 1798 1340 1819 re
1361 1785 1438 1820 'nota
1458 1791 1626 1822 Broukhus
1645 1789 1688 1822 ud
1706 1790 1763 1822 '1‘1-

997 1830 1132 1906 ιῧιιίἑοὲ.
1156 1830 1188 1862 2.
1212 1830 1265 1862 26.
1291 1837 1323 1863 et
1344 1834 1459 1864 Bann-
1483 1832 1525 1864 ad
1549 1833 1642 1865 Ovid.
1674 1828 1759 1867 Fast.

1041 1929 1069 1949 v.
1099 1917 1153 1956 37,
1177 1918 1230 1950 38.
1269 1920 1344 1954 Quis
1369 1931 1434 1951 non
1459 1921 1532 1952 mal.
1570 1931 1649 1962 quas
1675 1932 1764 1953 amor

998 1974 1066 1994 cur.
1099 1964 1167 1994 hab.
1200 1969 1272 1994 cett.
1337 1962 1422 1994 Cum
1450 1963 1538 1995 vocis
1561 1976 1648 1996 amor
1668 1963 1763 1996 latius

1000 2012 1105 2045 pateat
1131 2005 1330 2047 significatio,
1358 2006 1394 2036 in
1423 2017 1460 2038 en
1481 2007 1665 2047 explicanda
1684 2007 1763 2039 mire

1001 2049 1154 2080 fluctuant
1183 2052 1383 2090 Inteqnetes.
1431 2051 1494 2082 Sed
1522 2050 1548 2082 si
1577 2050 1762 2092 cogitatum,

1000 2093 1217 2124 soeneramrem
1230 2093 1327 2134 loqui,
1342 2093 1514 2125 orationem
1527 2094 1572 2126 ita
1591 2104 1736 2126 exorsum
1750 2107 1758 2126 ς

1001 2139 1119 2168 Beatus
1147 2138 1206 2173 ille,
1231 2139 1285 2179 qui
1305 2139 1415 2178 procul
1438 2139 1566 2179 negotiis
1579 2155 1625 2163 —
1638 2139 1763 2170 Solutus

1000 2182 1086 2212 omni
1097 2181 1232 2222 soemre,
1242 2181 1310 2222 jam
1324 2192 1459 2212 amarem
1473 2190 1529 2221 pro
1549 2181 1685 2212 habendi
1705 2191 1762 2212 cu-

1002 2223 1141 2263 piditate,
1156 2230 1186 2254 et
1201 2223 1386 2255 nominatim
1400 2233 1458 2263 pro
1471 2223 1596 2254 foenoiis
1616 2233 1763 2255 exercen-

1000 2267 1032 2298 di
1061 2266 1174 2302 studio,
1199 2266 1414 2307 accipiendum
1443 2277 1520 2303 esse,
1550 2266 1603 2298 vix
1618 2267 1764 2302 *dubitari

999 2317 1109 2350 potest.
1153 2311 1268 2341 Sensus
1282 2309 1379 2351 igitur
1391 2309 1469 2342 erit:
1498 2310 1675 2347 Quisinoer
1693 2311 1762 2343 haec

1000 2354 1117 2385 rustica
1137 2353 1264 2394 negotia
1284 2363 1348 2384 non
1374 2353 1466 2384 malis
1489 2353 1556 2384 istis
1576 2354 1668 2391 curis,
1691 2365 1763 2396 quae

1001 2407 1075 2428 cum
1097 2397 1176 2427 lucri
1197 2396 1331 2427 faciendi
1356 2396 1461 2427 studio
1479 2397 1656 2439 conjuncta:
1676 2405 1762 2436 sunt,

998 2439 1153 2471 solvitur?
1237 2451 1326 2471 amor
1338 2450 1381 2471 sc.
1408 2439 1562 2478 habendi,
1577 2440 1662 2483 quod
1683 2451 1762 2480 pau-

999 2485 1031 2514 lo
1066 2483 1211 2514 licentius
1246 2483 1369 2522 omiffl't3
1406 2482 1528 2514 addidit
1560 2483 1642 2515 illud
1679 2484 1762 2516 infra

1002 2526 1103 2565 Epist.
1123 2525 1273 2557 1.7.85.
1297 2533 1335 2557 ut
1360 2526 1454 2558 Ovid.
1482 2529 1560 2558 Art.
1581 2528 1658 2558 Am.
1686 2528 1757 2560 111.

1000 2569 1075 2602 541.
1094 2575 1126 2600 et
1143 2570 1236 2601 Rem.
1254 2568 1338 2608 5713
1361 2577 1394 2601 et
1407 2570 1450 2600 sic
1472 2570 1586 2610 passim
1606 2573 1688 2608 auri,
1709 2584 1762 2603 ar-

998 2616 1092 2655 genti,
1109 2615 1233 2646 nummi
1246 2625 1343 2645 arnor.
1391 2613 1502 2644 Varias
1514 2614 1609 2656 hujus
1622 2614 1683 2646 loci
1707 2626 1762 2646 ex-

1001 2657 1182 2699 plicationes
1195 2655 1266 2687 vide
1280 2656 1366 2696 apud
1379 2659 1562 2698 Interprett

1043 2711 1072 2732 v.
1219 2702 1374 2735 Quodsi
1380 2703 1498 2741 pudica
1520 2707 1591 2733 cett.
1640 2702 1764 2739 Quodsi

1001 2743 1042 2776 ad
1054 2745 1122 2774 haec
1135 2743 1240 2774 omnia
1262 2743 1388 2774 accedat
1408 2745 1477 2782 hoc,
1500 2750 1539 2775 ut
1560 2755 1762 2777 communem

1001 2798 1106 2819 rerum
1133 2787 1374 2818 domesticarum
1401 2797 1511 2819 curam
1537 2794 1626 2830 gerat
1647 2789 1762 2830 pudiea

1001 2830 1242 2868 materfamilias,
1257 2841 1328 2871 quae
1342 2831 1464 2869 marito,
1479 2833 1519 2863 ab
1532 2842 1625 2872 opere
1647 2832 1762 2864 diurno

1002 2874 1153 2912 redeunti,
1176 2884 1306 2905 accenso
1326 2874 1359 2904 in
1382 2874 1454 2906 foco
1474 2875 1550 2917 igni,
1574 2884 1638 2918 quo
1662 2875 1762 2907 fessus

1001 2918 1054 2949 ille
1067 2923 1230 2954 recreetur,
1245 2924 1386 2948 amanter
1399 2919 1572 2959 prospiciat,
1588 2929 1661 2952 oves
1673 2919 1760 2951 clau-

1002 2961 1065 3000 dat,
1080 2961 1230 3002 mulgeat,
1247 2968 1278 2992 et
1291 2961 1364 2992 vino
1377 2962 1476 2993 horno
1487 2962 1648 3004 depromto
1658 2973 1760 3005 agres-
