1904 3250
208 111 265 148 48
839 109 1143 154 HORATII

327 234 444 276 Pone
465 235 543 277 sub
565 251 690 277 curru
712 236 887 277 nimium
908 237 1135 293 propinqui

325 306 447 358 Solis,
471 308 514 349 in
534 316 647 350 terra
666 309 860 350 domibus
881 317 1034 366 negata
1050 326 1060 349 :

323 379 461 423 Dulce
483 381 689 423 ridentem
711 381 901 439 Lalagen
921 381 1086 432 amabo,

730 453 869 495 Dulce
890 452 1144 509 loquentem.

750 644 1019 686 CARMEN
1052 645 1234 688 XXIII.

835 776 906 806 AD
923 765 1147 807 'CHLoEN.

319 885 458 926 Vl'rAs
478 884 680 927 hinnuleo
701 901 767 927 me
789 886 948 937 similis,
974 887 1124 938 Chloe,

319 954 539 1004 Quaerenti
559 955 755 1011 pavidam
775 956 989 998 montibus
1009 958 1112 999 aviis

377 1023 576 1075 Matrem,
599 1039 685 1065 non
707 1025 795 1066 sine
817 1041 925 1067 vano

433 1096 648 1138 Aurarum
670 1105 712 1138 et
732 1098 847 1140 silvae
868 1106 996 1141 metu.

258 1174 284 1212 5
317 1170 429 1212 Nam
450 1185 524 1211 seu
544 1170 770 1212 mobilibus
791 1173 930 1229 vepris
950 1172 1162 1215 inhorruit

1615 115 1723 166 [Lm.
1746 129 1778 156 1.

315 1240 388 1282 Ad
408 1248 580 1282 ventum
600 1240 722 1291 foliis,
745 1257 820 1283 seu
840 1243 994 1285 virides
1014 1243 1168 1286 rubum
1228 1294 1235 1299 .

371 1310 605 1353 Dimovere
625 1312 807 1363 lacertae,

434 1384 491 1426 Et
511 1385 639 1427 corde
660 1394 702 1427 et
720 1387 899 1444 genibus
919 1387 1074 1429 tremit.

197 1530 289 1562 bituri
304 1540 395 1571 posse
407 1531 589 1570 putabatur.
609 1531 763 1562 Veterum
772 1531 813 1562 de
822 1530 964 1573 quinque

197 1573 285 1605 zonis
305 1574 487 1614 opinionem
507 1574 547 1605 ad
569 1574 832 1616 elegantissimam
854 1585 964 1606 earum

196 1617 437 1657 descriptionem
452 1618 536 1658 apud
553 1618 644 1659 Virg.
677 1619 796 1660 Georg.
827 1618 857 1649 1.
886 1618 963 1650 233.

197 1660 289 1692 docte
302 1667 335 1691 et
349 1668 492 1692 accurate
507 1662 652 1700 exposuit
675 1664 797 1694 Vossius
808 1679 820 1701 ;
843 1662 884 1694 cf.
909 1663 965 1693 Ti-

131 1724 133 1726 -
196 1704 276 1736 buu.
313 1705 376 1736 1v.
428 1704 456 1736 1.
493 1704 564 1736 153.
599 1705 695 1737 ovid.
729 1706 811 1737 Met.
847 1706 876 1737 1.
906 1705 960 1737 46.

195 1758 282 1790 seqq.
368 1750 450 1789 pigr.
480 1760 581 1790 camp.
598 1751 738 1791 —pigri
761 1752 867 1791 campi
890 1757 966 1781 sunt

197 1791 327 1829 steriles,
345 1793 399 1823 ubi
414 1794 522 1823 omnia
540 1799 686 1833 torpent3
710 1793 855 1824 similiter
871 1796 964 1835 pigra

195 1837 293 1867 hiems
306 1835 391 1875 apud
411 1836 503 1867 Ovid.
526 1837 602 1867 Am.
622 1837 694 1868 111.
711 1836 743 1867 6.
762 1835 815 1868 94«.
835 1845 867 1868 et
878 1840 962 1869 iners

195 1881 310 1911 bruma
326 1879 411 1918 apud
429 1880 533 1910 Nostr.
551 1880 624 1910 infr.
642 1881 704 1911 IV.
719 1879 750 1911 7.
774 1880 824 1911 12.
903 1893 962 1912 σεε-

195 1924 257 1955 tiva
272 1934 365 1959 aura,
381 1922 521 1960 mitioris,
538 1924 640 1964 qualis
655 1931 762 1956 aestate
774 1925 892 1965 spirare
913 1935 962 1956 so-

195 1966 249 2001 let,
266 1976 352 1996 aurae
366 1966 494 1997 adflatu.
535 1969 640 1999 malus
654 1970 788 2009 Jupiter.
804 1969 921 2009 spissus
932 1975 965 2000 et

195 2009 332 2052 frigidus
346 2020 417 2048 εει-ς
441 2017 542 2050 urget,
558 2017 710 2052 tanquam
731 2022 815 2043 onus
838 2012 962 2051 premit,

195 2054 334 2085 incubat.
425 2064 454 2085 v.
472 2053 525 2085 23.
543 2057 683 2087 domibus
697 2062 811 2097 negata
824 2066 883 2095 pro
893 2055 963 2086 vul-

195 2097 281 2139 gari:
322 2097 527 2129 inhabitabili.
626 2101 733 2131 Dulce
758 2101 818 2131 rid.
845 2101 958 2140 Lalag.

195 2152 259 2173 um.
274 2142 375 2172 Dulc.
392 2143 473 2182 loqu.
493 2141 536 2173 ibi
551 2152 677 2183 quoque
701 2142 736 2173 in
758 2153 875 2180 amore,
897 2152 962 2184 quo

195 2180 409 2216 dulcissimam
434 2184 576 2226 Lalagen
605 2186 787 2226 amplector,
812 2188 961 2217 securita-

194 2235 260 2259 tem
274 2227 352 2259 mihi
367 2229 525 2267 praestabit
538 2229 637 2268 pietas
658 2240 731 2261 mea
753 2238 786 2261 et
809 2230 960 2261 innocen-

195 2271 258 2309 ὡς
331 2273 423 2303 dulce
437 2273 590 2304 ridentem
604 2290 647 2296 —
662 2275 751 2305 dulce
765 2276 846 2316 loqu.
868 2274 960 2304 Grae-

195 2325 305 2347 comm
319 2313 371 2360 ῥδὺ
385 2319 491 2356 γιλᾷν,
505 2316 555 2348 ἡδὺ
570 2319 683 2348 λαλεῖν.

314 2364 426 2379 .,,,,,.,.

385 2401 599 2434 CARMEN
624 2403 773 2435 XXIII.

242 2489 376 2528 Chloen,
391 2499 496 2530 quam,
523 2489 589 2520 viro
614 2489 688 2521 licet
706 2490 774 2532 jam
801 2490 961 2531 tempesti-

195 2544 279 2572 vam,
294 2532 422 2565 delicias
443 2539 560 2570 tamen,
583 2543 662 2574 quas
683 2541 776 2573 poeta
801 2535 835 2565 in
857 2544 963 2566 amore

195 2577 281 2617 apud
296 2587 367 2608 eam
380 2576 522 2608 facmrus
536 2583 612 2610 erat.
638 2577 760 2616 trepido
784 2578 891 2609 animo
912 2589 961 2610 re-

194 2621 383 2663 fugientem,
398 2630 457 2652 nec
471 2631 491 2651 a
505 2620 577 2651 sinu
599 2621 706 2651 matris
729 2631 763 2651 se
787 2621 880 2652 avelli
906 2632 961 2662 pa-

194 2664 337 2701 tientem,
352 2664 490 2696 suaviter
502 2673 577 2694 cum
591 2664 736 2700 hinnulo,
763 2665 819 2705 qui
843 2664 961 2695 levissi-

195 2718 249 2739 mo
265 2718 394 2750 quoque
407 2708 538 2751 strepitu
552 2707 717 2738 exterritus
726 2708 819 2739 anxie
827 2715 961 2739 matrem

196 2751 228 2781 in
245 2752 330 2783 silvis
343 2761 484 2794 quoerere
504 2750 613 2789 soleat,
639 2758 811 2790 comparat,
838 2759 886 2788 ut,
911 2762 961 2782 re-

196 2794 270 2826 licta
283 2796 411 2827 tandem
425 2801 536 2833 matre,
547 2805 591 2833 se,
606 2805 627 2826 a
639 2804 704 2836 quo
727 2795 806 2824 nihil
827 2795 961 2826 crudeli-

196 2838 268 2869 tatis
283 2839 312 2869 ei
327 2838 507 2870 timendum
529 2839 579 2875 sit,
601 2844 761 2879 sequatur,
782 2848 963 2878 permovere

196 2881 310 2913 studet.
342 2901 386 2908 —
415 2881 520 2914 Graeci
542 2881 708 2924 cujusdam
731 2887 833 2922 poetae
858 2881 962 2913 imita-

196 2923 314 2955 tionem
345 2936 417 2957 cum
443 2926 542 2958 totius
569 2924 716 2957 carminis
738 2925 824 2956 color
847 2924 961 2965 prodit,

1006 1537 1076 1562 tum
1090 1531 1306 1572 fragmentum
1321 1531 1406 1571 apud
1424 1531 1618 1563 Athenaeum
1635 1531 1699 1564 IX.
1720 1532 1773 1565 12.

1009 1574 1110 1616 (quod
1138 1575 1332 1606 Anacreonti
1360 1575 1458 1618 vulgo
1485 1575 1649 1617 tribuitur)
1678 1576 1723 1608 sic
1755 1587 1774 1608 n

1012 1618 1159 1650 Bentleio
1173 1618 1318 1650 refictum
1331 1631 1339 1650 ε

1045 1706 1122 1737 ‘'Aee-x
1139 1706 1228 1747 νεβρδν
1244 1706 1375 1740 ’echaia
1389 1706 1562 1746 γαλαθηνὸν,
1577 1706 1606 1741 ἲς
1622 1707 1647 1738 ἰν
1662 1706 1722 1750 ὕλῃ

1054 1750 1208 1793 Κιροίτσης
1225 1750 1406 1791 &teltaphis
1421 1750 1477 1781 ὑσό
1489 1750 1598 1794 unveri:
1613 1751 1748 1785 ira-ovibu·

1047 1847 1076 1867 v.
1113 1835 1206 1866 1—4.
1254 1837 1393 1868 Hinnul.
1424 1852 1471 1862 —·
1494 1837 1678 1875 limantem,
1714 1847 1773 1877 pro

1005 1880 1168 1916 hinnulus,
1183 1886 1221 1911 ut
1234 1889 1319 1920 supr.
1348 1879 1377 1911 1.
1406 1878 1456 1911 1¹7.
1485 1879 1516 1911 9.
1541 1882 1692 1912 haeduleae
1715 1891 1774 1922 pm

1006 1923 1136 1955 haeduli.
1219 1925 1382 1964 pavidam.
1395 1924 1464 1966 jam
1486 1933 1552 1955 non
1566 1933 1624 1956 sua
1636 1930 1773 1961 tarnum,

1007 1967 1062 1999 sed
1077 1967 1157 2007 pulli
1171 1977 1299 2008 quoque
1312 1966 1452 2007 pericula
1463 1973 1638 2008 paventem.
1706 1979 1772 2000 nou

1006 2013 1073 2043 sine
1085 2023 1158 2044 van.
1176 2023 1248 2043 aur.
1267 2017 1295 2042 et
1311 2013 1376 2043 silv.
1395 2016 1495 2049 metu,
1509 2010 1588 2042 dum
1606 2021 1662 2051 per
1680 2009 1772 2043 levis.

1005 2055 1123 2086 simum
1138 2064 1298 2097 quemque
1311 2055 1351 2085 ab
1365 2064 1443 2086 aura
1454 2054 1489 2085 in
1504 2053 1590 2085 silvis
1599 2054 1772 2086 excitatum

1005 2099 1172 2139 strepitum
1186 2108 1268 2129 vano
1282 2098 1394 2129 timore
1408 2097 1598 2137 percellitur.

1048 2152 1078 2172 v.
1097 2141 1194 2173 5-8.
1222 2141 1363 2182 Vulgata
1383 2141 1495 2172 lectio:
1521 2143 1613 2173 Nam
1632 2152 1688 2174 teu
1705 2152 1771 2174 mo·

1004 2188 1112 2218 bilibus
1132 2188 1211 2218 veris
1231 2186 1387 2217 inhorruit
1409 2186 1574 2217 Adventus
1581 2185 1682 2226 soliis,
1706 2195 1770 2216 ser-

1004 2237 1077 2261 vata
1089 2236 1122 2261 et
1135 2224 1265 2260 deTensa
1277 2239 1297 2259 a
1308 2227 1483 2259 novissimis
1491 2227 1671 2265 editoribus.
1684 2238 1769 2269 mne,

1003 2273 1091 2314 quod
1105 2272 1216 2304 attinet
1229 2271 1374 2302 dictionis
1387 2270 1575 2313 elegantiam
1593 2277 1625 2302 et
1645 2271 1771 2303 doct-m

1004 2316 1156 2348 orationis
1179 2315 1407 2346 inversionem:
1431 2317 1582 2347 adventus
1603 2317 1682 2347 veris
1702 2326 1767 2347 mo·

1003 2362 1110 2392 bilibus
1124 2361 1215 2404 foliis
1239 2360 1395 2390 inhorruit
1421 2368 1500 2398 pro:
1535 2358 1665 2390 mobilia
1692 2358 1771 2390 solit

1002 2403 1228 2434 inhorruerunt
1262 2401 1399 2433 adventu
1434 2402 1516 2433 veris
1544 2402 1592 2444 (b.
1622 2412 1651 2434 e.
1683 2402 1770 2434 venti

1004 2447 1147 2482 vernalis,
1161 2445 1306 2487 Zephyri,
1320 2444 1424 2486 flatu),
1439 2445 1577 2477 Horatio
1584 2444 1770 2486 dignissima

1005 2497 1062 2529 est,
1076 2490 1142 2528 sed,
1158 2491 1184 2521 si
1209 2500 1276 2521 rem
1302 2495 1432 2529 spectas,
1456 2488 1694 2523 difficultatibus
1713 2487 1771 2520 illa

1005 2535 1137 2572 laborat,
1165 2543 1246 2575 quas
1277 2543 1343 2564 non
1377 2538 1444 2565 tam
1477 2531 1573 2568 facile
1607 2530 1765 2573 expedias.

1007 2578 1094 2610 Nam
1123 2577 1263 2618 primum
1286 2577 1411 2608 arbore·
1438 2575 1583 2607 noudum
1606 2577 1666 2607 sub
1688 2574 1770 2607 veris

1003 2621 1144 2653 adventu
1165 2620 1340 2652 induerunt
1358 2619 1447 2657 folia,
1470 2629 1543 2660 quae
1566 2624 1680 2651 veum
1698 2628 1768 2650 mo-

1004 2675 1077 2696 vere
1106 2670 1138 2696 et
1167 2663 1328 2705 impellere
1354 2662 1471 2703 possin
1505 2661 1620 2693 deiude
1640 2661 1768 2693 hinnuli

1004 2719 1070 2740 non
1091 2710 1151 2740 sub
1171 2707 1252 2739 veris
1272 2706 1419 2744 adventu,
1443 2705 1499 2737 sed
1515 2706 1574 2737 sub
1597 2705 1668 2746 ejus
1691 2705 1766 2743 fine,

1003 2763 1112 2784 mense
1125 2751 1228 2784 Junio
1242 2751 1382 2788 demum,
1404 2759 1470 2792 quo
1489 2754 1673 2787 nascuntur,
1698 2759 1768 2780 ma-

1004 2802 1066 2827 tres
1080 2806 1153 2828 suas
1167 2796 1255 2836 sequi
1277 2794 1398 2832 solent;
1419 2793 1511 2824 aiunt
1531 2791 1671 2834 quidem,
1694 2792 1768 2834 plu-

1004 2839 1101 2871 rimas
1115 2839 1150 2870 in
1166 2838 1261 2871 Italia
1274 2848 1342 2870 esse
1354 2838 1480 2869 arbores
1491 2835 1658 2874 silvestres,
1681 2846 1710 2867 v.
1735 2846 1764 2868 c.

1005 2883 1143 2921 laurum,
1157 2889 1297 2923 myrtum
1310 2887 1384 2913 cett.
1401 2890 1475 2922 quae
1487 2879 1592 2914 hieme
1613 2889 1678 2911 non
1702 2879 1767 2920 pri-

1007 2933 1119 2958 ventur
1133 2926 1226 2965 soliis,
1244 2925 1292 2959 vel
1306 2934 1362 2967 per
1369 2925 1457 2967 solia
1479 2924 1600 2957 mobilia
1624 2933 1672 2963 ea,
1693 2933 1767 2965 que
