1904 3250
115 169 206 199 ss‘r.
227 156 328 204 vin]

746 147 1039 192 SATIRAE.

1591 149 1676 187 429

231 277 476 320 Committes
497 291 586 318 rem
608 290 787 326 omnem,
809 283 851 317 et
871 275 1010 324 vitam,
1033 281 1074 315 et
1094 286 1189 314 cum
1210 284 1389 328 corpore
1409 270 1575 313 famam.

229 344 405 392 Evasti?
433 345 574 395 credo,
597 353 770 395 metues,
792 344 1023 400 doctusque
1043 342 1220 385 cavebis.

192 454 194 458 ,
222 401 418 466 Quaeres,
440 414 611 471 quando
632 415 783 456 iterum
802 429 967 470 paveas,
990 413 1226 469 iterumque
1245 411 1385 468 perire

142 491 197 530 70
229 487 382 538 Possis,
406 485 448 529 O
468 487 591 529 toties
613 502 756 528 servus
775 485 785 529 !
817 501 912 543 quae
932 485 1072 528 bellua
1092 485 1240 541 ruptis,

226 558 372 609 Quum
392 558 518 600 semel
539 558 698 616 effugit,
721 558 859 600 reddit
878 573 923 600 se
943 573 1073 614 prava
1092 555 1280 600 catenis?

230 630 330 672 Non
350 645 441 672 sum
463 630 666 681 moechus,
688 631 761 673 ais.

233 698 446 742 Proetereo
466 700 632 756 sapiens
653 708 863 757 argentea.

823 629 973 687 Neque
993 645 1086 687 ego,
1108 628 1293 679 hercule,
1315 627 1396 678 fur,
1418 627 1490 670 ubi
1512 641 1609 669 vasa

924 698 1048 740 Tolle
1067 697 1297 754 periclum:

194 780 199 784 ·
230 767 326 809 Jam
346 783 451 826 vaga
470 769 659 824 prosiliet
677 768 805 812 frenis
826 775 976 811 natura
995 767 1178 810 remotis.

141 839 196 877 75
227 835 351 878 Tune
372 837 473 878 mihi
493 837 700 888 dominus,
722 852 863 879 rerum
884 836 1081 892 imperiis,
1103 836 1418 892 hominumque,

234 908 320 951 Tot
339 910 547 967 tantisque
567 909 738 954 minor?
767 925 893 967 quem
914 917 978 951 ter
998 907 1182 951 vindicta
1203 916 1433 964 quaterque

231 978 432 1034 Imposita
451 979 565 1022 haud
586 994 785 1036 umquam
805 979 957 1024 miser'a
976 977 1199 1020 formidine
1219 978 1357 1033 privet
1373 977 1393 1018 ’τ’

236 1046 362 1089 Adde
383 1063 512 1104 super,
528 1048 663 1099 dictis,
687 1047 801 1105 quod
821 1063 906 1090 non
927 1047 1058 1089 levius
1080 1046 1236 1088 valeat:
1269 1061 1380 1096 nam,

236 1119 332 1161 Sive
353 1120 529 1162 vicarius
550 1130 625 1171 est,
648 1121 720 1177 qui
741 1135 863 1162 servo
884 1128 1006 1176 paret
1030 1120 1110 1175 (uti
1130 1135 1221 1161 mos

148 1193 202 1232 80
234 1190 384 1234 Vester
403 1192 479 1244 ait)
504 1207 577 1234 seu
598 1206 849 1235 conservus:
882 1192 957 1233 tibi
978 1192 1080 1248 quid
1101 1207 1193 1233 sum
1214 1190 1325 1249 ego?
1354 1206 1504 1247 nempe

235 1262 317 1315 Tu,
339 1264 441 1307 mihi
462 1265 533 1322 qui
553 1266 780 1321 imperitas,
803 1265 893 1306 aliis
917 1265 1046 1306 servis
1067 1264 1217 1314 miser;
1251 1272 1375 1320 atque

231 1335 431 1388 Duceris,
452 1345 500 1379 ut
519 1337 657 1379 nervis
678 1337 822 1380 alienis
843 1337 997 1379 mobile
1020 1336 1195 1394 lignum.

117 1463 229 1496 timore
256 1463 364 1506 aliquo
385 1465 531 1507 refugiat,
555 1475 613 1497 nec
636 1465 704 1497 sine
725 1475 801 1497 eui-a
822 1465 882 1497 tibi

119 1506 237 1541 amanti
251 1517 286 1539 se
298 1507 410 1539 undat.

161 1561 189 1581 v
213 1549 268 1582 66.
291 1552 570 1594 Ibismbfurcam
588 1563 640 1602 '’l'‘
664 1552 742 1584 dum
765 1558 882 1582 matro-

119 1603 176 1624 nas
209 1594 343 1630 maris.
379 1596 547 1638 (prudens)
584 1596 684 1627 sciens
713 1595 882 1636 volensque

415 1639 514 1679 poenis
538 1640 671 1688 (fin-cet,
697 1638 738 1670 cf.
768 1637 810 1669 ad
836 1638 879 1669 V.

121 1678 194 1720 22.)
209 1671 346 1718 obnoxii,
359 1691 524 1730 personam
547 1682 882 1723 1ndues,aominoqu0

114 1723 251 1764 sumni,
271 1723 411 1763 apposite
432 1724 473 1755 ad
494 1724 635 1755 servilem
658 1725 879 1761 conditionem,

121 1775 216 1806 quam
244 1766 329 1797 subit
355 1765 547 1804 libidinosus,
577 1774 728 1798 matronae
750 1767 882 1797 maritus

122 1819 209 1840 nunc
223 1810 366 1841 aon-inus
380 1816 516 1842 vocatur.

167 1862 196 1882 v.
220 1848 272 1882 67.
308 1863 381 1884 cum
409 1864 542 1893 corpore,
567 1863 662 1893 supra
694 1853 758 1884 Sat.
789 1853 819 1884 Ι.
847 1852 879 1883 2.

124 1893 178 1926 43.
222 1897 322 1928 Dedit
349 1897 397 1928 hic
416 1907 476 1937 pro
500 1907 624 1936 corpore
652 1906 806 1931 nummis,
838 1896 880 1926 cf.

123 1938 200 1970 ibid.
216 1948 294 1968 vers.
310 1936 365 1968 45.

167 1992 199 2013 v.
221 1980 362 2012 68—71.
387 1983 527 2013 Evasit?
551 1981 686 2013 ausone
706 1981 762 2012 tibi
784 1981 883 2012 conti-

125 2024 173 2066 git
201 2024 376 2065 periculum
401 2025 554 2059 evadere?
639 2027 741 2062 credo,
768 2031 884 2057 metues

125 2073 211 2103 cett..
246 2074 370 2099 metuet
397 2068 504 2110 igitur,
534 2074 620 2108 puto,
651 2069 686 2099 in
713 2076 885 2108 posterum,

125 2110 212 2152 quod
245 2110 616 2152 effugIsti.pe1-iculum,
644 2118 676 2143 et
703 2111 886 2152 prudentior

124 2153 228 2187 fncms
254 2154 401 2188 evitnbis!
493 2157 628 2193 Qua-res,
657 2157 784 2197 quando
811 2161 884 2186 cett.

128 2197 206 2229 Non
218 2198 272 2234 ita,
286 2196 386 2228 immo
399 2204 612 2238 opportunum
624 2205 757 2238 tempus,
771 2200 885 2240 (quan-

127 2239 181 2280 do)
196 2251 260 2281 quo
280 2241 394 2272 iterum
415 2242 642 2279 contremiscas,
666 2249 698 2272 et
718 2241 835 2273 iterum
854 2248 886 2272 te

127 2283 277 2316 miserum
303 2283 433 2315 reddere
457 2285 562 2324 possis„
590 2284 727 2326 quaeres!
816 2297 887 2326 quae

127 2329 227 2360 &euna
241 2333 327 2365 cem,
342 2337 403 2368 exp
403 2327 518 2359 licant.
543 2338 616 2369 quae
629 2327 734 2360 bellua
755 2334 802 2359 est
822 2334 888 2359 tam

129 2370 257 2413 (ματα)
272 2338 403 2406 stolida.
409 2377 455 2408 iit,
470 2381 545 2402 cuin
558 2371 655 2402 semel
668 2371 790 2412 effugit,
813 2381 889 2411 rup-

130 2415 172 2446 tis
182 2413 299 2445 catenis
312 2425 345 2445 se
358 2413 492 2445 reddat?
517 2415 580 2446 Sed
590 2415 641 2445 vix
650 2425 768 2455 pravus
781 2415 815 2447 in
826 2416 885 2446 hac

130 2456 353 2507 significatione
373 2457 458 2498 apud
479 2459 577 2490 bonos
597 2458 759 2498 scriptores
776 2468 885 2489 occur-

131 2499 193 2537 rit3
223 2500 369 2541 equidem
393 2500 502 2532 malim
519 2502 672 2543 jungere:
698 2513 768 2544 quae
784 2513 886 2542 prava

134 2523 225 2584 (sei-a,
238 2553 328 2581 mg
342 2544 383 2575 ob
396 2544 578 2583 pravitatem
591 2553 624 2577 et
636 2544 790 2576 feritatem
800 2545 886 2576 vino-

134 2585 180 2626 u)
194 2587 383 2619 houna—se
395 2590 499 2620 reddit
510 2595 594 2629 rupe.
612 2594 672 2620 cae.

176 2639 206 2659 v.
230 2627 283 2660 ⁷2.
308 2631 386 2662 Non
407 2641 481 2663 eum
503 2634 648 2669 melius,
673 2633 727 2664 ais.
775 2632 887 2663 Davus

137 2670 256 2702 alium
246 2682 281 2702 ιιι
293 2672 443 2714 singulari
456 2674 636 2716 alloquitur,
650 2685 706 2715 per
719 2685 813 2716 quem
831 2675 886 2706 de-

137 2713 458 2797 {mmai
477 2718 888 2802 Yazffi‘z’bstssffi?

142 2799 280 2841 Effeci·
314 2811 397 2839 stne,
411 2814 528 2869 ‘quam
557 2804 721 2845 Crispinus
746 2804 888 2836 docuisse

184 2895 214 2917 V·
234 2864 286 2916 73:-
423 2900 487 2924 ,ex
501 2900 599 2930 poenae
611 2898 708 2923 mem.

185 2938 215 2960 v.
249 2927 384 2962 75-77.
424 2934 516 2966 Tune
542 2936 628 3008 rm'llii8
642 2936 785 2969 domium
812 2940 885 2968 cett.

926 1466 1060 1497 Sensus:
1089 1465 1193 1499 Tune.
1209 1464 1265 1506 qui
1290 1464 1356 1504 ipse
1379 1464 1512 1505 (mimr)
1530 1466 1686 1507 subjectus

922 1509 964 1539 sis
993 1515 1041 1539 tot
1068 1508 1225 1549 tantisque
1253 1509 1346 1539 rebus
1373 1515 1467 1549 atque
1496 1509 1687 1545 hominibus,

924 1561 1061 1593 quorum
1076 1552 1208 1592 imperio
1232 1551 1383 1582 serviliter
1402 1561 1502 1601 pares,
1526 1553 1591 1593 qui,
1615 1553 1688 1584 licet

924 1603 972 1627 tei·
985 1601 1156 1636 quaterque
1169 1594 1380 1626 manumissus
1393 1595 1444 1631 sis,
1459 1602 1565 1626 tamen
1586 1606 1606 1626 a
1626 1596 1687 1626 mi·

924 1648 992 1670 sera
1019 1638 1188 1669 formidine
1211 1639 1244 1670 h.
1268 1648 1296 1669 e.
1325 1638 1429 1668 servili
1454 1638 1634 1670 conditione
1655 1646 1687 1671 et

924 1681 1078 1712 sentiendi
1099 1681 1220 1713 ratione
1242 1691 1406 1723 nunquam
1428 1682 1576 1720 libereris,
1598 1689 1687 1719 tune,

923 1725 1063 1765 inquam,
1079 1724 1158 1755 mihi
1172 1725 1320 1756 dominus
1340 1735 1407 1756 esse
1428 1726 1541 1764 potes?
1618 1729 1687 1757 vin

923 1769 1016 1804 dicta,
1048 1770 1158 1808 (Schol.
1190 1769 1305 1819 Cruq.)
1329 1771 1415 1808 virga
1441 1771 1592 1808 prcetoris,
1623 1781 1687 1810 qua

920 1812 1177 1850 percutiebantur
1213 1813 1297 1846 servi,
1328 1814 1407 1842 dum
1442 1813 1529 1844 liberi
1551 1814 1686 1855 fiebant,

926 1854 1289 1894 manumittebantur-que
1303 1856 1395 1894 capiti
1405 1855 1565 1894 imposita:
1589 1858 1687 1887 tribus

926 1907 1061 1937 namque
1089 1898 1180 1928 rebus
1204 1899 1250 1939 fit
1278 1899 1490 1934 mnumissio,
1531 1900 1685 1936 Vindicta,

927 1942 1040 1975 Ceam,
1061 1941 1264 1971 Testamenta.
1335 1942 1452 1977 Pn‘vee,
1474 1941 1688 1983 liberet;1m'-

925 1984 993 2013 van·
1021 1983 1410 2023 dolore.eaei11·0‚injnria,
1439 1986 1573 2016 molestia
1601 1985 1687 2026 apud

928 2025 1135 2063 Ciceronem;
1158 2025 1302 2066 exempla
1325 2025 1412 2057 dabit
1441 2029 1632 2061 For-cellmua:
1652 2029 1687 2060 in

928 2068 1008 2099 Lex.

968 2121 997 2141 v.
1022 2110 1161 2142 78-82,
1186 2114 1277 2144 Adde
1290 2123 1383 2153 supri-
1383 2112 1686 2154 ,distinctionepost

929 2165 1022 2194 super
1035 2155 1135 2195 posita
1148 2155 1323 2194 explicant·
1324 2124 1453 2187 adde
1443 2167 1579 2197 insuper,
1601 2158 1687 2199 quod

929 2197 977 2235 iis,
992 2209 1065 2239 quae
1079 2198 1174 2229 modo
1187 2197 1261 2234 dixi,
1277 2209 1342 2230 non
1363 2199 1462 2230 levius
1486 2198 1607 2239 valeat3
1629 2211 1687 2231 nos

928 2247 997 2280 post
1012 2243 1098 2273 dictis
1111 2242 1276 2291 posuimus
1295 2242 1536 2280 distinctionem,
1561 2251 1600 2275 ut
1623 2244 1682 2275 sit:

932 2284 1136 2323 Super-adde
1126 2284 1176 2322 iis,
1190 2295 1262 2326 quae
1275 2285 1352 2323 dixi,
1437 2298 1515 2318 nam
1530 2289 1598 2318 Sive
1611 2294 1683 2318 cett.

932 2327 1067 2359 Sensus:
1095 2328 1181 2359 Nam
1199 2330 1263 2359 sive
1282 2328 1320 2367 is,
1343 2329 1398 2370 qui
1419 2329 1500 2360 alius
1518 2330 1607 2366 servi,
1633 2330 1688 2360 cui

930 2377 1027 2410 paret,
1050 2371 1133 2402 vices
1153 2371 1228 2409 obit,
1253 2374 1396 2409 vicarius,
1421 2379 1459 2403 ut
1485 2383 1539 2403 vos
1566 2373 1688 2404 domiui

927 2424 1001 2447 eum
1014 2415 1170 2454 appellare
1190 2414 1305 2452 soletis,
1325 2416 1389 2446 sive
1409 2427 1568 2448 conservus
1593 2416 1686 2458 (alte-

926 2457 994 2488 rius
1006 2457 1041 2488 in
1065 2458 1189 2489 servitio
1209 2458 1339 2499 sodalis)
1364 2470 1398 2490 es
1398 2466 1422 2496 t,
1446 2459 1523 2501 quid
1548 2470 1609 2501 ego
1628 2460 1687 2491 tibi

927 2501 1021 2531 sum?
1043 2501 1100 2537 vel,
1116 2502 1275 2542 quomodo
1288 2513 1350 2544 ego
1363 2471 1567 2542 appelqlandus
1588 2513 1658 2533 sum
1669 2504 1685 2533 ?

930 2543 1054 2576 Scilicet
1080 2550 1127 2581 tu,
1163 2546 1219 2586 qui
1251 2545 1398 2577 dominus
1426 2546 1504 2576 mihi
1540 2545 1685 2585 imperas,

929 2587 1050 2628 (miser)
1066 2594 1103 2619 ut
1123 2588 1244 2619 miserae
1266 2589 1453 2620 conditionis
1476 2590 1571 2619 homo
1591 2590 1688 2620 servi-

927 2630 1009 2662 tium
1022 2638 1149 2671 praestas
1162 2631 1239 2668 aliis,
1255 2639 1349 2673 atque
1362 2639 1394 2662 te
1407 2632 1473 2673 regi
1489 2632 1610 2670 pateris,
1637 2633 1686 2664 uti

927 2673 994 2705 sere
1007 2674 1130 2705 mobilis
1142 2685 1181 2706 ex
1196 2675 1285 2716 ligno
1296 2682 1441 2707 contexta
1455 2675 1555 2716 figura
1568 2686 1634 2706 non
1652 2675 1688 2707 vi

927 2717 1061 2758 propria,
1076 2718 1131 2749 sed
1144 2718 1254 2750 alienis
1266 2720 1368 2750 nervis
1389 2719 1452 2749 sive
1476 2718 1612 2749 fidiculis
1635 2729 1685 2750 re-

929 2761 1023 2803 gitur.
1116 2764 1177 2797 Qui
1189 2773 1271 2794 servo
1281 2768 1379 2802 paret,
1395 2772 1500 2792 servus
1514 2769 1600 2801 paret
1620 2773 1685 2793 ser.

930 2814 979 2843 vo,
993 2804 1048 2846 qui
1062 2804 1103 2836 sd
1124 2806 1191 2846 ejus
1212 2805 1293 2836 vices
1311 2804 1521 2845 suscipiendas
1541 2805 1684 2838 mercede

930 2847 1125 2880 conducitur.

972 2902 1002 2922 v.
1027 2891 1079 2922 82.
1108 2892 1170 2923 Per
1182 2894 1303 2932 lignum
1328 2893 1434 2923 mobile
1457 2891 1598 2934 intellige
1619 2891 1684 2933 sig·

930 2945 1008 2966 num
1023 2935 1071 2966 vel
1085 2935 1285 2967 simulacrum
1300 2934 1340 2966 ad
1361 2934 1530 2978 imaginem
1549 2935 1684 2970 hominis
