1904 3250
171 142 258 180 348
805 137 1113 181 HORATII

1585 145 1693 193 [ιω.
1716 156 1747 183 1.

200 268 257 306 30
290 265 582 306 Vindemiator
602 272 644 305 et
662 264 856 313 invictus,
879 263 947 304 cui
967 278 1082 318 saepe
1103 265 1237 306 viator

290 337 507 387 Cessisset,
536 350 691 392 magna
710 333 968 390 compellans
989 349 1092 377 voce
1113 336 1336 379 cucullum.

290 410 350 451 At
372 410 565 458 Graecus,
587 415 811 464 postquam
833 414 897 448 est
917 406 1028 448 Italo
1048 407 1243 464 perfusus
1262 418 1396 462 aceto,

290 482 460 524 Persius
481 480 713 530 exclamat3
744 495 823 536 per
842 495 1032 537 magnos,
1057 480 1205 533 Brute,
1228 481 1346 524 Deos
1366 491 1408 525 te

288 554 394 605 Oro,
416 553 488 610 qui
508 567 630 611 reges
652 552 868 594 consueris
887 553 1051 604 tollere,
1074 569 1151 596 cur
1171 569 1259 596 non

198 628 253 666 35
288 624 417 665 Hunc
441 622 605 680 Regem
619 620 826 680 jugulas?
855 637 1033 679 operum
1053 622 1150 674 hoc,
1173 623 1277 666 mihi
1298 624 1436 676 crede,
1458 633 1628 668 tuorum
1650 635 1725 669 est.

765 832 997 876 SATIRA

1042 833 1170 875 VIII.

288 978 415 1021 OLlM
437 986 611 1020 truncus
633 993 749 1019 eram
769 978 966 1030 ficulnus,
993 978 1141 1021 inutile
1162 979 1338 1036 lignum,

286 1048 434 1097 Quum
453 1046 585 1098 faber,
603 1047 808 1098 incertus,
831 1063 1049 1089 scamnum
1069 1047 1280 1093 faceretne
1303 1048 1518 1105 Priapum,

287 1120 446 1163 Maluit
466 1111 557 1162 esse
578 1119 732 1162 deum:
765 1120 888 1163 Deus
908 1120 1008 1163 inde
1029 1136 1123 1178 ego,
1145 1121 1289 1163 furum
1308 1122 1532 1179 aviumque

286 1193 481 1235 Maxima
499 1192 705 1243 formido3
737 1208 835 1235 nam
856 1192 970 1235 fures
991 1193 1144 1235 dextra
1164 1196 1343 1244 coercet,

227 1268 253 1306 5
288 1262 588 1320 Obscoenoque
609 1263 737 1304 ruber
757 1270 981 1319 porrectus
1002 1262 1056 1304 ab
1076 1262 1251 1320 in'guine
1271 1262 1406 1319 palus.

169 1380 226 1411 sibi
249 1390 394 1420 expressa
415 1379 570 1420 conjicere
591 1377 680 1415 solet,
708 1379 826 1417 Persio,
847 1390 935 1420 mag-

170 1435 243 1454 nam
258 1424 338 1454 salse
360 1423 516 1454 dictorum
538 1422 662 1462 copiam
684 1423 870 1460 effundenti,
887 1433 938 1453 re-

169 1468 259 1510 gerit.
274 1486 319 1492 —
336 1460 462 1498 Scilicet
475 1465 625 1503 convicia,
641 1477 714 1507 quae
727 1476 815 1497 nunc
834 1466 937 1506 Rupi-

169 1512 254 1542 lius*
245 1522 279 1542 in
297 1511 443 1542 Persium
461 1509 609 1551 jaciebat,
625 1515 846 1550 comparantur
859 1520 936 1541 cum

168 1555 206 1585 iis
225 1554 450 1591 rusticioribus,
475 1554 590 1593 quibus
608 1553 817 1584 vindemiator
839 1553 937 1584 viato-

166 1609 245 1636 rem,
262 1600 399 1636 arbusta,
415 1597 469 1628 ubi
481 1596 536 1627 ille
550 1596 731 1634 vindemiat,
746 1603 938 1636 praetereun-

167 1650 243 1680 tem,
273 1648 306 1672 et
335 1651 453 1682 magna
480 1650 556 1671 voce
581 1642 730 1672 cuculum
758 1647 933 1678 vocantem,

167 1684 374 1726 persequitur.
464 1685 634 1726 multoque,
657 1686 788 1720 utullus,
811 1685 867 1725 qui
889 1691 937 1714 est

120 1741 122 1743 ’
167 1729 289 1760 multus
317 1727 352 1758 in
380 1726 486 1768 aliqua
514 1737 558 1764 re,
588 1729 707 1759 multus
724 1729 851 1770 fluens,
886 1726 939 1758 cui

167 1773 270 1803 multa
284 1773 376 1802 verba
392 1770 518 1809 fluunt3
541 1772 674 1809 arbusto,
698 1771 754 1802 ubi
767 1771 846 1802 vites
860 1780 936 1808 non,

168 1818 206 1847 ut
220 1825 307 1846 nunc
327 1815 361 1845 in
383 1814 483 1844 vineis
505 1815 552 1851 fit,
574 1815 663 1854 palis,
687 1814 743 1846 sed
765 1816 937 1850 arboribus,

168 1859 355 1890 nominatim
372 1857 497 1898 populis
518 1865 550 1888 et
564 1858 661 1889 ulmis
675 1859 934 1889 annectebantur.

172 1902 297 1940 Quodsi
312 1902 409 1943 igitur
423 1900 456 1930 in
472 1902 610 1938 arbusto,
626 1908 662 1932 ut
677 1912 716 1932 ex
734 1901 837 1933 Schol.
851 1901 891 1932 ad
905 1901 938 1931 h.

168 1946 191 1977 l.·
217 1946 379 1982 discimus,
404 1944 523 1975 vernali
545 1954 687 1984 tempore
712 1946 799 1986 justo
828 1944 937 1982 serius,

168 1989 224 2022 ubi
242 1990 308 2031 jam
324 1987 457 2019 cuculus
479 1999 587 2019 vocem
602 1988 676 2024 edit,
693 1991 771 2021 vites
784 1988 941 2029 putandas

170 2032 202 2064 et
215 2032 377 2065 arboribus
391 2031 595 2071 applicandas
615 2034 745 2064 curabat
765 2032 940 2063 vindemia-

170 2084 238 2114 tor3
258 2077 326 2117 ejus
339 2076 461 2106 inertiae
475 2074 623 2106 ludendae
637 2087 731 2107 causa
745 2083 940 2117 praetereun-

169 2128 217 2152 tes
230 2122 383 2153 cuculum
405 2128 515 2149 vocare
529 2119 691 2157 solebant3
714 2120 802 2152 unde
815 2119 870 2150 ille
883 2130 939 2150 ex-

170 2164 306 2196 acerbari
322 2170 354 2194 et
366 2162 452 2192 virus
465 2163 641 2194 acerbitatis
661 2164 695 2194 in
716 2169 940 2204 praetereuntes

170 2217 325 2239 evomere.
375 2206 524 2237 Ceterum
546 2206 579 2236 in
602 2207 662 2237 hoc
683 2208 755 2238 loco
774 2207 814 2238 ad
839 2209 940 2238 durus

170 2253 374 2283 vindemiator
388 2248 563 2289 supplenda
585 2257 632 2281 est
645 2251 798 2291 particula
813 2261 940 2290 compa-

169 2294 317 2326 rationis:
344 2293 441 2330 velut‚
456 2292 559 2327 sicuti,
576 2301 613 2324 ut
637 2294 753 2334 passim
774 2294 868 2331 alibi;
892 2293 934 2325 cf.

171 2338 255 2370 infra
268 2337 309 2369 ad
325 2337 429 2376 Epist.
444 2335 473 2367 I.
486 2335 517 2366 2.
535 2334 589 2367 42.

185 2383 188 2387 '
214 2392 245 2412 v.
270 2381 324 2413 32.
350 2382 432 2413 Italo
451 2380 571 2421 perfus-
600 2388 684 2413 aceto
711 2383 766 2424 (ex
795 2391 939 2412 sermone

169 2425 318 2466 comico,)
341 2435 360 2455 a
379 2424 532 2456 Romanae
553 2425 657 2465 gentis
669 2425 800 2456 homine
812 2425 939 2456 acriori-

171 2471 230 2500 bus
244 2467 393 2500 conviciis
404 2469 545 2499 obrutus.

213 2523 243 2543 v.
269 2512 322 2543 35.
348 2522 476 2552 operum
497 2512 562 2547 hoc,
578 2513 654 2542 mihi
668 2514 769 2549 crede,
791 2518 813 2542 e.
831 2523 858 2542 e.
876 2504 947 2542 hoc'

170 2556 312 2596 prosecw
325 2555 365 2587 ad
380 2565 429 2586 res
442 2554 588 2595 praeclare
599 2565 618 2584 a
628 2562 660 2585 te
671 2562 775 2596 gestas
785 2554 938 2596 pertineq

171 2599 211 2630 ad
227 2611 354 2641 operum
367 2606 497 2630 tuorum
517 2598 629 2638 supple
643 2610 747 2631 unum
757 2615 769 2636 ;
794 2606 830 2629 ut
844 2608 939 2637 supra

173 2643 238 2674 Od.
259 2643 330 2675 111.
352 2641 402 2674 13.
421 2641 453 2673 3.
500 2642 535 2672 F
533 2643 574 2674 ies
593 2643 745 2674 nobilium
767 2649 803 2674 lu
818 2653 938 2684 quoque

156 2687 317 2726 fimtium.

397 2772 580 2805 SATIRA
604 2766 712 2804 VIII.

217 2860 396 2897 Canidiam,
412 2859 570 2891 aniculam
593 2865 626 2890 et
639 2858 821 2895 veneficam,
836 2857 939 2889 multo

170 2905 311 2935 acerbius
341 2913 373 2935 et
401 2902 660 2934 contumeliosius
684 2903 718 2933 in
746 2903 806 2933 hac
832 2903 936 2939 satira,

170 2957 266 2988 quam
292 2958 387 2988 supra
412 2947 444 2978 in
470 2946 594 2979 duobus
614 2946 805 2979 carminibus
827 2945 932 2986 Epod.

968 1641 1034 1671 =Sic
1054 1640 1139 1680 apud
1164 1640 1322 1671 Theocrit.
1349 1639 1461 1681 Epigr.
1484 1639 1549 1670 IV.

981 1378 1003 1409 5
1018 1385 1050 1410 et
1066 1377 1117 1410 17.
1143 1386 1264 1411 tractat.
1312 1378 1444 1410 Inducit
1464 1385 1572 1410 autem
1598 1378 1749 1419 Priapum

981 1423 1174 1464 loquentem,
1190 1430 1222 1454 et
1239 1423 1383 1454 Canidiae
1396 1429 1478 1453 artes
1500 1421 1648 1464 magicas,
1671 1433 1750 1464 qua-

980 1476 1052 1497 rum
1067 1473 1223 1504 spectator
1235 1466 1349 1504 fuerat,
1364 1465 1528 1496 ridentem.

1023 1520 1052 1540 v.
1085 1508 1113 1540 l.
1139 1517 1274 1542 truncus
1286 1511 1448 1552 ficulnus,
1476 1519 1516 1539 ex
1542 1508 1632 1550 ligno
1661 1509 1748 1540 enim

982 1552 1119 1584 ficulneo
1133 1555 1314 1584 obscoenum
1332 1552 1451 1592 Priapi,
1466 1553 1630 1584 hortorum
1644 1559 1751 1584 custo-

981 1596 1041 1634 dis,
1065 1596 1270 1628 simulacrum
1299 1596 1400 1636 sculpi
1426 1602 1459 1626 et
1482 1595 1591 1638 effingi
1616 1595 1745 1627 solebat.

1638 1641 1750 1672 inutile

979 1685 1112 1724 lignum.
1131 1685 1229 1716 Scliol.
1250 1687 1347 1725 Cruq.
1366 1685 1409 1714 ad
1423 1684 1503 1715 nihil
1515 1689 1648 1724 aptum‚·
1671 1695 1750 1716 nam

981 1729 1115 1759 materia
1144 1727 1212 1767 ejus
1239 1729 1356 1758 arboria
1386 1732 1515 1767 propter
1539 1727 1750 1767 fragililatem

982 1772 1078 1802 nullis
1085 1771 1224 1812 fabricis
1245 1778 1290 1802 est
1311 1772 1442 1802 idonem
1467 1769 1542 1800 hinc
1556 1769 1644 1809 apud
1660 1769 1750 1803 Grae.

981 1824 1035 1845 cos
1047 1814 1144 1845 homo
1165 1813 1287 1846 nullius
1305 1813 1408 1856 frugis
1429 1814 1498 1856 ἀνὴρ
1519 1812 1639 1850 σύκινος,
1662 1813 1747 1846 conf·

981 1858 1131 1888 Lambin.

1025 1911 1055 1932 v.
1087 1900 1119 1932 3.
1136 1901 1260 1941 furum
1289 1902 1468 1942 aviumque,
1500 1899 1592 1941 Virg.
1629 1899 1748 1951 Georg.

984 1943 1047 1975 IV.
1081 1943 1154 1975 110.
1195 1946 1242 1977 Et
1266 1950 1369 1976 custos
1380 1944 1507 1987 finum
1528 1949 1622 1985 atque
1643 1945 1752 1976 aidum

983 1989 1150 2030 cumfulce
1165 1990 1286 2039 saligna
1299 1988 1540 2029 Heuestmiaci
1549 1992 1645 2019 seruet
1654 1989 1752 2021 tutela

986 2033 1116 2072 Priapi.
1194 2033 1329 2064 maxima
1337 2032 1494 2080 sor-infido,
1515 2030 1570 2071 qui
1584 2040 1685 2062 essem
1698 2031 1752 2062 fn-

983 2075 1070 2106 ribus
1088 2083 1183 2118 atque
1203 2075 1314 2107 avibus
1334 2074 1483 2106 maximin
1503 2073 1686 2112 formidini,
1708 2075 1752 2105 si-

983 2119 1100 2150 militer
1122 2119 1157 2150 in
1178 2129 1213 2150 re
1234 2118 1394 2150 venatoria
1412 2119 1495 2151 linea
1508 2118 1574 2148 sive
1585 2098 1752 2151 funieiilus

983 2170 1130 2195 extensus
1151 2169 1183 2194 et
1204 2162 1316 2204 pennis
1337 2161 1538 2203 distinctus(
1540 2170 1616 2192 nos:
1636 2162 1752 2204 sader-

981 2206 1110 2248 lnppen)
1139 2206 1181 2238 ad
1209 2205 1412 2237 formidinem
1436 2203 1512 2236 seris
1524 2163 1753 2236 (incutiendam

982 2249 1165 2289 simpliciter
1187 2249 1304 2281 dicitur
1314 2250 1458 2290 sorrnido
1479 2257 1508 2279 v-
1537 2247 1632 2280 ovid.
1661 2247 1748 2281 Fast-

984 2294 1028 2324 V.
1047 2292 1118 2325 173.
1162 2295 1256 2325 Dum
1271 2304 1350 2325 nova
1364 2294 1490 2333 lanugo,
1614 2292 1750 2334 sforza·-

981 2339 1055 2369 dine
1076 2349 1177 2369 cervos
1198 2343 1301 2368 ter-ret.
1326 2335 1368 2368 cf·
1397 2338 1488 2370 Grat.
1511 2335 1632 2378 Cyneg.
1649 2345 1678 2367 v.
1693 2333 1747 2368 74.

981 2387 1014 2413 et
1027 2380 1069 2413 ibi
1085 2382 1266 2412 Barthium.

1025 2435 1054 2455 v.
1073 2422 1104 2454 4.
1123 2426 1239 2459 dextra,
1255 2433 1320 2465 qua
1332 2423 1459 2454 tenebat
1474 2421 1737 2465 Priapussuseem
1737 2445 1748 2460 ,

981 2468 1042 2506 vel,
1058 2475 1096 2498 ut
1109 2468 1143 2497 in
1158 2466 1287 2498 laudato
1297 2466 1368 2498 loco
1380 2465 1645 2508 Virgilii,sa1cem
1655 2467 1748 2507 salig-

981 2523 1073 2543 num.
1141 2512 1244 2545 ruber,
1260 2509 1361 2540 minio
1381 2508 1499 2540 oblitus
1511 2514 1544 2539 et
1556 2508 1746 2542 rubefactus.

985 2554 1079 2586 Ovid.
1109 2553 1192 2584 Fast.
1222 2553 1250 2584 1.
1284 2551 1360 2583 415.
1407 2553 1453 2583 Ae
1474 2553 1569 2585 ruber
1589 2553 1749 2586 lmrtomm

981 2601 1057 2630 deus
1070 2603 1100 2628 et
1114 2598 1221 2634 tutela,
1237 2598 1383 2636 Priapus.

1024 2652 1054 2671 v.
1071 2640 1102 2671 6.
1129 2641 1263 2676 arundo,
1278 2638 1424 2679 intelligo
1437 2647 1583 2670 coronam
1598 2649 1638 2670 ex
1652 2649 1748 2671 arun.

981 2685 1067 2722 dine,
1081 2683 1269 2715 fasciculum
1283 2681 1458 2720 arundinis,
1479 2692 1551 2723 quae
1573 2691 1666 2714 vento
1679 2683 1748 2725 agi-

980 2735 1046 2760 tata
1059 2733 1163 2767 crepat
1175 2725 1358 2767 strepitque.

1024 2782 1053 2803 v.
1073 2769 1103 2802 7.
1129 2772 1214 2802 novis
1227 2772 1261 2801 in
1275 2770 1378 2801 hortis.
1415 2768 1513 2802 Schol.
1533 2772 1628 2811 Cruq.
1647 2781 1750 2811 nuper

981 2828 1000 2846 a
1022 2817 1197 2847 Maecenate
1217 2814 1375 2844 institutit.
1393 2829 1438 2838 -—
1451 2815 1558 2844 Antea
1579 2815 1748 2855 Esquilina

981 2860 1063 2900 regio
1077 2859 1225 2899 sepulcris
1245 2868 1404 2888 servorum
1424 2863 1454 2888 et
1473 2857 1659 2889 miserorum
1678 2864 1748 2891 erat

980 2905 1118 2934 dedi'cata
1129 2917 1141 2939 ‚-
1164 2903 1323 2934 Maecenas
1336 2906 1452 2936 autent,
1466 2902 1662 2934 considerans
1676 2902 1748 2934 σὺ

979 2947 1201 2982 salubritatem,
1217 2946 1315 2976 hortos
1327 2955 1360 2976 eo
1369 2945 1433 2976 loco
1449 2946 1617 2977 constituit.

1888 3072 1904 3250 (nl—s.n.a—„
1902 3034 1904 3038 .
1902 2987 1904 2999 ,Α
1895 2943 1899 2949 -
1901 2909 1904 2915 .
1902 2847 1904 2849 .
