1904 3250
174 139 261 178 244

805 135 1104 179 HORATII

1550 139 1657 187 [Lm.
1679 145 1737 174 ιν.

759 332 1027 376 CARMEN
1060 332 1161 375 XV.

732 485 951 517 AUGUSTI
974 484 1180 517 LAUDES.

298 616 495 657 annus
517 613 724 656 volentem
744 614 895 670 proelia
914 629 982 656 me
1001 614 1118 671 loqui

295 685 435 725 Victas
457 691 498 725 et
517 683 656 734 urbes,
678 683 898 739 increpuit,
919 683 1034 740 lyra3

410 754 476 796 Ne
496 769 626 810 parva
646 753 918 811 Tyrrhenum
937 769 1016 809 per
1035 768 1181 810 aequor

525 826 631 868 Vela
651 826 807 868 darem.
870 826 979 877 Tua,
1004 825 1162 877 Caesar,
1184 833 1284 867 aetas

404 971 614 1003 CARMEN
637 971 715 1003 XV.

218 1058 409 1089 Felicitatem
428 1059 575 1090 Romano
587 1058 719 1100 imperio
732 1069 787 1099 per
801 1058 942 1101 Augusti

178 1102 320 1133 victorias
333 1109 452 1142 partam
467 1102 677 1133 celebraturus
698 1103 834 1134 suaviter
853 1108 943 1143 poeta

179 1146 282 1187 fingit,
304 1156 338 1176 se
360 1145 498 1186 primum
520 1146 648 1187 quidem
673 1146 813 1188 Augusti
826 1145 942 1186 proeliis

179 1196 211 1220 et
236 1189 370 1220 victoriis
391 1189 539 1220 canendis
567 1200 674 1221 vacare
701 1189 845 1225 voluisse,
875 1189 940 1226 sed,

179 1240 343 1273 postquam
372 1234 412 1264 ab
443 1233 593 1273 Apolline
622 1233 662 1264 de
689 1234 749 1265 hoc
778 1233 942 1264 temerario

238 1283 278 1307 tae
302 1277 407 1308 ten'uis
427 1287 507 1308 ausu
528 1277 668 1308 monitus
688 1276 793 1314 fuerit,
814 1287 847 1307 se
870 1275 944 1307 inde

179 1331 323 1351 aversum
337 1320 378 1351 ad
396 1321 479 1351 bona
499 1321 613 1360 potius,
635 1320 750 1362 quibus
771 1331 857 1351 nunc
875 1322 942 1352 Ro-

179 1365 277 1401 mani,
302 1364 392 1394 victis
414 1365 452 1394 ab
479 1367 629 1414 Augusto
650 1363 785 1395 externis
807 1364 941 1404 populis,

179 1408 334 1444 fruantur,
349 1407 516 1438 advertisse
536 1407 689 1439 animum.
708 1425 750 1431 —
767 1407 891 1439 Canit'
881 1408 940 1449 1gi-

179 1457 243 1488 tur,
265 1445 396 1491 templo·
393 1451 480 1483 ’.1ηηί
502 1460 587 1482 nunc
606 1450 723 1487 clauso,
746 1458 855 1490 pacata
875 1461 942 1482 esse

179 1494 305 1534 omnia3
331 1504 404 1525 cum
419 1494 508 1526 cultu
529 1503 678 1536 agrorum
692 1493 819 1526 rediisse
831 1494 942 1526 fertili-

179 1544 277 1569 tatem
302 1543 334 1569 et
357 1547 462 1569 rerum
491 1537 726 1576 abundantiam,
749 1537 942 1580 pristinoque

179 1581 303 1624 legibus
323 1581 467 1612 restituto
487 1582 605 1612 honore
626 1581 730 1623 vigere
750 1581 865 1613 iterum
881 1592 943 1613 coe-

179 1625 262 1665 pisse
272 1631 408 1656 veterem
419 1624 507 1655 illam
521 1624 727 1665 disciplinam,
743 1636 806 1667 qua
819 1626 943 1666 imperii

182 1668 321 1700 Romani
343 1669 495 1710 majestas,
519 1668 605 1699 fama
629 1674 661 1699 et
678 1679 795 1700 nomen
817 1680 873 1709 per
894 1675 940 1700 ω-

132 1726 134 1729 ·
180 1718 251 1743 tum
275 1719 427 1743 terrarum
452 1713 560 1743 orbem
583 1712 715 1743 dilatum
738 1719 769 1743 et
788 1723 943 1754 propaga·

178 1756 322 1794 tumsit3
346 1766 404 1786 nec
425 1755 559 1786 dubium
581 1766 658 1792 esse,
681 1755 768 1797 quin,
795 1757 945 1798 Augusto

179 1809 285 1830 rerum
300 1799 439 1836 custode,
462 1799 549 1830 domi
569 1799 707 1840 forisque
728 1800 762 1829 in
783 1806 943 1839 posterum

179 1842 262 1875 bella
275 1853 450 1882 compressa
463 1849 495 1874 et
508 1842 631 1887 sepulta
647 1844 789 1885 jaceant3
813 1844 945 1883 proinde

183 1887 368 1928 Augustum
403 1886 538 1928 dignum
566 1897 643 1924 esse,
680 1897 776 1927 quem
811 1888 945 1929 quisque

180 1939 255 1961 cum
270 1940 369 1961 uxore
381 1940 440 1961 sua
454 1936 486 1961 et
499 1929 605 1962 liberis
616 1937 653 1961 ut
666 1930 764 1961 deum
777 1930 943 1962 tutelarem

179 1973 232 2014 pie
257 1973 349 2011 colat,
373 1979 405 2004 et
432 1973 543 2015 quovis
571 1973 624 2005 die
650 1980 716 2005 tam
744 1974 945 2006 libationibus

180 2027 276 2058 quam
290 2017 417 2058 hymnis
430 2018 489 2048 rite
502 2024 676 2049 veneretur.
694 2036 737 2042 —
755 2018 946 2058 Compar-ent

180 2060 298 2092 tirones
312 2062 371 2092 hoc
385 2071 510 2092 carmen
525 2071 600 2092 cum
613 2062 710 2103 hujus
723 2061 794 2092 libri
808 2062 947 2093 carmine

181 2104 303 2146 quinto,
329 2111 361 2135 et
385 2113 486 2145 poetae
512 2105 546 2135 in
569 2104 680 2136 eadem
705 2104 771 2136 fere
795 2106 948 2137 sententia

181 2154 367 2189 pertractata
394 2148 559 2189 ingenium
596 2155 629 2180 et
663 2150 836 2179 ubertatem
873 2160 947 2191 cog-

181 2197 320 2222 noscant.
337 2210 382 2216 —-
399 2193 550 2223 Ceterum
578 2193 638 2223 hoc
666 2202 793 2223 carmen
824 2193 866 2224 U.
903 2194 941 2224 C.

116 2246 117 2250 ¹
183 2234 462 2267 DCCXXXIV.
481 2235 631 2274 scriptum
654 2246 729 2273 esse,
751 2246 790 2267 ex
805 2247 896 2268 versu
911 2235 942 2268 9.

180 2277 291 2320 ‘colligi
305 2285 417 2319 potest,
432 2279 487 2310 ubi
502 2279 564 2310 vid.
583 2285 649 2310 not.

227 2332 256 2352 v.
277 2320 371 2352 1—4.
389 2324 494 2354 Phoeb.
512 2325 569 2354 vol.
585 2325 671 2363 1n-oel.
696 2334 746 2354 me
765 2325 851 2365 loqui
871 2331 943 2355 cett.

186 2365 322 2397 sensus.
351 2365 436 2397 Cum
453 2366 519 2407 jam
535 2367 567 2396 in
582 2377 619 2397 eo
634 2377 743 2403 essem,
759 2373 796 2397 ut
810 2368 947 2399 carmine

183 2402 366 2441 sublimiore
378 2409 518 2450 Augusti
533 2410 641 2449 proelia
655 2417 685 2440 et
699 2410 841 2441 victorias
855 2421 947 2442 cane-

183 2462 262 2491 rem,
278 2462 351 2484 eece
363 2452 443 2484 mihi
459 2452 577 2492 Apollo
588 2453 701 2491 adfuit,
716 2460 757 2491 et,
775 2464 815 2484 ne
830 2461 947 2486 temere

185 2507 246 2538 ego
260 2502 352 2538 poeta
370 2496 475 2528 tenuis
495 2496 622 2527 molirer
642 2497 782 2538 grandia,
805 2498 947 2539 graviore

184 2540 262 2581 lyrae
283 2549 362 2572 sono
387 2549 440 2571 me
467 2539 659 2580 increpando
683 2541 723 2571 ab
747 2541 808 2571 hoc
832 2548 947 2572 conatu

183 2584 347 2615 revocavit.
361 2583 524 2615 —Varias
538 2583 703 2625 mirasque,
719 2594 796 2625 quas
809 2584 943 2616 locutio:

184 2629 254 2669 lyra
279 2628 443 2671 increpuit,
470 2627 609 2668 protulit,
633 2626 853 2666 explicationes
877 2628 948 2659 vide

185 2670 271 2711 apud
285 2673 481 2712 Interpreta-
526 2670 584 2701 Me
598 2670 726 2711 quidem
741 2680 806 2701 non
820 2671 949 2710 poenitet

186 2724 295 2746 eorum
310 2714 473 2746 sententia>
492 2724 568 2751 ease,
590 2714 645 2755 qui
670 2713 850 2752 Apollinem
872 2724 946 2745 cum

186 2758 438 2790 cborodidascalo
451 2764 663 2797 comparatum
679 2767 747 2787 esse
760 2757 946 2789 existimant.

189 2801 469 2838 Quemadmodum
484 2800 568 2832 enim
589 2799 857 2831 chorodidascalus
870 2802 944 2832 cho-

187 2854 270 2882 rum,
285 2854 379 2886 quem
394 2845 434 2877 ad
446 2845 544 2886 lyram
554 2843 743 2880 moderatur,
754 2843 804 2875 vel
817 2851 945 2875 cantum

188 2887 325 2928 aliquem
339 2898 501 2929 perperam
515 2887 724 2928 incipientem,
741 2886 791 2917 vel
805 2898 825 2918 a
837 2894 948 2919 cantus

187 2931 288 2961 modis
316 2933 520 2970 aberrantem,
549 2930 689 2973 graviore
709 2931 846 2973 quodam
873 2931 947 2971 lyrae

984 981 1062 1003 sono
1085 971 1234 1012 increpat,
1260 977 1292 1002 et
1316 970 1359 1002 sic
1381 971 1496 1002 rectius
1516 971 1545 1002 ei
1567 972 1743 1003 canendum

984 1025 1051 1046 esse
1073 1015 1250 1057 significat;
1277 1016 1321 1046 ita
1346 1015 1463 1055 Apollo
1488 1015 1667 1052 Horatium,
1689 1016 1744 1058 qui

983 1058 1067 1090 male
1080 1069 1215 1096 carmen,
1240 1059 1292 1090 cui
1317 1059 1418 1099 impar
1431 1065 1520 1096 esset,
1543 1069 1653 1090 canere
1667 1058 1744 1091 irici-

984 1110 1082 1142 peret,
1108 1103 1249 1144 graviore
1274 1102 1412 1144 quodam
1437 1102 1512 1143 lyrae
1541 1113 1619 1134 sono
1645 1103 1745 1135 incre-

983 1156 1098 1185 puisse,
1122 1153 1154 1177 et
1183 1147 1228 1177 sic
1251 1157 1271 1177 a
1298 1146 1462 1177 temerario
1483 1155 1563 1177 ausu
1589 1156 1747 1178 revocasse

985 1188 1126 1231 fingitur.
1169 1189 1279 1221 Multo
1291 1190 1389 1231 igitur
1401 1189 1544 1221 suaviore
1556 1195 1588 1221 et
1604 1190 1747 1231 Apollini

985 1233 1266 1265 accommodatiore
1294 1233 1433 1275 imagine
1460 1233 1610 1273 expressit
1640 1234 1748 1265 Hora-

985 1277 1059 1314 tius,
1089 1277 1175 1319 quod
1202 1276 1237 1307 in
1267 1287 1301 1308 re
1327 1277 1496 1308 simillima*
1514 1277 1599 1317 apud
1629 1277 1743 1319 virgil.

986 1320 1100 1362 Eclog.
1125 1321 1188 1352 VI.
1213 1320 1245 1352 3.
1267 1320 1307 1352 de
1333 1321 1501 1361 Apolline:
1527 1322 1634 1353 vellere
1654 1332 1749 1353 aures

984 1363 1118 1395 dicitur:
1159 1365 1265 1399 Quum
1290 1376 1434 1397 canerem
1462 1375 1547 1404 reges
1575 1371 1604 1396 et
1624 1367 1746 1406 proelia,

987 1409 1139 1448 Cynthius
1153 1419 1261 1439 aurem
1283 1410 1370 1440 Vellit
1390 1415 1419 1439 et
1433 1410 1596 1439 admonuit
1613 1422 1625 1440 :
1644 1415 1748 1449 pasto-

984 1462 1060 1487 rem,
1093 1453 1207 1492 Tityre,
1227 1453 1360 1492 pingues
1387 1453 1517 1483 Pascere
1537 1458 1650 1492 oportet
1669 1463 1746 1489 oves,

984 1496 1152 1526 deductum
1166 1497 1266 1526 dicere
1283 1506 1422 1527 carmen.
1439 1513 1484 1520 —
1499 1494 1625 1526 Novam
1639 1495 1672 1526 in
1689 1496 1747 1527 hoc

985 1538 1055 1569 loco
1074 1537 1260 1577 explicando
1280 1538 1434 1570 rationem
1455 1538 1526 1569 iniit
1549 1538 1599 1570 Cl.
1618 1540 1744 1571 Miesclz.

987 1581 1023 1612 Is
1051 1581 1135 1612 enim
1163 1581 1350 1624 fingendum
1379 1581 1469 1613 nobis
1497 1591 1565 1613 esse
1591 1589 1747 1620 autumat,

988 1624 1182 1665 Apollinem,
1205 1625 1313 1656 audito
1333 1626 1421 1666 quasi
1441 1631 1542 1666 poetae
1562 1632 1660 1657 cantu
1679 1625 1747 1658 bel-

984 1669 1055 1705 lico,
1071 1669 1175 1700 subito
1188 1675 1289 1709 poetae
1307 1668 1470 1706 adstitisse,
1491 1668 1748 1712 audientiamque

985 1713 1044 1744 sibi
1069 1713 1228 1744 facturum
1257 1712 1357 1754 lyram
1383 1712 1533 1754 tetigisse,
1558 1718 1653 1755 atque
1675 1719 1748 1744 tum

986 1757 1115 1787 demum
1145 1755 1287 1787 oratione
1310 1755 1586 1787 commonefeciase
1609 1762 1744 1795 poetam.

986 1817 1030 1824 —-
1047 1800 1109 1830 Sed
1122 1800 1239 1840 paucis,
1261 1805 1349 1840 puto,
1370 1799 1439 1830 baec
1459 1798 1750 1839 explicatioproba-

985 1843 1079 1874 bitur.
1103 1861 1148 1868 -
1171 1844 1287 1886 (Nunc
1322 1842 1450 1885 quidem
1484 1842 1752 1883 simplicissimum

986 1887 1065 1917 mibi
1081 1887 1212 1922 videtur,
1235 1887 1262 1918 si
1282 1886 1335 1918 hic
1353 1886 1451 1924 locus,
1466 1885 1665 1918 distinctione
1678 1893 1751 1927 post

986 1932 1140 1972 increpuit
1154 1930 1263 1970 posita,
1277 1941 1374 1972 quam
1395 1930 1430 1960 in
1449 1931 1508 1962 bac
1521 1930 1652 1970 repetita
1666 1929 1748 1963 Edi·

987 1975 1072 2005 tione
1107 1974 1287 2014 ponendam
1322 1974 1438 2012 curavi,
1475 1974 1648 2014 explicetur
1681 1973 1746 2006 sie:

989 2020 1045 2050 Me
1065 2021 1213 2050 volentem
1233 2020 1303 2059 lyra
1327 2019 1410 2060 loqui
1433 2017 1575 2060 (canere)
1591 2019 1702 2058 praua
1720 2024 1750 2049 et

988 2063 1083 2094 metas
1097 2064 1186 2093 urbes
1202 2063 1333 2093 Ptaoebus
1351 2063 1515 2104 increpuit,
1532 2060 1683 2104 (graviter
1693 2061 1750 2092 ad

989 2106 1128 2146 monuit)
1157 2117 1199 2137 ne
1222 2117 1322 2146 parva
1349 2111 1422 2136 cett.

989 2160 1084 2190 supra
1106 2159 1200 2180 carm.
1231 2149 1261 2180 9.

987 2193 1099 2235 loqui.)
1186 2195 1241 2225 Ne
1257 2204 1346 2234 parv-
1369 2194 1481 2234 Tyrrh·
1494 2202 1553 2232 per
1565 2202 1670 2233 equor
1682 2193 1748 2223 vela

989 2239 1055 2268 dar.
1074 2247 1115 2267 ne
1129 2246 1203 2267 eum
1224 2246 1327 2277 parva,
1350 2246 1414 2277 qua
1434 2245 1496 2277 ego
1508 2240 1622 2274 uterer,
1636 2235 1750 2275 cymba

988 2280 1053 2311 alto
1066 2290 1152 2311 mare
1165 2290 1217 2310 me
1238 2279 1474 2315 committerem,
1496 2278 1528 2308 b.
1546 2287 1575 2308 e.
1593 2287 1633 2308 ne
1649 2278 1748 2316 tenui,

988 2323 1073 2365 quod
1089 2323 1165 2354 mihi
1179 2330 1267 2358 esset,
1284 2322 1412 2363 ingenio
1425 2320 1572 2352 audacter
1584 2326 1747 2360 tentarem,

988 2377 1060 2408 quae
1083 2377 1199 2408 magna
1223 2372 1346 2397 tantum
1370 2371 1490 2396 tentare
1510 2370 1640 2415 possunt
1659 2364 1749 2407 inge-

989 2410 1053 2448 nia,
1075 2411 1158 2441 sive·
1191 2420 1232 2440 ne
1253 2415 1416 2446 tentarem,
1442 2408 1495 2439 eui
1515 2407 1618 2449 impar
1637 2418 1748 2444 essem,

988 2463 1114 2485 cannen
1128 2453 1263 2493 epicum.
1309 2453 1425 2494 Magni
1437 2451 1555 2483 scilicet
1568 2458 1678 2492 poeta,
1694 2453 1749 2494 qui

989 2496 1022 2527 in
1037 2507 1071 2527 re
1084 2497 1170 2538 gravi
1185 2502 1217 2527 et
1231 2495 1335 2536 ampla
1349 2502 1520 2534 versantur,
1543 2495 1576 2526 iu
1590 2495 1655 2527 alto
1667 2497 1750 2528 mari

990 2539 1144 2581 navigare,
1159 2539 1233 2577 sive,
1254 2546 1292 2570 ut
1308 2539 1461 2580 Virgilius
1485 2518 1602 2581 G’eorg.
1622 2537 1674 2570 11.
1691 2537 1745 2570 41.

989 2584 1043 2621 ait,
1064 2585 1129 2614 vela
1147 2585 1270 2623 patenti
1285 2585 1392 2624 pelago
1413 2585 1489 2614 aare
1509 2582 1694 2624 finguntur3
1718 2589 1751 2614 at

989 2627 1175 2701 iliisi'ullmarloii)
1187 2633 1297 2700 ωιιιέἓῗίε
1324 2627 1750 2705 οοιιιιιιίῗῐεοιιῖἰῖωῦὶίῗιῗίῗιῗῖ

991 2713 1133 2753 Pmpert.
1154 2713 1225 2744 111.
1240 2712 1270 2743 9.
1285 2712 1315 2744 3.
1345 2715 1435 2749 Quod
1456 2724 1507 2745 me
1520 2714 1671 2745 scribendi
1683 2719 1750 2749 tam

988 2763 1110 2789 vastum
1129 2758 1224 2788 mittis
1244 2758 1280 2788 in
1300 2768 1405 2798 oequor
1417 2755 1435 2787 ε’
1482 2758 1560 2788 Non
1580 2763 1655 2788 sunt
1676 2764 1749 2798 apta

987 2811 1064 2832 meoe
1086 2802 1223 2841 grandia
1249 2802 1316 2832 vela
1339 2802 1411 2832 rati.
1449 2799 1543 2831 Ovid-
1570 2800 1663 2832 Trist.
1693 2800 1748 2832 11.

987 2843 1061 2875 329.
1095 2845 1174 2875 Non
1195 2845 1262 2875 ideo
1287 2845 1372 2875 debet
1391 2845 1500 2884 pelago
1520 2855 1552 2876 se
1571 2838 1750 2882 σταίη-ᾖα

989 2899 1053 2929 qua
1070 2889 1202 2918 Audet
1190 2899 1224 2919 m
1237 2889 1343 2928 exiguo
1365 2889 1467 2918 ludere
1482 2889 1591 2929 cymba
1606 2889 1689 2920 lacu·
1704 2902 1750 2912 -·

995 2933 1204 2972 Tyr-rhenum,
1220 2940 1277 2970 pro
1289 2929 1367 2962 mari
1382 2930 1501 2971 quovis.
1523 2951 1525 2953 -
