1904 3250
816 229 1122 275 HORATII

1587 232 1696 282 [mn.
1719 240 1749 268 1.

305 361 404 404 Heu
421 360 430 404 !
463 360 586 402 nimis
608 360 736 417 longo
757 358 902 400 satiate
922 356 1038 406 ludo,

305 434 445 484 Quem
458 434 579 490 juvat
599 433 756 475 clamor
775 430 992 489 galeaeque
1010 428 1137 479 leves,

304 507 419 549 Acer
439 515 481 549 et
502 505 639 548 Marsi
659 504 811 562 peditis
834 509 1054 544 cruentum

218 582 273 619 40

308 650 405 693 Sive
425 656 584 690 mutata
596 649 803 704 juvenem·
816 646 955 703 figura

309 719 410 761 Ales
432 719 476 759 in
496 717 619 759 terris
639 716 827 767 imitaris,
850 714 972 766 almae

310 791 440 833 Filius
463 789 607 840 Maiae,
629 789 792 845 patiens
814 788 954 830 vocari

769 573 922 615 Vultus
943 572 986 613 in
1006 571 1194 621 hostem3

774 859 954 901 Caesaris
975 858 1110 900 ultor:

223 936 278 974 45
311 932 438 974 Serus
458 930 502 971 in
523 929 674 972 caelum
694 929 854 980 redeas,
877 929 1034 985 diuque

311 1004 456 1046 Laetus
477 1003 643 1045 intersis
663 1002 823 1059 populo
846 1001 1031 1052 Quirini,

313 1076 431 1118 Neve
452 1084 493 1119 te
513 1077 666 1118 nostris
688 1076 796 1118 vitiis
817 1076 1008 1133 iniquum

780 1145 911 1187 Ocior
931 1160 1034 1187 aura

315 1215 460 1258 Tollat
470 1232 482 1266 3
513 1215 583 1258 hic
602 1231 777 1273 magnos
797 1216 938 1272 potius
958 1214 1213 1271 triumphos»,

228 1292 284 1331 50
317 1288 402 1330 Hic
423 1304 537 1330 ames
558 1288 642 1330 dici
664 1289 791 1331 Pater
811 1297 936 1345 atque
954 1288 1171 1344 Princeps,

318 1358 416 1401 Neu
437 1359 546 1401 sinas
570 1358 725 1401 Medos
746 1359 933 1417 equitare
954 1358 1110 1400 inultos

786 1428 852 1470 Te
872 1428 994 1480 duce,
1018 1428 1175 1470 Caesar.

750 1598 1091 1641 CARMEN
1132 1596 1230 1639 ΙΙΙ.

796 1711 866 1742 AD
898 1710 1186 1743 VIRGILIUM.

330 1802 405 1844 S1c
426 1808 467 1843 te
487 1800 600 1843 Diva
619 1808 767 1857 potens
791 1802 938 1859 Cypri,

390 1873 459 1915 Sic
477 1872 625 1915 fratres
650 1874 841 1926 Helenae,
863 1874 1006 1917 lucida
1025 1875 1176 1926 sidera,

213 1997 341 2036 βλέπειν,
355 1999 476 2040 ιῖσορᾷν)
489 1999 529 2030 de
540 2000 600 2031 diis
611 2000 761 2041 propitiis.

217 2042 318 2078 Mam,
334 2047 421 2079 pater
441 2043 583 2074 Romuli.

259 2095 288 2116 v.
304 2084 444 2116 37—40.
457 2088 529 2118 ludo
540 2087 675 2129 graviter
686 2098 756 2127 pro:
771 2088 866 2125 bello,
881 2088 978 2130 quod,

217 2128 300 2160 sieut
327 2128 540 2170 gladiatorum
568 2130 633 2162 fere
663 2131 768 2168 ludus,
795 2132 979 2172 jucundum

222 2172 322 2203 Marti
333 2174 452 2212 praebet
462 2174 687 2212 spectaculum.
769 2187 850 2212 acer,
861 2181 980 2213 torvus,

219 2215 319 2246 ferox.
370 2216 434 2246 Pro
444 2218 555 2252 Marsi,
568 2217 654 2258 quod
669 2229 707 2248 ex
722 2218 895 2250 admodum
911 2229 982 2259 pro-

221 2258 323 2295 babili·
338 2259 557 2298 emendatione
585 2263 622 2292 T.
649 2263 746 2293 Fabri
762 2263 830 2303 jam
851 2264 891 2293 ab
913 2262 984 2293 aliis

222 2303 257 2332 in
278 2307 403 2333 textum
425 2310 587 2343 receptum
602 2311 657 2339 est,
675 2305 707 2334 in
726 2305 826 2336 Codd.
853 2312 885 2337 et
905 2312 978 2337 vett.

224 2344 327 2377 Editt.
340 2347 452 2378 Meum·
463 2352 563 2377 exstat
574 2359 583 2385 ;
599 2348 654 2379 sed
665 2358 738 2379 cum
755 2349 865 2380 Mauri
874 2349 986 2390 populi

223 2388 366 2420 imbelles
380 2388 508 2425 suerint,
525 2390 718 2432 minimeque
733 2392 874 2431 peditatu
896 2393 984 2424 valu-

226 2432 317 2469 erim,
341 2431 527 2464 adumbrata
544 2440 650 2464 autem
673 2436 712 2465 ab
731 2435 867 2467 Horatio
881 2436 988 2478 imago

227 2475 364 2507 fortioris
384 2476 516 2507 omnino
544 2477 653 2507 militis
682 2480 988 2518 repraesentationem

228 2519 376 2560 postulet,
408 2519 568 2560 proposita
598 2531 674 2551 sane
696 2521 748 2552 illa
771 2523 863 2553 lectio
885 2525 988 2555 Marsi

227 2573 286 2603 pro
308 2565 431 2601 Mauri,
445 2563 473 2594 si
486 2573 552 2594 rem
568 2571 697 2603 spectas,
712 2565 807 2606 longe
822 2566 988 2604 praeferen-

229 2606 271 2638 da
299 2613 363 2644 est;
398 2606 499 2638 Marsi
520 2607 607 2640 enim
632 2607 852 2639 Romanorum
873 2609 989 2640 milites

229 2650 362 2682 fuerunt
373 2649 470 2692 longe
482 2649 659 2687 fortissim53
675 2651 757 2681 conf.
771 2652 843 2682 infr.
864 2652 914 2683 II.
933 2652 985 2685 20.

235 2692 284 2724 18.
303 2700 336 2725 et
358 2693 430 2725 111.
448 2692 480 2725 5.
498 2692 530 2725 9.
619 2701 798 2729 cruentum.
822 2706 841 2726 a
862 2706 895 2726 se
920 2706 990 2736 per-

232 2737 354 2768 fossum
369 2743 402 2768 et
414 2738 571 2780 sanguine
585 2746 798 2778 conspersum.

277 2791 306 2810 v.
324 2779 465 2812 41—44.
495 2783 554 2813 Sin.
575 2787 656 2813 mut.
670 2781 745 2822 juv.
769 2787 841 2811 cett.
858 2792 985 2814 sensus:

234 2822 297 2853 sive
327 2831 375 2862 tu,
397 2824 479 2856 alate
499 2823 588 2863 deuii,
613 2824 766 2861 Mercuri,
793 2825 847 2865 qui
870 2826 989 2856 caedem

238 2866 370 2898 Caesaris
393 2867 566 2899 ulciscendi
597 2867 766 2899 consilium
786 2867 870 2898 haud
900 2868 989 2899 dissi-

235 2909 348 2947 mulas,
381 2912 521 2951 deposita
549 2911 664 2942 divinae
690 2911 801 2942 formae
829 2912 990 2953 majestate

238 2953 506 3000 §mutatafigural
519 2957 580 2987 sub
588 2955 714 2997 juvenis
730 2954 884 2996 Augusti,
900 2965 997 2996 quam

237 2994 379 3033 mduisti,
395 3007 526 3036 persona
540 2999 575 3029 in
588 2999 679 3030 terris
692 2998 834 3030 versari&
923 3000 995 3034 ales,

240 3038 430 3079 Mercurius,
444 3041 541 3074 alatos
554 3042 685 3083 calceos,
700 3042 765 3076 sive
779 3041 888 3075 talaria
902 3040 995 3084 (5231-

853 2007 972 2038 auctor,

1019 2008 1063 2032 λα
1090 1998 1204 2038 πτηνὰ)
1228 2003 1364 2040 gestans.
1389 2007 1419 2029 v,
1445 1997 1499 2029 45.
1532 2000 1625 2031 Serus
1651 1999 1688 2031 in
1711 1996 1779 2030 σας

1018 2046 1083 2075 red.
1101 2047 1285 2083 comparant
1301 2042 1430 2073 Lucret.
1449 2042 1478 2074 Ι.
1497 2039 1551 2072 46.
1573 2041 1668 2074 Ovid.
1683 2041 1780 2074 Trist.

1024 2088 1067 2118 V.
1082 2086 1114 2118 2.
1132 2086 1188 2117 sed
1202 2085 1345 2125 inprimis
1358 2085 1422 2116 huc
1433 2085 1570 2127 pertinet
1579 2085 1669 2116 locus
1684 2084 1780 2117 Ovid.

1025 2131 1109 2162 Met.
1126 2130 1206 2161 XV.
1220 2127 1295 2160 868.
1321 2131 1428 2160 Tarda
1439 2130 1478 2160 sie
1489 2130 1544 2160 illa
1558 2129 1631 2166 dies,
1642 2135 1784 2161 eevwsero
1798 2136 1800 2138 ’

1026 2176 1123 2206 serior
1145 2185 1217 2207 aevo.
1254 2175 1325 2209 Qua
1349 2178 1444 2214 capue
1466 2173 1661 2213 Augustum,
1691 2182 1784 2214 quem

1027 2217 1274 2291 ‘WWQ‘J
1288 2217 1400 2290 ἔξω·
1415 2217 1651 2291 ῗαὼὶιὲῲ·
1666 2260 1698 2291 1²
1711 2246 1785 2290 “m-12

1069 2272 1099 2293 v.
1262 2283 1271 2290 .
1347 2269 1434 2290 onon
1458 2269 1496 2290 ca
1593 2269 1636 2290 m
1695 2270 1714 2290 ιι

1026 2304 1193 2345 appellatio
1221 2302 1347 2344 publice
1374 2312 1501 2344 quoque
1527 2308 1636 2342 postea
1664 2301 1710 2334 U.
1741 2301 1781 2333 C.

1030 2347 1215 2380 DCCLII.
1243 2348 1394 2389 Augusto
1406 2346 1600 2378 deca-emese.
1651 2350 1655 2354 '
1689 2346 1787 2378 Prin·

1028 2403 1107 2433 ceps,
1122 2391 1183 2432 qui,
1199 2392 1240 2422 ob
1261 2390 1398 2432 egregia,
1419 2389 1535 2432 quibus
1555 2388 1639 2420 cives
1650 2387 1710 2420 sihi
1729 2387 1785 2420 de-

1030 2435 1142 2473 vinxit,
1158 2435 1279 2472 merita,
1295 2441 1328 2465 et
1347 2435 1390 2466 ob
1404 2442 1563 2465 summam
1583 2432 1624 2464 de
1636 2431 1785 2472 rdpubli-

1032 2489 1078 2510 cae
1091 2478 1193 2509 salute
1207 2487 1326 2516 curam,
1337 2477 1479 2518 primum
1491 2476 1599 2508 locum
1612 2476 1695 2506 inter
1706 2475 1789 2506 cives

1031 2528 1175 2562 occupat.
1266 2522 1424 2562 Principis
1444 2529 1577 2562 nomen,
1593 2528 1669 2550 cum
1682 2518 1790 2550 minus

1031 2566 1222 2597 invidiosum
1250 2572 1339 2599 esset,
1373 2564 1528 2596 assumsit*
1548 2563 1718 2604 Augustus
1741 2562 1785 2593 U.

1036 2610 1074 2642 C.
1117 2608 1356 2641 DCCXXVI.
1387 2607 1451 2639 vid.
1490 2606 1558 2638 Dio
1592 2605 1699 2638 LIII.
1733 2603 1785 2636 11.

1033 2671 1077 2679 —
1087 2655 1196 2685 Medos
1205 2653 1238 2684 h.
1250 2663 1278 2683 e.
1294 2652 1415 2690 Pems,
1432 2651 1575 2683 Parthos.
1642 2650 1790 2692 equitate,

1034 2695 1205 2738 equitando
1225 2696 1317 2727 nobis
1336 2695 1487 2726 insultare
1506 2699 1539 2724 et
1561 2692 1706 2724 ferociter
1734 2701 1791 2733 per

1034 2747 1132 2771 terras
1151 2745 1271 2770 nostras
1295 2749 1404 2778 ruere;
1428 2737 1469 2769 de
1489 2746 1567 2768 νοω
1586 2737 1724 2779 equitare
1743 2734 1785 2767 cf.

1031 2784 1105 2814 infr.
1130 2783 1192 2814 IV.
1211 2781 1243 2815 4«.
1261 2781 1314 2814 44«.
1423 2792 1426 2793 ⁷

1261 2868 1473 2903 CARMEN
1495 2867 1569 2900 111.

1086 2956 1194 2994 Poeta,
1217 2967 1292 2989 cum
1314 2956 1453 2988 amicum
1476 2964 1584 2993 mum,
1608 2953 1792 2999 Virgilium,

1040 2999 1100 3030 iter
1118 3000 1261 3032 Athenas
1274 3001 1446 3038 facturum,
1460 3008 1574 3031 navem
1586 2997 1795 3030 conscendere

1041 3041 1134 3083 videt,
1153 3044 1213 3085 (U.
1241 3045 1278 3077 C.
1301 3041 1556 3077 Dccxxxv.
1574 3040 1657 3075 conf.
1682 3043 1790 3083 Heyn.
