1904 3250
206 170 263 208 58

241 295 291 334 15
324 292 500 335 Naturae
521 293 703 350 verique.

841 165 1149 211 HORATII

1600 173 1722 222 .[L113.
1745 185 1775 212 1.

770 292 855 335 Sed
876 308 1021 334 omnes
1042 307 1127 334 una
1145 300 1287 334 manet
1305 306 1404 343 nox,

442 362 499 405 Et
519 362 721 405 calcanda
741 361 870 403 semel
890 362 958 402 via
976 360 1062 402 leti.

323 435 443 477 Dant
463 435 566 477 alios
591 435 732 477 Furiae
753 442 874 475 torvo
895 433 1134 489 spectacula
1155 433 1310 475 Marti:

443 508 586 549 Exitio
607 515 671 550 est
691 506 861 548 avidum
881 521 997 547 mare
1017 506 1178 553 nautis:

325 581 467 623 Mixta
488 596 635 622 senum
656 596 704 622 ac
718 581 922 636 juvenum
943 579 1173 621 densentur
1193 579 1362 631 funera3
1394 581 1556 623 nullum

236 655 291 692 20

442 650 564 691 Saeva
583 656 710 705 caput
732 648 987 704 Proserpina
1005 647 1125 706 fugit.

325 721 401 764 Me
422 736 590 778 quoque
611 721 763 762 devexi
783 720 956 776 rapidus
978 736 1117 763 comes
1141 720 1312 764 Orionis

440 793 619 850 Illyricis
642 793 781 835 Notus
802 793 943 835 obruit
962 794 1097 836 undis.

325 867 384 908 At
404 874 463 917 tu,
486 873 627 917 nauta,
650 882 770 924 vagae
791 881 845 907 ne
864 881 991 922 parce
1011 867 1221 925 malignus
1242 883 1380 910 arenae

441 935 620 978 Ossibus
642 943 684 978 et
704 936 831 992 capiti
850 935 1069 978 inhumato

206 1061 369 1093 referenda
383 1061 432 1098 sit,
447 1060 654 1092 distinctionis
667 1061 794 1102 signum
809 1067 880 1101 post
902 1071 972 1092 enm

205 1104 306 1144 posui.
396 1106 508 1138 Jadice
524 1111 563 1139 τε,
588 1111 625 1135 ut
647 1110 681 1135 tu
708 1105 773 1144 ipse
793 1104 952 1146 judicabis
959 1117 970 1143 ;

206 1159 281 1179 nam
304 1158 377 1179 cum
403 1148 437 1178 in
461 1148 608 1179 inferiore
632 1148 736 1183 Italia,
763 1148 850 1179 haud
875 1148 971 1180 dubie

205 1193 302 1234 hujus
315 1198 432 1229 nautae,
447 1193 479 1222 h.
505 1202 531 1223 e.
558 1192 747 1229 mercatoris,
774 1191 882 1231 patria,
907 1192 971 1232 Py.

205 1237 346 1277 thagorae
361 1245 478 1266 nomen
493 1235 770 1267 celebratissimum
785 1242 874 1272 esset,
897 1246 972 1266 sane

207 1279 248 1310 de
257 1278 389 1320 judicio,
405 1278 490 1320 quod
505 1279 559 1310 ille
580 1279 620 1309 de
643 1279 824 1320 Pythagora
848 1279 971 1309 laturus

205 1329 295 1360 esset,
322 1329 426 1353 certus
446 1333 513 1354 esse
535 1322 638 1362 potuit
666 1323 843 1363 Archytas;
863 1322 971 1363 itaque

205 1365 299 1397 lectio
313 1367 427 1398 Judice
441 1377 502 1403 me,
517 1376 613 1407 quam
628 1376 666 1396 ex
691 1366 870 1408 conjectura
891 1367 970 1397 alio-

206 1419 278 1439 rum
308 1409 341 1439 in
369 1416 492 1441 textum
521 1409 637 1450 recepit
664 1411 753 1447 Jani,
785 1409 970 1451 neutiquam

204 1452 366 1492 probanda
394 1460 450 1490 est,
481 1453 638 1493 praecipue
667 1463 741 1484 cum
780 1453 971 1494 Pythagorae

205 1506 376 1528 commune
412 1503 444 1527 et
473 1497 635 1537 publicum
665 1496 704 1527 de
744 1507 782 1528 eo
813 1496 971 1538 judicium

206 1539 302 1581 longe
316 1540 575 1571 honorificentius
598 1539 638 1571 sit
657 1542 786 1580 privato.
837 1540 972 1571 Erudite

206 1590 239 1614 et
258 1584 384 1623 copiose
410 1584 449 1614 de
475 1585 534 1615 hoc
557 1584 626 1614 loco
651 1584 790 1624 disputat
813 1584 969 1616 Celeberr.

214 1629 336 1670 Wolfius
365 1627 399 1657 in
442 1627 614 1667 Opusculis
653 1628 738 1659 sive:
788 1629 973 1659 Vermisclzte

207 1672 361 1713 Selii-ylen
383 1673 452 1703 und
474 1672 638 1713 Aufsiitze,
662 1673 769 1713 (Hau.
806 1671 918 1711 1802.)
943 1682 971 1711 p.

205 1712 390 1745 431-452.
480 1727 543 1747 non
559 1717 710 1752 sordidus,
726 1715 811 1746 haud
830 1721 970 1746 contem-

206 1757 331 1788 nendus
345 1768 401 1797 per
416 1759 563 1792 λιτότητω
579 1769 654 1798 pro:
681 1769 827 1800 magnus,
843 1760 968 1800 gravis;

205 1819 250 1827 —
274 1808 385 1833 auctor
405 1808 529 1834 nacurae
551 1804 688 1844 verique,
713 1801 823 1833 doctor
847 1812 968 1839 eorum,

206 1855 278 1886 quae
300 1845 333 1875 in
355 1855 459 1876 rerum
486 1852 598 1877 natura
622 1846 730 1882 latent,
749 1853 781 1876 et
805 1856 877 1887 quae
897 1856 971 1876 vera

205 1895 263 1920 aut
275 1888 354 1919 falsa
369 1895 453 1926 sunt,
469 1889 537 1920 vel:
564 1890 619 1930 qui
639 1889 672 1919 in
696 1899 802 1920 rerum
825 1895 970 1920 naturam

206 1938 378 1972 penetrare,
395 1939 426 1963 et
440 1943 511 1963 vera
532 1944 552 1964 a
564 1933 652 1964 falsis
671 1932 847 1964 discernere
868 1933 969 1969 docet,

205 1976 238 2006 h.
266 1986 294 2006 e.
314 1976 534 2016 philosophus.
584 1977 636 2008 Sic
661 1983 771 2008 auctor
793 1977 908 2016 pariter
929 1976 969 2007 de

205 2019 411 2060 philosophiae
426 2019 552 2051 doctore
566 2019 650 2060 apud
669 2021 736 2052 Cic.
763 2020 829 2051 Off.
859 2020 909 2051 11.
934 2019 965 2051 2.

205 2074 397 2104 quamquam
413 2065 446 2095 in
460 2065 673 2105 antiquissima
683 2065 880 2104 philosophia.
892 2066 969 2096 Cra-

205 2109 287 2147 eippo
313 2113 451 2144 auclore,
477 2110 616 2139 versaris.
635 2126 679 2133 —
694 2110 754 2139 Sed
776 2119 881 2139 omnes
902 2120 970 2139 una

206 2162 270 2182 ma.
289 2161 348 2181 noa·
362 2157 434 2180 cett.
452 2151 492 2181 cf.
512 2151 543 2181 in
570 2152 651 2182 hanc
673 2152 860 2182 sententiam
882 2162 967 2190 supr.

207 2193 238 2225 I.
256 2192 287 2224 4⁴.
309 2192 355 2224 19.
373 2193 445 2223 infr.
468 2194 516 2225 ΙΙ.
536 2194 566 2225 3.
586 2194 639 2225 21.
666 2202 698 2226 et
722 2193 771 2225 14⁴.
800 2193 851 2225 ll.
891 2195 970 2226 Pro.

206 2246 284 2278 pert.
306 2237 378 2268 111.
397 2237 449 2268 20.
463 2237 516 2268 21.
565 2241 623 2270 Sed
639 2246 745 2270 tamen
766 2241 830 2270 huc
851 2250 966 2273 omnes.

205 2283 268 2314 Ιιιισ
276 2282 401 2323 primus
415 2287 443 2313 et
458 2284 588 2313 ultimus
609 2284 690 2318 ordo,
716 2284 776 2314 Est
797 2284 893 2321 mala,
916 2285 968 2314 sed

207 2327 329 2357 cunctis
343 2327 403 2356 isca
418 2328 545 2356 terenda
561 2328 619 2357 via.

250 2378 280 2399 v-
295 2367 432 2399 17-22.
463 2368 596 2399 Diversa
610 2369 720 2399 mortis
741 2380 857 2410 genera
878 2370 972 2401 latius

208 2413 388 2454 exsequitur
405 2413 482 2443 Stat.
503 2412 578 2442 Silv.
608 2413 657 2443 ΙΙ.
688 2412 715 2443 l.
744 2413 809 2444 210
831 2424 914 2455 seqq.
941 2420 973 2445 et

208 2455 273 2493 alii,
289 2466 368 2498 quos
382 2455 422 2486 ad
437 2456 468 2486 h.
495 2454 517 2486 l.
544 2455 682 2486 laudavit
708 2457 756 2488 Cl.
784 2459 911 2489 Miteclz.
929 2475 974 2483 —

211 2499 280 2536 Qui
301 2499 334 2530 in
357 2499 440 2530 bello
462 2506 603 2539 pereunt,
628 2499 810 2531 sublimiore
835 2501 974 2542 imagine

208 2554 228 2574 a
255 2545 365 2575 Furiis
390 2544 488 2574 Marti
511 2544 683 2583 spectaculo
709 2545 778 2574 dari
804 2544 972 2583 dicuntur;

209 2587 328 2618 scilicet
342 2588 463 2623 Furiae,
479 2596 551 2627 quae
573 2586 605 2616 in
628 2586 744 2625 proeliis
767 2587 890 2625 adsunt,
912 2588 969 2630 (cf.

210 2630 325 2672 Virgil.
345 2630 422 2663 AEn.
446 2630 529 2661 VII.
555 2628 621 2660 324
643 2630 747 2670 seqq.)
770 2630 921 2672 instigant
942 2638 974 2662 et

208 2674 241 2704 in
258 2674 395 2705 furorem
409 2673 583 2716 conjiciunt
597 2681 783 2714 pugnantes,
812 2685 891 2714 quos
911 2675 972 2705 im-

209 2717 303 2753 mitis,
317 2717 373 2758 qui
387 2723 419 2749 et
432 2717 498 2757 ipse
512 2716 610 2753 adest,
631 2717 720 2748 Mars
739 2727 822 2747 saevo
837 2728 911 2748 cum
922 2719 971 2759 jo-

209 2770 247 2790 co
262 2761 340 2791 caedi
358 2761 450 2792 videt.
540 2763 675 2796 avidum,
689 2761 796 2791 omnia
806 2762 973 2792 absorbens

208 2810 241 2834 et
262 2803 449 2846 deglutiens.
538 2807 719 2841 densentur,
742 2812 972 2843 coacervantur,

209 2857 228 2876 a
242 2850 375 2883 densere.
391 2850 485 2880 verbo
500 2847 701 2879 Lucretiano.
790 2849 869 2879 null.
895 2860 973 2880 saeva

209 2901 275 2930 cap.
291 2894 434 2933 Proserp.
440 2893 540 2935 fugit.
549 2892 677 2923 *inversa
691 2890 880 2922 constructio
894 2902 967 2931 pro:

209 2933 334 2964 nullum
361 2942 456 2975 caput
479 2935 565 2977 fugit
587 2945 703 2966 κνοω
730 2934 970 2974 Proserpinam;

209 2976 240 3006 h.
273 2987 300 3007 e.
333 2979 441 3011 nullus
469 2979 573 3011 adhuc
608 2977 716 3020 capitis
751 2977 845 3010 crinis
881 2989 971 3010 saevae

1018 1061 1214 1101 Proserpinae
1229 1062 1376 1094 manibus
1384 1072 1416 1093 se
1427 1061 1600 1093 subducere
1613 1061 1724 1102 potuit.
1735 1079 1778 1087 —-
1803 1101 1805 1103 ‚
1820 1081 1827 1085 ‹

1018 1105 1140 1136 Datum
1156 1105 1306 1136 nimirum
1322 1113 1368 1137 est
1386 1106 1581 1145 Proserpinae
1600 1105 1634 1136 id
1648 1105 1776 1147 negotii,

1013 1155 1051 1179 ut
1064 1149 1159 1180 morti
1173 1149 1334 1180 destinatis
1348 1149 1466 1180 crinem
1481 1148 1522 1180 de
1532 1149 1646 1180 vertice
1656 1149 1778 1180 abscin-

1013 1192 1109 1223 deret.
1133 1193 1224 1234 Virg.
1245 1193 1322 1223 AEn.
1339 1193 1402 1224 VI.
1429 1192 1505 1224 698.
1553 1195 1709 1225 Nondum
1735 1195 1778 1224 illi

1003 1237 1134 1278 flavum
1150 1238 1335 1277 Proserpina
1357 1239 1467 1268 vertice
1487 1239 1606 1268 crinem
1632 1238 1778 1268 Abstule-

1012 1285 1072 1313 rat.
1115 1282 1279 1321 Stygioque
1315 1287 1410 1321 capue
1445 1283 1647 1311 damnaverat
1687 1281 1775 1312 Orco.

1016 1322 1140 1354 Scilicet
1160 1331 1198 1354 ut
1219 1322 1362 1360 victimae,
1386 1323 1456 1363 pilis
1477 1323 1511 1354 in
1537 1324 1640 1354 fronte
1662 1323 1779 1354 evulsis

1012 1372 1045 1397 et
1059 1366 1093 1396 in
1107 1367 1214 1408 ignem
1229 1367 1387 1407 conjectis,
1405 1367 1462 1410 (cf.
1480 1366 1579 1408 'Vin-g.
1606 1367 1683 1398 AEn.
1712 1366 1774 1397 VI.

1013 1408 1089 1440 245.
1115 1409 1200 1451 quod
1222 1409 1344 1450 proprie
1374 1411 1578 1454 κατάρχεσθαι
1601 1411 1778 1451 dicebatur)

1014 1454 1074 1485 diis
1089 1453 1220 1494 superis,
1243 1453 1287 1485 ita
1308 1454 1402 1484 morti
1428 1453 1584 1489 destinati,
1610 1454 1696 1485 crine
1722 1456 1778 1484 ab·

1015 1497 1118 1533 scisso,
1135 1504 1283 1538 tanquam
1299 1497 1443 1534 victimae,
1459 1497 1518 1528 diis
1539 1497 1648 1528 inferis
1668 1507 1779 1528 conse-

1015 1543 1191 1572 crabantur.
1210 1559 1253 1565 —
1278 1541 1424 1572 Eandem
1453 1542 1638 1572 sententiam
1662 1541 1780 1572 Noster

1014 1584 1088 1615 infr.
1117 1585 1179 1616 Sat.
1209 1584 1259 1615 ΙΙ.
1285 1584 1316 1615 6.
1347 1583 1398 1615 94.
1418 1584 1462 1615 ita
1485 1584 1632 1616 variavit:
1722 1596 1777 1616 ne·

1015 1639 1074 1670 que
1085 1630 1150 1660 ulla
1164 1635 1207 1660 est
1224 1630 1290 1660 Aut
1305 1640 1419 1669 mag-no
1433 1635 1491 1660 aut
1500 1640 1596 1669 parvo
1611 1629 1664 1660 leti
1675 1629 1776 1670 suga.

1016 1689 1058 1696 —
1073 1674 1129 1703 Me
1143 1683 1262 1713 quoque
1275 1678 1347 1702 cett.
1365 1682 1441 1713 ergo
1462 1682 1522 1713 ego
1543 1682 1669 1713 quoque
1691 1672 1777 1711 perii,

1013 1722 1045 1747 et
1073 1715 1201 1756 quidem
1233 1715 1407 1757 naufragio.
1500 1717 1616 1753 .Notus‚
1649 1717 1779 1755 rapidus

1014 1770 1110 1790 comes
1132 1761 1235 1790 deve-‘ri
1260 1760 1392 1796 Orionis,
1418 1765 1527 1789 ornate
1553 1769 1610 1799 pro
1633 1758 1775 1799 vulgari:

1013 1809 1188 1842 tempestas-
1221 1802 1306 1833 Nam
1321 1804 1382 1833 sub
1395 1812 1508 1833 occasu
1526 1802 1655 1833 Orionis
1670 1802 1780 1844 (Virg.

1016 1846 1093 1877 AEn.
1115 1846 1199 1877 vn.
1219 1845 1293 1876 719.
1341 1849 1446 1878 Saevus
1460 1848 1512 1878 ubi
1526 1847 1669 1877 hibernis·
1683 1847 1779 1878 Orion

1014 1891 1158 1922 conditur
1172 1890 1283 1928 undis)
1298 1889 1404 1920 furere
1418 1896 1450 1920 et
1463 1895 1679 1928 tempestatem
1698 1889 1780 1921 ciere

1014 1933 1116 1964 solent
1130 1933 1225 1964 venti.
1245 1932 1396 1975 (Hesiod.
1423 1934 1513 1977 ¹¹Egy.
1531 1931 1606 1964 621.
1639 1933 1690 1967 A»)
1711 1934 1779 1965 τότε
1832 1935 1836 1939 “

1013 1978 1154 2009 τινα-ὀίων
1170 1977 1279 2018 ἀνίμων
1294 1977 1409 2008 θύοντα
1423 1976 1544 2016 ἀῆται.)
1591 1976 1682 2008 Hinc
1707 1978 1779 2008 No-

1012 2027 1064 2052 tus
1080 2021 1156 2062 (quo
1171 2032 1236 2052 non
1250 2021 1365 2052 arbiter
1380 2022 1513 2052 Hadriae
1535 2020 1651 2061 Major,
1673 2021 1779 2053 tollere

1012 2076 1067 2096 seu
1080 2075 1195 2104 ponere
1208 2066 1274 2096 vult
1286 2065 1378 2107 freta
1393 2073 1478 2104 supr.
1499 2063 1527 2094 1.
1547 2063 1579 2095 3.
1607 2062 1678 2104 15.)
1700 2062 1778 2095 dici-

1013 2114 1066 2139 tur
1079 2119 1178 2140 comes
1203 2110 1322 2139 Orionis
1344 2109 1446 2139 devm·
1471 2109 1501 2138 h.
1528 2117 1558 2138 e·
1582 2107 1707 2139 occidui
1729 2107 1779 2138 vel

1009 2153 1112 2192 proni.
1129 2158 1165 2182 ut
1178 2151 1262 2181 infra
1279 2151 1349 2182 111.
1368 2149 1421 2181 27.
1442 2149 1491 2182 17.
1511 2151 1552 2181 ad
1574 2161 1720 2182 occasum
1743 2163 1778 2182 se

1014 2205 1146 2237 vergens
1173 2194 1275 2226 Orion
1297 2195 1481 2234 appellatur.
1498 2211 1543 2220 —
1556 2196 1656 2226 obruit
1682 2194 1773 2236 Virg-

1015 2239 1092 2270 AEn.
1121 2237 1183 2269 VI.
1203 2237 1279 2269 336.
1329 2239 1439 2269 Obruit
1465 2240 1591 2273 Auster.
1617 2250 1700 2280 aqua
1727 2241 1777 2270 in-

1012 2285 1132 2314 volvens
1146 2293 1318 2323 navemque
1334 2283 1480 2322 virosque.
1498 2299 1543 2306 —
1558 2283 1650 2314 undis
1671 2283 1778 2324 Illyri-

1014 2328 1068 2363 cis,
1084 2325 1230 2356 fluctibus
1245 2325 1340 2356 maris
1356 2324 1484 2365 lllyrici,
1501 2325 1534 2355 h.
1551 2335 1580 2356 e.
1609 2324 1773 2357 Adriatici.

1057 2380 1087 2400 v.
1106 2368 1245 2400 23-29,
1273 2380 1314 2400 ne
1336 2379 1430 2409 parce
1452 2370 1611 2409 malignus
1631 2381 1680 2400 ar.
1699 2375 1773 2400 cett.

1015 2413 1092 2450 noli,
1107 2422 1224 2454 quaeso,
1240 2419 1304 2443 tam
1326 2411 1468 2452 maligno
1489 2418 1521 2443 et
1545 2412 1720 2444 inhumano
1742 2413 1777 2444 in

1016 2467 1068 2488 me
1082 2467 1149 2488 esse
1163 2456 1280 2493 animo,
1297 2462 1333 2486 ut
1347 2465 1451 2496 operte
1465 2466 1581 2495 parcas,
1603 2456 1652 2487 vel
1666 2466 1776 2497 guave-

1017 2500 1070 2539 ris,
1086 2500 1272 2540 particulam
1286 2499 1363 2530 levis
1379 2499 1516 2539 pulveris
1531 2502 1702 2542 (ψαμάθων
1722 2501 1777 2540 μα’-

1018 2558 1071 2588 ριον
1085 2545 1189 2586 βραχὺ
1203 2542 1236 2573 in
1258 2542 1351 2574 simili
1374 2552 1407 2573 re
1428 2542 1514 2582 apud
1541 2542 1672 2575 Diodor.
1691 2543 1773 2574 zon.

1018 2588 1081 2627 Ep.
1104 2588 1169 2619 lx.
1188 2586 1219 2618 ⁹7.
1241 2587 1340 2618 Δηὼ.
1363 2587 1464 2617 Graec.
1481 2586 1520 2617 T.
1542 2586 1590 2618 11.
1609 2597 1680 2628 pag.
1701 2585 1776 2627 70.)

1016 2631 1182 2662 inhumato
1196 2641 1268 2662 meo
1289 2630 1409 2670 corpori
1435 2629 1582 2671 injicere;
1605 2640 1678 2660 nam
1700 2640 1776 2662 cum

1017 2681 1135 2706 veteres
1162 2680 1283 2706 teneret
1311 2673 1428 2713 opinio,
1459 2674 1597 2704 animam
1625 2673 1777 2714 insepulti

1017 2719 1155 2759 corporis
1177 2728 1242 2749 non
1264 2727 1355 2758 posse
1367 2716 1464 2758 quieti
1477 2716 1554 2752 dari,
1576 2716 1631 2748 sed
1645 2724 1775 2749 centum

1017 2773 1116 2793 annos
1131 2762 1213 2794 circa
1229 2762 1358 2802 Stygem
1373 2759 1422 2791 vel
1436 2759 1519 2791 circa
1532 2770 1647 2800 corpus
1660 2770 1773 2798 errare,

1017 2806 1098 2836 nihil
1129 2804 1287 2836 inhumati
1316 2803 1452 2844 corporis
1476 2809 1558 2835 sorte
1583 2802 1715 2845 eogitari
1736 2804 1775 2835 iis

1016 2850 1119 2889 potuit
1132 2850 1275 2880 atrocius.
1313 2848 1396 2879 Haec
1409 2846 1557 2888 cogitatio
1570 2846 1683 2878 misere
1695 2857 1775 2888 quo-

1017 2903 1079 2933 que
1094 2893 1251 2924 cruciabat
1272 2891 1441 2928 Ariadnen,
1454 2901 1483 2921 ,ι
1504 2891 1628 2922 Theseo
1652 2891 1686 2922 iu
1707 2891 1775 2922 sola

1014 2936 1118 2967 insula
1146 2937 1240 2968 Naxo
1264 2934 1454 2972 derelictam,
1481 2934 1560 2966 dum
1585 2934 1661 2966 dicit
1679 2933 1772 2975 ‚apud

1019 2980 1135 3012 Catull.
1155 2980 1290 3012 LXIV.
1312 2977 1384 3011 153.
1408 2989 1509 3021 neque
1523 2978 1637 3021 injecta
1663 2985 1773 3011 tunm-
