1904 3250
129 235 262 266 canu.
282 224 425 273 xx1v.]

244 346 469 390 Caementis
488 344 586 386 licet
605 358 783 400 occupes

720 216 1060 260 CARMINA.

1602 214 1676 253 181

358 413 628 471 Tyrrhenum
647 427 771 454 omne
792 413 874 454 tuis
894 420 937 453 et
956 425 1071 453 mare
1093 409 1334 465 Apulicum,

186 488 213 526 5
245 484 292 527 Si
309 483 402 542 figit
421 481 708 524 adamantinos

361 554 543 597 Summis
564 552 786 595 verticibus
806 552 900 594 dira

246 627 411 678 Clavos‚
432 642 518 668 non
539 627 723 667 animum
743 633 858 667 metu

922 551 1156 594 Necessitas

361 695 460 737 Non
483 694 637 736 Mortis
657 693 816 751 laqueis
836 692 1033 749 expedies
1053 699 1190 747 caput.

247 768 511 824 Campestres
532 765 679 808 melius
703 765 885 823 Scythae,

363 838 556 888 Quorum
576 837 764 894 plaustra
783 850 908 895 vagas

249 911 418 961 Vivum,
440 918 482 952 et
501 909 625 967 rigidi
648 909 793 952 Getae:

164 842 215 881 10

928 838 1007 879 rite
1027 836 1200 878 trahunt
1219 836 1380 886 domos,

365 979 568 1026 Inmetata
588 976 738 1035 quibus
752 979 904 1036 jugera
922 977 1074 1019 liberas

121 1145 217 1186 farre
235 1145 284 1184 pio
297 1150 325 1174 et
340 1144 464 1175 saliente
477 1145 567 1178 mica,
584 1141 684 1184 (mola
704 1142 798 1186 salsa)
822 1154 886 1174 non

132 1188 270 1219 blandior
283 1186 480 1229 (neutiquam
494 1185 554 1216 diis
567 1186 692 1226 gratior,
707 1187 751 1217 ιε’.
769 1186 884 1216 immu-

134 1230 184 1260 nis
196 1229 323 1270 manus)
338 1236 494 1262 cumcuma
515 1231 610 1260 hostia
631 1228 743 1266 oblata,
768 1229 808 1271 (si
830 1239 887 1269 pro

132 1273 214 1304 farre
233 1272 288 1315 pio
309 1279 341 1303 et
360 1271 488 1303 saliente
509 1272 589 1302 mica
610 1271 714 1303 oblata
733 1279 780 1303 est
800 1283 886 1303 sum·

133 1323 225 1347 tuoea
238 1315 362 1356 hostia).
388 1316 512 1347 ‘Sensus
525 1315 640 1356 igitur:
670 1315 736 1352 Qui
758 1326 836 1354 pura
856 1322 889 1347 et

136 1359 257 1400 integra
271 1365 376 1390 mente
389 1358 429 1389 ad
443 1368 528 1389 aram
543 1358 671 1396 accedit,
687 1359 714 1389 is
734 1359 815 1390 farre
836 1360 889 1399 pio

134 1408 167 1434 et
190 1402 317 1434 saliente
337 1402 419 1432 mica
439 1412 528 1442 teque
549 1412 586 1432 ac
607 1408 769 1434 sumtuosa
787 1403 889 1434 hostia

136 1447 248 1488 (parvo
259 1455 390 1476 munere
403 1455 491 1486 aeque
505 1454 542 1475 ac
555 1445 686 1486 magno)
702 1445 795 1476 iratos
816 1446 891 1477 deos

129 1489 246 1530 placat.
281 1489 429 1520 Ceterum
444 1488 574 1518 eandem
590 1489 774 1519 sententiam
793 1489 886 1520 Ovid.

133 1531 285 1565 ex-Pont.
306 1531 367 1563 lv.
383 1531 416 1562 8.
434 1531 488 1568 39,
504 1530 556 1562 40.
583 1532 627 1563 sic
647 1533 780 1563 extulit:
809 1535 888 1571 Nec,

136 1587 209 1618 que
234 1577 272 1607 de
301 1586 402 1616 parua
432 1573 495 1606 Dis
523 1586 645 1616 pauper·
671 1577 744 1607 libat
772 1588 890 1614 acerra,

140 1620 231 1652 stra
244 1621 360 1657 nam
373 1621 488 1659 grandi
508 1630 604 1660 quam
624 1621 698 1650 data
718 1622 815 1657 lance,
838 1632 890 1652 va-

328 1748 538 1780 CARMEN
561 1749 700 1780 XXIV.

184 1833 227 1866 In
239 1834 421 1866 effrenatam
435 1835 583 1866 ditiorum
596 1835 752 1866 licentiam
768 1842 800 1866 et
821 1836 891 1867 lux-

140 1886 211 1915 um,
232 1883 381 1919 tauquam
405 1888 531 1909 misam
558 1878 659 1909 omnis
680 1889 803 1909 morum
824 1889 892 1910 cor-

117 1920 122 1925 ’
141 1919 283 1960 ruptelae,
301 1930 376 1961 qua
397 1927 468 1951 tum
497 1922 658 1952 Romanos
678 1929 892 1961 occupaverat,

140 1964 275 2005 graviter
289 1963 455 1994 invehitur.
503 1964 676 2005 Postquam
692 1965 788 2005 igitur
808 1965 893 2000 com,-

139 2016 271 2039 munem
284 2007 437 2038 moriendi
458 2007 671 2038 necessitatem
691 2004 894 2047 opuleniiori-

139 2051 201 2082 bu
219 2055 294 2081 ante
312 2049 422 2081 oeulos
440 2050 554 2090 posuit,
575 2058 608 2082 et
630 2051 760 2091 Scythas
783 2051 893 2082 Getas-

134 2101 214 2135 que,
249 2099 313 2124 tam
348 2092 446 2124 libero
474 2094 590 2135 ubique
618 2104 765 2135 agrorum
793 2095 894 2132 cultu,

137 2185 229 2219 ‚m
251 2146 509 2211 fflm‘fe‘ffiiss'
510 2138 628 2211 51¹⁰?ss
640 2144 895 2218 mgnum:

141 2231 309 2265 quemque,
323 2223 379 2264 qui
392 2230 541 2254 aeternam
555 2223 595 2254 de
608 2224 708 2264 patria
727 2226 767 2255 ab
787 2225 894 2255 interi-

141 2272 180 2300 tu
195 2272 317 2302 ‚su-vata
339 2266 425 2306 apud
448 2274 586 2307 posteros
606 2268 665 2299 sibi
689 2278 795 2307 parare
820 2269 896 2299 velit

137 2307 282 2354 gloriam.
297 2309 458 2345 indomitae
471 2310 649 2342 divitiarum
663 2309 825 2351 cupiditati
846 2312 896 2342 in-

142 2351 252 2392 primis
259 2352 395 2384 modum
410 2363 525 2392 ponere
533 2354 632 2395 jubet.
680 2355 755 2391 Qua
768 2355 896 2396 quidem

137 2393 288 2429 funditus
300 2396 467 2436 exstirpata
479 2397 682 2437 popularibus
702 2397 767 2429 suis
788 2405 898 2430 auctor

141 2438 266 2477 ‚eximin
280 2445 318 2471 ut
340 2450 452 2479 pueros
479 2450 562 2478 suos,
589 2441 716 2482 ignavia
742 2448 774 2472 et
801 2442 898 2472 animi

81 2493 86 2505 ¹
142 2481 368 2520 mollitiaenunc
378 2483 564 2521 diffluentes,
575 2485 778 2517 severioribus
787 2485 899 2517 studiss

140 2524 362 2562 ahefieiant.

143 2577 151 2613 ζ
180 2578 220 2612 w
246 2566 340 2602 1-38·
365 2572 499 2603 Intactis
519 2573 601 2612 apul.
634 2578 705 2603 oett.
741 2573 898 2603 Ornatum

146 2610 284 2654 ’nimia
296 2613 476 2650 sententiae:
504 2619 526 2634 “
544 2615 633 2646 Licet
653 2616 694 2646 sis
716 2615 897 2653 ditissimus,

149 2661 279 2686 mortem
298 2662 402 2688 tamen
423 2657 561 2699 effugere
581 2668 646 2689 non
666 2659 800 2699 potes;’'
824 2660 898 2690 tiro-

119 2699 122 2702 ’
146 2699 407 2747 uqaeexpendant.
449 2701 564 2732 Mortis
582 2707 689 2735 autem
710 2712 898 2740 commemo·
941 2702 960 2733 f

153 2746 269 2776 mna
281 2743 392 2782 sepius
407 2744 522 2774 Noster
535 2744 712 2776 divitiarum
729 2745 860 2786 cupidos
880 2757 900 2776 a

147 2782 280 2817 ultim
291 2795 349 2818 sua
361 2786 514 2818 detenere
525 2787 647 2819 studuit
658 2800 669 2826 ;
689 2790 731 2820 cf.
754 2799 838 2829 supr.
866 2789 894 2829 L

151 2821 185 2856 4.
210 2823 268 2858 13»
290 2827 340 2860 11.
366 2827 483 2862 1817
503 2841 586 2872 seqq.
614 2831 684 2863 111.
711 2831 739 2863 l.
768 2832 790 2863 9
811 2843 893 2874 seqq.

151 2869 344 2908 -Imctis,
358 2873 499 2905 noudum
513 2875 688 2912 attrectatis,
703 2876 832 2917 integris
844 2876 899 2907 ad-
920 2904 922 2906 ,

154 2910 218 2943 huc
227 2912 370 2960 &frustm
375 2916 466 2965 ι9111111
479 2917 538 2957 ipsi
555 2918 691 2950 Romani
706 2919 774 2960 jam
787 2920 900 2959 saepius

160 2954 285 2985 Araban
299 2955 409 2988 Felicis
421 2960 570 2990 thesauris
583 2969 614 2991 et
627 2971 731 2993 rerum
753 2963 900 3002 pretiosa-

157 3006 227 3029 111111
242 3005 339 3038 oopus
350 3010 460 3033 naum
480 3002 604 3047 injicere
624 3011 833 3045 tentaverant3
857 3005 896 3036 cf.

884 3059 921 3090 M

929 1151 1014 1182 supr.
1034 1142 1061 1174 Ι.
1081 1141 1133 1173 29.
1177 1140 1340 1181 Propertio
1354 1150 1479 1182 quoque
1501 1140 1550 1171 11.
1575 1140 1607 1171 8.
1627 1139 1684 1173 20,

928 1187 1045 1217 intacta
1060 1185 1175 1216 dicitur
1196 1184 1312 1216 Arabia
1334 1186 1501 1221 ‹sa-mentis,
1519 1185 1610 1224 jactis
1630 1185 1687 1214 vil-

929 1228 1029 1259 larum
1045 1229 1236 1260 marinarum
1251 1238 1307 1268 per
1328 1234 1481 1258 caetnenta
1502 1227 1688 1258 fundamen-

928 1272 994 1310 ties
1010 1272 1051 1303 cs.
1069 1282 1153 1312 supr.
1179 1271 1251 1303 III.
1281 1270 1308 1302 l.
1333 1270 1387 1302 35.
1481 1273 1688 1312 Tyrrhenum,

930 1325 1016 1346 mare
1040 1315 1200 1353 iuferum;
1286 1317 1469 1356 Apulicum,
1491 1325 1576 1345 mare
1598 1325 1689 1354 supe-

930 1368 1012 1389 rum.
1102 1361 1135 1391 Sa·
1143 1361 1222 1403 figit
1241 1361 1462 1390 adamantinos
1484 1364 1554 1388 cett.
1581 1358 1689 1398 vulga-

930 1411 997 1433 rem
1013 1403 1198 1434 sententiam
1211 1415 1219 1433 :
1247 1407 1269 1422 ⁴⁴
1285 1403 1310 1433 si
1324 1401 1472 1432 violentia
1486 1412 1543 1432 sua
1557 1408 1588 1432 te
1602 1401 1689 1432 inva-

933 1444 979 1475 dit
1003 1445 1070 1476 dira
1096 1446 1281 1481 Necessitas,
1304 1445 1388 1476 haud
1411 1445 1439 1475 ei
1463 1450 1494 1475 te
1518 1444 1691 1475 subducere

932 1490 1057 1528 poteris,
1072 1490 1104 1520 11.
1123 1500 1150 1520 e.
1169 1489 1194 1519 si
1209 1499 1308 1520 annos
1322 1500 1342 1520 a
1357 1489 1437 1520 Fato
1451 1487 1507 1518 tibi
1523 1487 1691 1519 destinatos

933 1532 1113 1572 expleveris.
1129 1533 1328 1564 moriendum
1351 1532 1407 1563 tibi
1428 1531 1488 1562 erit
1497 1531 1530 1568 ;‘'
1554 1531 1691 1570 splendi-

934 1574 975 1606 de
988 1576 1149 1607 exornavit
1170 1583 1269 1615 poeta.
1315 1575 1387 1608 Dea
1409 1577 1594 1609 Necessitas.
1617 1575 1647 1604 11.
1661 1586 1689 1604 e.

935 1620 1067 1656 Fatum,
1089 1621 1236 1660 Ἀνάγκη,
1253 1622 1355 1663 Maipa,
1428 1620 1528 1650 clavos
1541 1620 1691 1649 adaman-

933 1665 1012 1694 tinas
1034 1663 1064 1693 11.
1079 1672 1108 1693 e.
1133 1663 1326 1694 firmissimos
1344 1662 1621 1702 validissimosque,
1644 1662 1692 1692 vel

934 1707 1064 1738 trabales
1079 1708 1132 1748 (ut
1143 1717 1228 1746 supr.
1240 1707 1268 1738 1.
1283 1706 1336 1738 35.
1354 1705 1403 1737 18.
1418 1706 1583 1745 vocantur)
1596 1715 1693 1736 manu

934 1757 1065 1790 gestare,
1095 1760 1211 1791 eosque
1239 1752 1332 1781 rebus
1359 1749 1410 1780 vel
1438 1749 1586 1789 personis,
1616 1759 1694 1789 quas

936 1793 1064 1824 domare
1095 1793 1145 1823 vel
1172 1794 1317 1832 potestati
1345 1804 1411 1824 suae
1439 1792 1590 1832 subjicere
1615 1792 1692 1829 vult,

934 1835 1065 1876 infigere
1092 1835 1232 1878 fingitur.
1282 1838 1366 1868 Cum
1400 1835 1449 1866 his
1475 1835 1571 1866 clavis
1597 1835 1695 1876 igitur

934 1881 1109 1911 Necessitas
1124 1886 1251 1920 apparet
1264 1880 1350 1920 apud
1362 1879 1474 1911 divites
1486 1879 1579 1909 morti
1599 1878 1694 1909 desti-

935 1929 1033 1958 1111ωῆ
1050 1922 1182 1964 fixisque
1195 1923 1259 1954 illis
1271 1925 1306 1954 111
1319 1923 1451 1955 summis
1471 1932 1582 1953 eorum
1603 1926 1694 1952 verti-

936 1965 1026 1996 cibus
1038 1966 1118 1996 mori
1132 1977 1185 1997 eos
1206 1967 1328 2008 adigit3
1390 1968 1624 2002 adamantinos,
1647 1976 1695 1996 res

934 2007 1085 2040 dicuntur
1106 2012 1327 2045 adamantinae,
1353 2019 1424 2050 quae
1445 2016 1520 2039 sunt
1540 2008 1695 2051 inexpug-

936 2052 1049 2082 nabilis
1062 2052 1225 2091 firmitatis,
1240 2060 1277 2083 ut
1291 2063 1376 2093 supr.
1396 2053 1424 2084 Ι.
1450 2052 1481 2083 6.
1511 2051 1559 2083 13.
1585 2055 1693 2084 tunica

936 2097 1143 2127 adamantina
1153 2112 1165 2133 ;
1246 2107 1360 2128 summ.
1374 2103 1635 2128 vert—summus
1650 2103 1696 2127 est

936 2138 1094 2177 epitheton
1116 2149 1242 2178 ornans,
1271 2139 1351 2170 1111111
1374 2139 1520 2180 amplius.
1609 2148 1695 2172 metu

937 2191 978 2212 sc.
997 2182 1115 2213 mortis.

981 2235 1009 2256 v.
1027 2225 1144 2256 9-16.
1163 2226 1273 2258 Multo
1286 2225 1455 2258 feliciorem
1470 2226 1504 2256 in
1518 2226 1636 2266 campis
1651 2226 1695 2256 vi.

937 2274 1001 2299 tam
1017 2268 1125 2300 vivunt
1141 2269 1263 2310 Scythae
1276 2276 1309 2301 et
1325 2271 1426 2307 Getae‚
1441 2269 1519 2301 dum
1534 2270 1695 2301 communi

938 2322 1085 2352 agrorum
1113 2313 1202 2343 cultu
1231 2314 1369 2345 contenti
1401 2314 1488 2344 haud
1521 2313 1604 2344 curis
1633 2313 1695 2342 illis

938 2362 970 2385 et
991 2355 1224 2395 cupiditatibus,
1249 2357 1365 2398 quibus
1383 2356 1503 2394 divites,
1529 2358 1696 2398 agitantur.

939 2416 983 2424 —
996 2401 1106 2431 melius
1120 2400 1150 2430 11.
1170 2411 1197 2430 e.
1214 2400 1392 2440 sapientius,
1415 2407 1453 2431 ut
1473 2411 1557 2440 supr.
1585 2401 1612 2431 Ι.
1642 2398 1689 2429 10.

943 2441 971 2472 l·
989 2445 1102 2474 rectius
1116 2445 1222 2476 vivere.
1316 2446 1456 2479 Quorum
1469 2446 1611 2484 plaustra
1626 2455 1691 2483 vag.

939 2487 998 2517 rite
1011 2489 1091 2518 trah.
1109 2490 1191 2518 dom.
1225 2487 1343 2519 Justin.
1365 2488 1414 2518 11.
1436 2486 1464 2518 l.
1488 2488 1527 2517 de
1552 2486 1692 2525 Scythis:

936 2531 1058 2561 ,Ua-ores
1071 2532 1235 2572 liberosque
1248 2542 1350 2563 secum
1364 2533 1398 2562 in
1408 2533 1557 2571 plaustris
1571 2532 1694 2563 vehunt,

941 2575 1062 2614 quibus,
1077 2576 1166 2605 coriis
1180 2576 1327 2606 imbrium
1341 2577 1507 2615 hiemisque
1521 2586 1553 2604 cn
1559 2584 1614 2603 usa
1635 2579 1695 2603 lec-

941 2619 990 2653 tis,
1003 2628 1060 2658 pro
1075 2620 1211 2649 domibus
1233 2624 1379 2650 utuntur.
1400 2618 1485 2648 unde
1506 2617 1552 2647 illi
1578 2616 1696 2646 Graecis

940 2659 1016 2690 dicti
1040 2667 1115 2691 sunt
1139 2662 1299 2701 ἅμὶξοικοι,
1325 2663 1483 2701 ἁμαξὲβωι.
1571 2661 1637 2695 rite,
1659 2664 1697 2689 ut

956 2710 1002 2734 ert
1030 2714 1138 2734 eorum
1166 2715 1235 2736 mos
1262 2712 1295 2735 et
1318 2705 1390 2734 vitae
1418 2704 1504 2733 ratio.
1593 2703 1697 2742 rigidi,

941 2746 1060 2778 duriori
1081 2748 1152 2778 vitae
1173 2748 1303 2785 adsueti,
1326 2756 1362 2779 ut
1376 2747 1448 2776 infr.
1468 2745 1568 2784 Epist.
1589 2745 1639 2776 11.
1662 2743 1691 2776 l.

940 2788 994 2820 25.
1025 2792 1118 2830 rigida·
1142 2793 1258 2824 Sabini.
1305 2792 1451 2822 Ceterum
1476 2788 1516 2818 de
1543 2788 1696 2824 Getarum

941 2833 1013 2863 vitae
1020 2833 1217 2874 simplicitate
1227 2842 1258 2866 et
1266 2833 1443 2874 frugalitate
1454 2830 1584 2862 laudant
1596 2831 1697 2873 Strdp.

943 2876 1027 2908 v11.
1046 2888 1076 2917 p.
1094 2877 1169 2909 302.
1250 2881 1396 2909 inmetata
1407 2875 1536 2914 jugera,
1552 2874 1695 2907 vivebant

940 2919 1039 2961 igitur
1063 2921 1186 2961 Scythae
1209 2929 1239 2951 et
1265 2921 1354 2951 Getae
1376 2926 1411 2948 ut
1432 2917 1574 2950 homines
1592 2929 1695 2951 auteae

943 2964 1051 3000 aetatis,
1067 2974 1139 3003 qua,
1155 2971 1193 2994 ut
1215 2963 1331 2995 Tibull.
1359 2962 1387 2992 1.
1412 2960 1444 2992 3.
1469 2960 1521 2992 43
1547 2962 1694 3002 loquitur,

944 3006 1051 3038 nullus
1066 3007 1167 3039 adhuc
1189 3006 1266 3047 lapis
1289 3006 1320 3036 in
1343 3005 1424 3047 agris
1444 3004 1526 3038 fixus
1546 3005 1617 3044 fuit,
1640 3007 1694 3048 qui

939 3059 960 3090 3
