1904 3250
234 171 321 216 476

880 172 1190 216 HORATII

1653 180 1763 229 [mn.
1786 190 1821 219 1.

354 301 537 358 Smyrna
557 300 673 356 quid,
697 306 740 340 et
763 297 1022 354 Colophon?
1051 301 1212 355 majora
1232 301 1446 344 minorave
1466 300 1609 343 fama?

353 370 573 412 Cunctane
593 384 684 424 prae
705 383 857 424 campo
877 376 921 410 et
941 367 1149 410 Tiberino
1169 368 1344 412 flumine
1365 371 1569 414 sordent?

292 446 318 483 5
351 443 422 484 An
444 442 558 484 venit
577 442 620 482 in
641 450 787 483 votum
809 440 1004 483 Attalicis
1024 456 1079 482 ex
1099 441 1276 483 urbibus
1295 442 1411 485 una?

351 512 422 554 An
444 511 668 553 Lebedum
687 511 851 563 laudas,
873 511 974 553 odio
994 512 1124 554 maris
1145 519 1272 569 atque
1291 513 1486 556 viarum?

352 584 457 634 Scis,
482 583 682 626 Lebedus
703 584 807 642 quid
827 584 907 635 sit3
940 584 1091 626 Gabiis
1110 583 1320 627 desertior
1340 593 1467 643 atque

351 657 522 698 Fidenis
543 658 684 708 vicus;
716 666 859 700 tamen
879 657 966 700 illic
986 658 1128 700 vivere
1147 658 1316 710 vellem,

350 728 605 787 Oblitusque
625 745 820 773 meorum
840 730 1155 773 obliviscendus
1176 739 1219 773 et
1238 731 1334 783 illis,

267 805 317 843 10

350 801 600 858 Neptunum
621 803 771 859 procul
792 819 816 845 e
837 810 951 846 terra
974 812 1166 860 spectare
1185 803 1408 846 fluentem.

350 874 434 918 Sed
455 891 594 932 neque
614 877 687 933 qui
711 876 861 932 Capua
883 877 1066 918 Romam
1086 878 1205 933 petit,
1227 877 1363 919 imbre
1383 877 1556 934 lutoque

348 948 575 1003 Aspersus,
599 948 711 990 volet
731 949 775 990 in
796 964 989 1005 caupona
1010 950 1150 992 vivere
1162 966 1174 1000 3
1205 965 1298 1002 nec,
1321 951 1393 1007 qui

349 1021 502 1079 Frigus
523 1021 706 1080 collegit,
728 1021 876 1064 furnos
897 1030 939 1064 et
958 1022 1111 1064 balnea
1130 1022 1288 1074 laudat,

349 1091 412 1134 Ut
432 1091 689 1134 fortunatam
709 1092 834 1149 plene
855 1095 1101 1148 praestantia
1120 1093 1262 1135 vitam.

264 1164 314 1202 15

348 1160 453 1212 Nec,
477 1162 512 1202 si
533 1169 574 1203 te
595 1162 758 1203 validus
774 1163 997 1218 jactaverit
1018 1162 1178 1226 auster
1197 1163 1241 1204 in
1262 1162 1361 1213 alto,

347 1234 516 1276 Idcirco
536 1250 687 1276 navem
707 1242 824 1276 trans
847 1234 1050 1293 AEgaeum
1070 1250 1187 1277 mare
1207 1235 1379 1277 vendas.

348 1303 557 1345 Incolumi
581 1302 761 1347 Rhodos
783 1312 824 1345 et
847 1303 1055 1361 Mitylene
1076 1304 1258 1360 pulchra
1277 1304 1389 1356 facit,
1407 1305 1523 1362 quod

348 1372 513 1414 Penula
533 1372 725 1423 solstitio,
747 1382 983 1429 campestre
1004 1373 1213 1415 nivalibus
1235 1374 1362 1424 auris,

347 1443 432 1485 Per
451 1444 647 1485 brumam
669 1443 852 1494 Tiberis,
879 1443 1029 1486 Sextili
1050 1459 1193 1485 mense
1215 1445 1416 1486 caminus.

257 1517 312 1555 20
344 1512 465 1554 Dum
485 1513 596 1564 licet,
618 1521 662 1554 et
681 1512 846 1555 vultum
866 1520 1006 1555 servat
1029 1511 1218 1554 Fortuna
1237 1512 1484 1571 benignum,

225 1628 334 1660 dentia
357 1635 391 1660 et
414 1629 536 1661 ratione
566 1628 643 1669 pelli
667 1640 768 1670 posse,
795 1629 899 1661 amico
929 1640 998 1667 suo,

228 1672 382 1711 Bullatio,
408 1673 521 1704 Asiam
536 1679 568 1704 et
593 1673 752 1704 Graeciam
767 1683 918 1705 curarum
931 1673 998 1705 abi-

224 1716 403 1765 gendamm
417 1727 513 1748 031153
527 1717 716 1758 peragranti,
735 1718 851 1748 scribit.

267 1771 296 1790 v.
317 1758 413 1791 1-4.
446 1762 540 1797 Quid,
566 1761 732 1802 cujusnam
758 1761 861 1800 pretii,
885 1760 997 1802 qualis.

223 1823 268 1847 .—
285 1806 382 1841 Chios,
398 1805 524 1842 Lesbos,
548 1807 666 1840 Samos,
690 1803 805 1835 insulae
823 1805 920 1835 1113115
936 1804 999 1834 AE-

223 1847 305 1889 gaei;
329 1848 470 1879 Lesbum
494 1854 586 1879 vocat
611 1854 731 1884 notam,
756 1858 821 1878 non
845 1854 910 1878 tam
933 1846 1000 1878 vini

224 1891 458 1932 praestantioris,
473 1891 560 1931 quod
574 1891 619 1922 ibi
634 1891 775 1923 nascitur
790 1892 890 1933 (conf.
903 1901 1000 1931 supra

223 1935 263 1976 ad
282 1934 346 1966 od.
367 1934 396 1965 Ι.
418 1933 468 1965 19.
488 1933 572 1976 21.),
588 1945 686 1976 quam
710 1935 857 1975 Sapphus
879 1941 912 1965 et
936 1935 996 1966 Al-

224 1978 282 2009 caei
296 1978 341 2008 ibi
356 1985 513 2017 natorum,
536 1986 574 2009 ut
587 1978 722 2016 videtur,
736 1978 858 2010 ratione
878 1979 994 2010 habita.

223 2040 268 2047 —
277 2024 393 2060 Samos,
409 2024 485 2053 urbs
499 2022 644 2062 princeps
656 2022 781 2059 insulae,
793 2022 909 2053 dieitur
922 2034 997 2054 con-

222 2067 329 2103 cinna,
345 2065 413 2097 sine
434 2066 533 2097 dubio
549 2067 591 2097 ob
605 2065 812 2097 aedificiorum
834 2065 997 2097 concinni-

222 2115 319 2139 tatem
342 2116 375 2140 et
401 2109 478 2140 alias
498 2110 596 2151 hujus
617 2109 704 2140 urbis
728 2110 995 2150 opportunitates;

224 2163 299 2183 nos:
319 2154 463 2191 niedliclz,
479 2160 555 2185 nece.
628 2155 745 2191 Sardis,
761 2154 837 2185 urbs
851 2153 998 2194 princeps

226 2196 255 2227 L
278 2196 348 2227 diae.

255 2207 296 2270 yv.
313 2239 345 2270 3.
365 2243 511 2282 Smyrna,
530 2240 632 2271 Ioniae
646 2242 722 2271 urbs
736 2240 914 2279 maritima3
939 2243 996 2273 Co-

222 2285 343 2324 lophon,
370 2286 447 2315 urbs
477 2283 578 2315 Ioniae
604 2284 784 2315 clarissima.
875 2284 997 2325 majora

223 2329 383 2359 minorave
385 2328 510 2369 soma?
523 2326 680 2358 numillae
689 2329 782 2359 urbes
792 2327 922 2365 famam,
933 2338 997 2368 qua

222 2371 431 2410 celebrantur,
454 2378 614 2412 superant,
629 2381 673 2402 an
687 2372 794 2402 minus
815 2371 845 2402 ei
867 2382 996 2412 respon-

223 2413 323 2445 dent?

268 2468 297 2488 v.
325 2457 357 2488 4.
391 2469 510 2500 campo,
540 2458 608 2490 scil.
641 2457 771 2490 Martio.
861 2460 994 2496 sordent,

223 2500 401 2541 displicent.

267 2555 295 2575 v.
314 2544 346 2576 5.
365 2548 423 2578 Αη
443 2547 525 2578 venit
551 2547 587 2577 in
612 2552 671 2577 vot.
689 2546 758 2577 Aet.
777 2557 813 2577 ez·
834 2547 903 2577 urb.
921 2557 995 2582 un„

222 2598 265 2619 311
279 2588 313 2618 111
330 2599 394 2620 11113
405 2588 534 2620 urbium
546 2588 757 2620 Attalicarum
772 2589 874 2619 vivere
885 2594 974 2629 optas
983 2589 997 2618 ?

225 2631 281 2662 Ad
296 2634 389 2664 urbes
403 2632 582 2669 nobiliores,
604 2632 719 2673 quibus
740 2632 912 2673 imperabat
930 2634 991 2663 At-

222 2675 316 2713 talus,
333 2686 388 2706 rex
406 2676 565 2718 Pergami,
581 2683 694 2715 praeoer
710 2678 906 2716 Pergamum
922 2686 993 2716 per·

222 2718 325 2751 tinent
335 2722 490 2762 Myndus,
503 2721 679 2761 Apollonia,
698 2721 823 2756 Tralles,
842 2721 992 2761 Thyatira

222 2769 295 2793 cett.

266 2817 294 2837 v.
313 2806 344 2838 6.
364 2809 536 2845 Lebedum,
552 2806 653 2838 Ioniae
667 2807 779 2837 urbem
793 2806 992 2837 maritimam.

222 2867 265 2874 —
275 2852 340 2882 odio
353 2853 450 2882 maris
464 2858 559 2892 atque
572 2852 708 2888 viarum,
725 2849 885 2880 simillime
899 2860 995 2889 supra

225 2894 289 2924 Od.
311 2894 360 2925 11.
379 2894 410 2925 6.
430 2893 449 2925 7
478 2894 626 2926 itinerum
642 2893 874 2925 maritimorum
890 2901 921 2924 et
934 2904 990 2933 pe-

221 2936 375 2968 destrium
401 2918 553 2998 peri‘aesus
579 2937 695 2970 dicitur
719 2939 817 2970 lassus
844 2939 941 2970 maris
963 2943 991 2969 et

222 2991 353 3013 marum.

453 3149 467 3250 J

1085 1638 1114 1659 v.
1130 1627 1161 1659 7.
1176 1631 1250 1667 Scis,
1266 1630 1411 1662 Lebedus
1422 1631 1500 1671 quid
1509 1631 1558 1664 sie,
1571 1639 1659 1661 1111110
1672 1629 1814 1671 quiden,

1043 1681 1118 1702 113111
1145 1672 1223 1703 olim
1247 1674 1392 1705 Lebedus
1417 1674 1494 1704 urbs
1515 1672 1578 1704 fuit
1601 1673 1813 1712 celeberrima,

1043 1715 1099 1746 sed
1114 1715 1190 1746 inde
1211 1727 1230 1746 a
1253 1716 1455 1757 Lysimacho,
1480 1716 1537 1758 qui
1557 1726 1628 1748 eam
1650 1718 1761 1749 evertit
1782 1725 1815 1750 et

1043 1758 1164 1789 incolas
1198 1759 1267 1801 ejus
1295 1759 1429 1791 deduxit
1466 1759 1643 1799 Ephesum,
1672 1761 1813 1801 dmm

1043 1802 1119 1834 hinc
1133 1809 1263 1834 vocatur
1277 1806 1362 1835 m'cus
1376 1805 1532 1840 desertior,
1556 1804 1614 1846 (sc.
1632 1805 1672 1835 311
1689 1804 1826 1844 ineolis„

1041 1845 1297 1888 infrequentior,)
1329 1848 1433 1879 Gabiis
1458 1848 1570 1890 (parvo
1594 1847 1712 1888 oppido
1732 1849 1815 1880 inter

1045 1889 1184 1920 Romam
1200 1896 1231 1922 et
1250 1890 1424 1932 Praenaete)
1439 1896 1533 1933 atque
1542 1892 1685 1930 Fidenis,
1696 1891 1815 1932 oppido

1044 1933 1246 1965 Sabinorum.

1085 1987 1114 2007 v.
1136 1975 1187 2008 10.
1207 1980 1305 2019 Νερι.
1318 1989 1372 2019 pr.
1389 1989 1406 2010 e
1419 1983 1503 2009 term
1523 1984 1616 2019 spect.
1629 1979 1811 2021 fiarerue'm,

1039 2038 1086 2044 —
1101 2022 1277 2053 Lambinus
1305 2021 1498 2062 comparavit
1524 2021 1667 2053 Lucretii
1694 2022 1813 2063 primos

1040 2074 1149 2095 versus
1164 2065 1237 2096 Lib.
1259 2065 1327 2097 Sec.
1360 2068 1472 2103 Suave,
1499 2067 1583 2097 mari
1603 2077 1719 2106 magno
1741 2073 1810 2098 tur·

1039 2109 1184 2140 bantibus
1209 2120 1336 2151 aequora
1356 2111 1464 2146 ventis,
1489 2110 1524 2141 E
1546 2115 1631 2141 terra
1655 2120 1812 2150 magnum

1039 2152 1171 2184 alterius
1183 2159 1319 2194 spectare
1332 2154 1478 2185 laborem.

1083 2205 1112 2226 v.
1130 2194 1167 2226 ll
1192 2206 1275 2238 seqq.
1303 2196 1386 2227 Inde
1399 2197 1440 2227 311
1453 2197 1515 2228 1100
1529 2205 1619 2226 versu
1642 2205 1746 2237 usque
1766 2195 1809 2229 ad

1040 2238 1137 2270 finem
1155 2239 1306 2279 expressit
1322 2239 1478 2271 Horatius
1498 2240 1580 2270 hanc
1600 2239 1668 2270 fere
1681 2246 1810 2271 seneen-
1837 2260 1840 2261 ν

1040 2283 1137 2314 tiam:
1165 2288 1186 2303 ‘⁶
1199 2283 1272 2321 Sed,
1283 2291 1483 2325 quaecunque
1497 2282 1554 2314 tibi
1568 2282 1722 2322 placuerit
1735 2285 1811 2315 urbs

1041 2326 1091 2357 vel
1104 2325 1203 2368 regio,
1217 2327 1280 2364 fac,
1292 2336 1410 2367 quaeso.
1424 2325 1534 2357 redeas
1548 2326 1705 2365 Romam
1722 2336 1808 2365 nam,

1040 2369 1310 2411 quemadmodum
1324 2370 1359 2407 is,
1371 2369 1427 2411 qui
1441 2369 1553 2410 Capua
1565 2370 1704 2401 Romam
1719 2371 1808 2410 petit,

1038 2422 1106 2444 non
1120 2413 1194 2445 ideo
1207 2413 1240 2444 111
1255 2423 1400 2453 caupona
1413 2412 1498 2444 volet
1517 2413 1631 2451 vivere,
1655 2414 1817 2455 quoniam*

1039 2456 1084 2488 ibi
1098 2466 1214 2497 corpus
1228 2457 1329 2488 imbre
1342 2456 1525 2496 adspersum
1540 2456 1666 2494 siccare,
1681 2457 1809 2490 refluae

1039 2507 1072 2531 et
1085 2511 1105 2531 3
1123 2500 1195 2531 luto
1215 2510 1352 2542 purgare
1374 2499 1487 2540 potuit,
1508 2499 1560 2531 vel
1582 2500 1619 2537 is,
1643 2500 1699 2542 qui
1719 2511 1808 2533 nunc

1038 2543 1156 2585 frigore
1170 2542 1302 2575 collecto
1315 2543 1426 2574 furnos
1439 2549 1471 2574 et
1482 2543 1597 2574 balnea
1607 2544 1724 2582 laudat,
1739 2554 1807 2576 non

1038 2587 1111 2618 ideo
1125 2587 1181 2618 illa
1194 2586 1234 2618 ad
1245 2596 1402 2618 summam
1417 2587 1599 2618 felicitatem
1614 2587 1746 2627 [εἶπάς
1761 2589 1808 2620 ita

1037 2637 1073 2662 tu
1087 2640 1215 2672 quoque
1229 2640 1295 2661 non
1309 2630 1344 2660 in
1358 2630 1446 2667 locis,
1468 2641 1540 2672 quae
1554 2639 1586 2662 te
1601 2641 1688 2662 1111110
1701 2631 1806 2671 delec-

1036 2681 1114 2710 tant,
1128 2673 1271 2712 haerebis,
1293 2683 1363 2711 nec,
1378 2674 1414 2704 in
1427 2673 1492 2705 3110
1509 2675 1657 2715 jactams,
1678 2675 1806 2707 vendita

1036 2727 1117 2749 nave
1130 2728 1150 2748 3
1163 2716 1266 2748 reditu
1282 2717 1317 2747 in
1331 2718 1464 2757 patriam
1475 2725 1509 2748 te
1519 2719 1656 2750 abstrahi
1668 2718 1806 2759 patieris.

993 2787 997 2793 .
1035 2778 1081 2786 —
1095 2761 1226 2792 Rhodos
1240 2766 1273 2791 et
1287 2760 1418 2800 pulchra
1434 2761 1592 2801 Mitylene
1606 2762 1646 2800 ei,
1668 2762 1725 2804 qui
1736 2763 1804 2793 nori

1035 2804 1225 2836 valetudinis
1245 2814 1340 2835 causa
1360 2815 1400 2836 eo
1421 2815 1454 2836 se
1467 2805 1589 2837 confert
1611 2805 1802 2848 (incolumi).

1036 2849 1121 2879 idem
1135 2854 1220 2884 sunt,
1236 2847 1322 2888 quod
1333 2848 1404 2879 aliae
1412 2859 1472 2887 res,
1483 2859 1566 2890 quae,
1582 2859 1639 2889 per
1651 2859 1686 2880 se
1698 2850 1802 2888 bmce',

1036 2891 1095 2922 nisi
1111 2899 1290 2932 opportuno
1311 2899 1452 2932 tempore
1466 2892 1665 2931 adhibentur,
1688 2900 1803 2924 nocent

1035 2935 1145 2978 magiS,
1157 2945 1252 2976 quam
1267 2943 1416 2977 prosunt..
1458 2936 1552 2973 Redi,
1567 2942 1600 2968 et
1613 2944 1719 2968 extera
1732 2936 1802 2968 loen

1035 2985 1174 3011 remotus
1190 2979 1330 3020 (absens)
1344 2981 1384 3011 ab
1397 2979 1437 3011 iis
1455 2980 1570 3013 Roma:
1583 2980 1687 3012 1311113.
1719 2979 1801 3012 Fru-
