1904 3250
176 141 262 180 350

806 133 1118 176 HORATII

1589 142 1698 190 [Lm.
1722 151 1752 179 1.

292 262 385 305 Nec
403 261 631 318 prohibere
650 259 793 310 modo,
816 259 991 301 simulac
1003 275 1120 317 vaga
1139 260 1264 303 Luna
1283 262 1486 304 decorum

294 332 478 374 Protulit
498 346 559 380 os,
582 329 684 386 quin
704 343 801 370 ossa
819 328 976 386 legant,
997 328 1235 387 herbasque
1254 342 1465 375 nocentes.

293 401 394 443 Vidi
414 405 582 457 egomet
600 398 724 454 nigra
744 397 1000 439 succinctam
1019 398 1173 440 vadere
1191 399 1306 455 palla

295 472 530 520 Canidiam,
552 469 732 525 pedibus
754 470 892 520 nudis,
914 486 1124 528 passoque
1145 472 1312 527 capillo,

205 547 261 585 25

295 543 405 585 Cum
430 541 597 596 Sagana
615 539 775 595 majore
796 538 1043 591 ululantem,
1066 540 1225 596 (pallor
1245 549 1445 600 utrasque

295 613 472 655 Fecerat
490 609 726 651 horrendas
748 609 941 665 aspectu)
967 610 1155 666 scalpere
1173 618 1332 653 terram

294 683 536 741 Unguibus,
559 690 601 724 et
620 682 782 739 pullam
797 682 996 725 divellere
1015 683 1230 725 mordicus
1250 700 1405 742 agnam

294 755 552 810 Coeperunt:
586 768 713 795 cruor
732 753 777 795 in
797 752 953 795 fossam
974 753 1186 805 confusus,
1207 762 1256 795 ut
1275 754 1374 796 inde

293 826 447 869 Manes
468 825 680 876 elicerent,
698 826 858 867 animas
879 842 1082 883 responsa
1100 826 1286 868 daturas.

202 901 260 939 30

293 896 440 939 Lanea
460 903 502 937 et
521 895 679 953 effigies
701 903 803 946 erat,
825 895 958 937 altera
979 912 1100 938 cerea
1112 912 1123 946 3
1154 897 1289 952 major

293 966 452 1016 Lanea,
476 980 572 1022 quae
592 965 729 1020 poenis
750 974 1038 1022 compesceret
1057 965 1312 1007 inferiorem.

295 1036 432 1078 Cerea
451 1034 698 1090 suppliciter
717 1035 866 1086 stabat,
890 1035 1110 1077 servilibus
1131 1043 1261 1092 utque

291 1106 319 1147 J
321 1120 389 1147 am
409 1104 599 1160 peritura
617 1102 768 1146 modis.

830 1103 1024 1146 Hecaten
1044 1113 1167 1146 vocat
1186 1104 1331 1156 altera,
1354 1120 1509 1148 saevam

294 1178 445 1220 Altera
466 1175 759 1233 Tisiphonen:
792 1185 1008 1233 serpentes
1034 1185 1160 1234 atque
1180 1177 1345 1220 videres

203 1253 261 1291 35
293 1247 486 1290 Infernas
508 1262 650 1288 errare
670 1262 810 1297 canes,
833 1246 1086 1304 Lunamque
1105 1248 1343 1299 rubentem,

293 1320 363 1363 Ne
382 1320 493 1361 foret
511 1319 577 1360 his
599 1320 729 1370 testis,
751 1327 850 1375 post
864 1334 1018 1377 magna
1037 1319 1168 1361 latere
1190 1320 1399 1375 supulcra.

293 1390 486 1432 Mentior
506 1397 550 1431 at
570 1389 605 1430 si
625 1388 741 1446 quid,
759 1388 916 1430 merdis
936 1396 1063 1445 caput
1082 1389 1278 1446 inquiner
1298 1388 1403 1430 albis

295 1461 547 1511 Corvorum,
569 1466 696 1517 atque
716 1459 760 1500 in
779 1474 849 1500 me
869 1458 1009 1501 veniat
1026 1458 1201 1500 mictum
1222 1466 1348 1515 atque
1368 1466 1559 1501 cacatum

173 1618 330 1656 quantum
344 1612 423 1643 mihi
437 1622 522 1643 curae
537 1617 613 1642 sunt
627 1621 682 1648 eae,
701 1609 834 1652 (scilicet
847 1620 941 1642 vene-

174 1657 269 1697 ficae,)
286 1667 358 1698 quae
371 1656 517 1687 formulis
531 1655 663 1697 magicis
676 1662 708 1685 et
721 1654 943 1685 incantationi-

172 1703 233 1733 bus
247 1700 415 1731 hominum
430 1699 552 1730 animos
573 1704 699 1731 versant
713 1699 744 1728 h.
763 1708 792 1728 e.
809 1698 940 1739 agitant,

120 1745 122 1747 ’
173 1750 365 1785 pervertunt,
381 1743 534 1784 defigunt,
558 1741 607 1772 vel
632 1748 667 1773 ut
687 1741 843 1783 Virgilius
859 1742 941 1784 (Ec-

172 1788 237 1830 log.
258 1787 364 1818 VIII.
383 1786 435 1817 66.
443 1787 455 1827 )
478 1786 512 1816 iu
524 1797 558 1817 re
572 1785 667 1817 simili
681 1785 831 1827 loquitur,
852 1797 944 1817 sanos

172 1842 282 1864 sensus
311 1837 467 1862 avertunt.
543 1831 668 1862 venenis
681 1847 726 1854 —-
740 1839 796 1869 per
824 1840 942 1861 venena

176 1874 355 1924 (φάρμακα)
386 1873 539 1915 intellige,
566 1884 639 1914 quae
667 1878 821 1913 spargunt
848 1873 882 1902 in
911 1883 946 1903 re

173 1918 299 1959 magica
323 1916 455 1948 venefici
478 1924 510 1948 et
531 1916 688 1947 veneficae.
717 1926 813 1955 supra
836 1915 942 1955 Epod.

173 1962 207 1993 5.
231 1960 285 1998 20,
301 1960 354 1991 21.
403 1962 596 2002 Herbasque,
629 1970 706 2002 quas
731 1961 831 1991 Iolcos
851 1966 946 2000 atque

174 2007 278 2039 Iberia
305 2006 410 2042 mittit,
431 2015 622 2036 venenorum
633 2004 742 2044 ferax.
764 2002 806 2034 cf.
825 2002 945 2034 ibidem

172 2060 202 2082 v.
219 2048 272 2080 87.

216 2104 246 2124 v.
263 2091 317 2123 20.
339 2094 482 2133 perdere,
498 2090 710 2132 pessumdare,
727 2096 875 2122 evertere.

217 2147 246 2168 v.
268 2135 323 2166 21.
346 2147 424 2176 vaga
446 2137 535 2171 luna,
561 2135 646 2171 luna,
672 2144 709 2166 ut
731 2134 840 2171 stellae,
867 2133 944 2165 dum

174 2190 303 2212 cursum
319 2189 414 2210 suum
429 2178 561 2219 peragit,
578 2178 683 2220 vagari
705 2185 738 2209 et
751 2188 854 2209 errare
867 2177 944 2209 dici-

174 2231 236 2255 tur.
286 2223 377 2255 Infra
400 2221 502 2262 Epist.
523 2222 552 2252 Ι.
575 2221 625 2253 12.
647 2220 697 2252 17.
723 2223 825 2254 Stellae
838 2228 944 2263 sponte

175 2267 395 2309 sua,J‘ussaene
405 2271 558 2306 vagentur
573 2272 600 2297 ec
616 2272 730 2297 errent.

218 2321 247 2342 v.
279 2310 333 2341 23.
365 2311 565 2346 succinctam,
597 2309 709 2339 eodem
738 2320 841 2344 sensu,
879 2319 943 2349 quo

171 2365 268 2395 supra
291 2353 396 2394 Epod.
420 2352 453 2383 5.
469 2351 523 2383 25.
573 2353 705 2394 Sagana,
732 2351 874 2384 Canidiae
889 2352 944 2382 ad-

175 2398 328 2436 ministra,
353 2396 467 2428 dicitur
488 2398 632 2436 expedita.
723 2408 797 2428 cum
820 2399 944 2435 Sagana

174 2442 304 2483 mqy'ore,
322 2441 426 2472 Schol.
448 2440 544 2480 Cruq.
594 2441 675 2471 Hoec
697 2442 822 2480 Sagana
837 2440 945 2470 liberta

165 2488 271 2530 fuisse
285 2486 399 2517 dicitur
416 2485 580 2524 Pomponii
602 2485 766 2518 Senatoris,
783 2485 839 2524 qui
853 2494 872 2512 a
888 2485 943 2514 tri-

176 2531 306 2561 umviris
320 2534 363 2560 est
382 2528 592 2568 proscriptum
617 2528 723 2557 habuit
743 2533 849 2558 autem
864 2537 944 2556 soro-

176 2585 254 2610 rem,
280 2583 312 2604 se
336 2577 418 2603 natu
441 2572 616 2606 minorem5
641 2571 752 2600 idcireo
776 2570 875 2610 maJ'or
896 2571 946 2601 hic

176 2619 302 2648 dicitur.
344 2615 407 2647 Sed
421 2613 549 2645 fortasse
562 2612 656 2643 ideo
643 2622 710 2653 Jam
728 2615 851 2653 Sagana
866 2613 943 2643 dici-

176 2667 230 2691 tur
251 2659 363 2700 major,
386 2657 472 2701 quod
495 2656 662 2689 Canidiam
684 2655 763 2686 adeo
786 2662 945 2696 superaret

177 2713 278 2734 annis.

222 2757 250 2777 v.
269 2745 321 2776 25.
347 2747 536 2781 ululantem,
558 2743 603 2774 sic
624 2752 717 2774 canes
738 2741 863 2778 inferni,
886 2742 942 2783 qui

177 2797 254 2821 sunt
267 2790 302 2820 in
315 2791 468 2821 comitatu
484 2788 632 2823 Hecates,
654 2787 777 2818 ululare
792 2786 943 2816 dicuntur

178 2833 263 2873 apud
283 2833 372 2875 Virg.
394 2833 472 2864 AEn.
493 2831 555 2863 VI.
572 2829 648 2861 257.

223 2887 252 2907 v.
271 2876 325 2907 26.
349 2879 484 2917 scalpere
498 2882 614 2907 terram
634 2874 803 2914 unguibus,
825 2871 942 2904 scilicet

179 2922 321 2951 scrobem
336 2920 385 2952 vel
397 2920 527 2959 fossam,
549 2925 631 2951 terra
651 2917 813 2959 unguibus
826 2922 942 2959 egesta,

984 1611 1138 1647 fecerunt,
1155 1618 1193 1642 ut
1213 1621 1357 1643 cruorem
1379 1610 1512 1642 divulsae
1531 1622 1634 1654 agnae.
1657 1619 1695 1644 ut
1715 1623 1755 1645 ex

985 1656 1186 1696 sequentibus
1200 1655 1396 1696 intelligitur,
1419 1665 1494 1686 cum
1515 1656 1586 1686 aliis
1603 1657 1698 1688 rebus
1717 1658 1754 1689 in

984 1709 1054 1730 eam
1069 1698 1310 1730 confunderent.

1027 1753 1056 1773 v.
1075 1741 1128 1772 27.
1147 1744 1273 1783 pullam
1283 1759 1328 1767 —
1338 1753 1464 1783 agnam,
1480 1752 1554 1773 uam
1569 1741 1631 1774 diis
1643 1743 1755 1776 inferis

986 1786 1069 1828 nigri
1085 1786 1198 1816 coloris
1211 1786 1320 1816 hostiae
1335 1785 1555 1816 offerebantur.

1029 1840 1058 1859 v.
1077 1829 1130 1859 28.
1152 1831 1235 1866 inde,
1250 1838 1290 1859 ex
1304 1830 1363 1860 hac
1377 1831 1495 1868 scrobe,
1511 1829 1561 1860 vel
1574 1830 1634 1862 hac
1648 1841 1692 1870 re,
1705 1831 1757 1863 his

989 1873 1084 1904 sacris
1098 1872 1239 1914 magicis

1033 1927 1060 1946 v.
1079 1915 1219 1947 31-33.
1240 1917 1354 1948 Lanea
1368 1922 1399 1947 et
1412 1918 1527 1959 effigies
1542 1923 1614 1948 cett.
1627 1917 1754 1961 junge.

991 1962 1119 2002 Effigies
1144 1966 1211 1991 erat
1236 1960 1334 1991 altera
1355 1962 1448 1992 lanea
1473 1966 1504 1992 et
1525 1962 1622 1992 altera
1645 1973 1754 2001 cerea,-

990 2014 1045 2044 per
1059 2005 1190 2046 effigiem
1209 2003 1352 2044 intellige
1373 2004 1633 2045 imagunculam3
1659 2005 1757 2036 Cani-

988 2047 1041 2078 dia
1055 2048 1172 2078 scilicet
1186 2047 1265 2078 duas
1279 2047 1467 2078 effinxerat
1456 2048 1627 2090 imagines3
1644 2049 1755 2090 altera,

989 2098 1020 2122 et
1045 2091 1174 2132 quidem
1196 2091 1304 2131 maJ'or,
1327 2090 1429 2130 ipsam
1453 2091 1620 2123 Canidiam
1641 2101 1756 2132 τερπω-

988 2141 1124 2171 sentens,
1147 2135 1209 2165 fuit
1229 2137 1329 2171 lanea,
1353 2145 1423 2176 quae
1440 2136 1543 2176 poenis
1556 2142 1757 2176 compesceret

988 2180 1178 2221 inferiorem,
1193 2188 1264 2219 quae
1279 2187 1362 2214 eum,
1379 2188 1399 2209 a
1413 2188 1477 2220 quo
1488 2177 1587 2209 amari
1601 2179 1757 2219 cupiebat,

989 2221 1047 2253 sibi
1083 2222 1259 2263 subjectum
1290 2228 1322 2252 et
1349 2221 1501 2253 dovotum
1529 2221 1682 2261 redderet,
1712 2223 1757 2254 ita

986 2265 1128 2306 quidem,
1155 2272 1193 2296 ut
1214 2266 1342 2308 inferior
1367 2265 1478 2296 cedere
1499 2265 1626 2297 deberet
1643 2268 1754 2308 poenis,

987 2310 1136 2348 potentiae
1151 2309 1298 2350 magicae3
1312 2308 1420 2346 altera,
1435 2308 1553 2340 scilicet
1566 2310 1645 2351 ejus,
1658 2319 1754 2351 quem

993 2353 1126 2383 Canidia
1139 2362 1336 2392 compescere
1358 2359 1390 2383 et
1411 2362 1518 2383 amore
1538 2352 1578 2383 ad
1600 2362 1635 2383 se
1648 2362 1756 2393 rapere

990 2395 1122 2433 volebat,
1144 2395 1206 2426 fuit
1227 2407 1322 2431 cerea,
1343 2397 1402 2438 (ut,
1427 2396 1509 2426 sicut
1529 2405 1599 2427 cera
1611 2395 1690 2437 igni,
1713 2397 1757 2427 ita

989 2449 1095 2469 amore
1120 2439 1338 2479 liquesceret;)
1362 2440 1429 2469 baec
1451 2440 1548 2470 stabat
1567 2440 1754 2479 supffliciter,

989 2482 1149 2521 supplicis,
1167 2488 1203 2512 ut
1218 2482 1319 2522 maJ'or
1333 2489 1440 2522 parcat
1453 2482 1602 2524 inferiori,
1618 2483 1754 2522 speciem

988 2535 1053 2565 prae
1075 2536 1107 2555 se
1122 2525 1247 2563 ferens3
1334 2527 1492 2556 servilibus
1506 2532 1603 2567 utque
1613 2526 1689 2566 jam
1700 2537 1756 2567 pe—

988 2571 1091 2600 ritura
1117 2570 1224 2605 vindis,
1252 2574 1283 2598 et
1307 2574 1458 2609 tanquam
1480 2578 1526 2604 ea,
1545 2579 1626 2610 quae
1651 2569 1756 2600 servili

988 2611 1107 2642 modo
1093 2612 1226 2660 Jamjsm
1242 2621 1350 2651 poenas
1364 2612 1476 2642 datura
1492 2612 1542 2643 sit.
1560 2629 1603 2638 —·
1621 2612 1755 2644 Confer-

988 2655 1089 2685 endus
1114 2655 1244 2685 omnino
1269 2664 1343 2684 cum
1368 2655 1428 2686 hoc
1450 2655 1520 2686 loco
1545 2655 1698 2698 Virgilius
1718 2656 1754 2688 in

991 2698 1247 2729 pharmaceutria
1277 2698 1390 2739 Eclog.
1420 2698 1528 2729 VIII.
1556 2700 1613 2730 ubi
1637 2710 1665 2730 v.
1694 2698 1750 2732 75.

984 2743 1124 2772 venefica
1145 2742 1276 2783 effigiem
1291 2751 1309 2771 a
1324 2751 1357 2771 se
1370 2742 1466 2772 amati
1479 2748 1527 2772 ter
1540 2743 1659 2773 circum
1675 2743 1752 2775 alta-

986 2786 1033 2817 ria
1047 2784 1154 2823 ducit3
1177 2791 1209 2814 et
1226 2784 1412 2815 Theocritus
1429 2784 1590 2826 1dy11.11.
1688 2818 1692 2822 ,

1029 2839 1058 2859 v.
1082 2826 1135 2859 34.
1157 2839 1236 2869 serp.
1262 2834 1356 2868 atque
1380 2834 1452 2859 cett.
1478 2829 1601 2871 junge:
1638 2832 1754 2863 videres

984 2878 1138 2913 serpentes
1158 2877 1251 2912 atque
1271 2872 1412 2913 infernas
1427 2883 1519 2904 canes
1532 2884 1638 2905 errare
1651 2892 1695 2898 —
1708 2876 1754 2906 vi-

986 2919 1083 2955 deres,
1105 2916 1188 2948 utin
1203 2925 1294 2947 versu
1318 2915 1430 2947 ultimo
1452 2916 1548 2959 hujus
1568 2917 1680 2959 satira,
1703 2917 1753 2949 vel
