1904 3250
111 179 249 209 aner.
260 168 344 222 νπμ]

686 131 1069 207 EPISTOLAE.

1590 166 1680 214 5412

228 290 444 332 Permutet
463 287 668 340 dominos,
691 298 733 331 et
753 290 875 332 cedat
894 290 938 332 in
958 289 1090 331 altera
1101 290 1213 346 jura.
1250 335 1252 337 ¹

115 363 195 402 175
227 360 310 411 Sic,
332 359 430 416 quia
449 366 676 414 perpetuus
697 359 803 401 nulli
823 359 948 421 datur
967 373 1082 410 usus,
1104 366 1151 400 et‘
1166 358 1303 400 haeres

226 431 456 475 Haeredem
476 431 660 482 alterius,
682 431 797 474 velut
816 431 932 474 unda
951 432 1193 488 supervenit
1211 431 1383 482 undam,

226 505 343 556 Quid
363 505 444 546 vici
463 512 654 560 prosunt,
675 513 748 546 aut
766 503 950 547 horrea?

1011 504 1180 555 Quidve
1204 504 1396 547 Calabris

227 574 410 618 Saltibus
431 573 582 630 adjecti
603 573 778 625 Lucani,
801 575 975 619 simetit
996 574 1135 617 Orcus

224 646 416 690 Grandia
435 661 531 688 cum
550 647 704 702 parvis,
720 655 813 688 ‘non
833 646 1059 689 exorabilis
1079 646 1218 688 auro?

111 719 192 758 180
224 715 439 767 Gemmas,
461 731 659 767 marmor,
681 716 799 767 ebur,
822 715 1048 773 Tyrrhena
1068 716 1216 774 sigilla,
1238 716 1426 768 tabellas,

222 788 475 846 Argentum,
496 795 645 838 vestes,
670 787 842 830 Gaetulo
862 788 1021 830 murice
1041 789 1206 839 tinctas,

224 857 344 909 Sunt,
367 858 439 914 qui
459 872 546 898 non
566 857 761 908 habeant,
783 865 859 908 est,
882 858 955 915 qui
974 873 1061 899 non
1082 866 1201 900 curat
1219 858 1389 901 habere.

222 929 312 972 Cur
332 929 437 971 alter
455 929 632 971 fratrum
654 945 830 980 cessare,
853 939 896 972 et
915 930 1076 981 ludere,
1098 938 1141 972 et
1161 932 1307 988 ungui,

221 998 425 1041 Praeferat
447 998 632 1041 Herodis
652 999 844 1055 palmetis
864 999 1116 1057 pinguibus3
1153 1000 1272 1051 alter,

107 1071 188 1111 185
218 1068 351 1111 Dives
372 1078 414 1111 et
433 1069 711 1125 importunuS,
734 1069 789 1111 ad
809 1069 1002 1111 umbram
1022 1069 1128 1111 lucis
1149 1070 1204 1111 ab
1224 1078 1322 1112 ortu

99 1217 133 1237 se
160 1205 295 1238 vendere
321 1206 401 1238 velle
428 1207 576 1239 Terentia
602 1207 644 1238 ad
674 1207 859 1240 Ciceronem

101 1250 207 1281 scribit
231 1249 393 1289 Epist-‘ad
418 1251 507 1282 Fam.
536 1251 636 1282 XIV.
657 1248 686 1282 1.
776 1252 861 1283 vicus

101 1304 121 1324 a
129 1304 211 1334 pago
225 1293 330 1325 differt
343 1294 450 1332 sic‚.ut
465 1305 568 1334 pagus
584 1293 762 1325 tantum,de
776 1304 858 1332 rure,

98 1338 185 1368 vicus
212 1335 252 1367 de
276 1347 350 1368 rure
376 1343 409 1368 et
436 1339 513 1368 urbe
541 1337 636 1368 simul
668 1337 799 1368 dicatur.
816 1355 860 1362 -—

104 1381 221 1415 Quidve
244 1381 382 1412 Calabris
396 1386 481 1417 cett„
497 1380 612 1421 quidve
634 1387 767 1421 prosunt
790 1380 859 1412 Lu-

99 1422 171 1453 mi
182 1422 280 1454 alme
289 1422 331 1454 ad
341 1423 493 1455 Calabros
505 1434 605 1464 usque
618 1425 715 1455 saltus
730 1433 858 1464 procur-

97 1471 202 1496 rentes
208 1478 220 1504 ;
291 1466 413 1507 adiecti,
429 1467 461 1498 h.
476 1477 507 1498 e.
514 1469 658 1508 porrecti,
674 1469 858 1505 continuati,

96 1514 135 1539 ut
146 1508 286 1550 loquitur
312 1509 395 1540 Hor.
412 1520 507 1550 supra
530 1509 593 1542 Od.
614 1510 686 1541 111.
707 1509 757 1542 16.
771 1509 858 1541 40-

97 1550 155 1583 43.
168 1569 214 1578 —
235 1562 292 1592 per
317 1555 414 1585 saltus
446 1553 588 1595 intellige
622 1564 757 1594 pascum
794 1554 855 1585 vid.

97 1597 227 1628 Ernest-
245 1596 278 1626 in
307 1596 395 1628 Clav.
421 1596 488 1628 Cic.
506 1608 530 1627 s.
549 1607 578 1627 v.
595 1599 703 1629 saum.
720 1615 765 1623 —
781 1598 853 1628 Vet.

99 1638 204 1670 Schol.
220 1639 261 1670 ad
275 1640 307 1670 h.
325 1639 348 1670 l.
364 1641 538 1683 Iatffunda'is
555 1643 704 1681 porrectis
715 1652 772 1682 per
784 1643 857 1681 plu-

94 1683 189 1714 'imos
208 1690 335 1715 moraes.
382 1685 442 1715 Est
463 1690 569 1715 autem
586 1686 726 1716 Calabria
743 1691 858 1725 prater

96 1731 208 1757 ceteros
221 1727 337 1758 ved-‘cus
361 1729 456 1758 etiam
481 1729 526 1759 rei
542 1730 701 1767 pecuaria·
721 1734 751 1759 et
768 1730 858 1759 lana-

96 1778 173 1800 flam
206 1770 348 1801 mollium
371 1771 478 1813 seraa·-
566 1772 662 1806 metit,
700 1771 860 1813 eleganter

96 1817 212 1843 metere
225 1813 265 1842 ab
278 1811 326 1848 iis,
344 1813 400 1854 qui
423 1818 542 1854 segetes
563 1813 736 1851 demetunt,
759 1821 859 1844 trans-

96 1853 196 1885 fertur
208 1854 250 1885 ad
263 1864 331 1891 eos,
341 1855 398 1895 qui
418 1855 458 1892 vi,
481 1856 533 1886 cui
548 1856 647 1886 resisti
661 1867 726 1887 non
748 1863 857 1896 potest,

96 1898 164 1928 sine
177 1894 357 1928 discrimine
371 1899 479 1929 obvios
502 1909 643 1940 quosque
664 1900 791 1931 caedunt
811 1907 858 1931 at-

96 1950 161 1981 que
173 1947 384 1980 prosternunt,
399 1947 432 1972 et
444 1952 531 1972 nunc
545 1942 586 1973 ad
610 1943 741 1979 Orcum,
762 1955 859 1983 gran-

97 1985 150 2015 dia
172 1994 248 2015 cum
266 1986 374 2025 parvis
396 1984 463 2015 sine
477 1985 673 2017 miseratione
688 1986 860 2025 rapientem

96 2027 693 2107 ssAE⁰31⁸¹¹52⁶1¹3m5r¹220f⁰32532⁹¹h⁸1⁶
710 2028 773 2101 (ἐξ
794 2029 859 2104 {3⁷02

94 2115 246 2148 menda.
263 2115 428 2155 urst-tages.

95 2177 97 2182 .
138 2167 168 2188 v.
183 2155 256 2187 179.
278 2159 420 2189 Grandia
435 2169 509 2189 cum
519 2160 633 2198 parvis.
651 2157 765 2197 saepius
778 2158 859 2189 hanc

95 2199 282 2238 sententiam
296 2201 425 2231 variavit
447 2201 612 2238 Horatius,
629 2201 690 2231 vid.
709 2211 802 2240 supra
816 2202 859 2232 ad

97 2243 163 2275 od.
181 2243 210 2274 I.
234 2241 266 2274 4.
295 2242 347 2274 13.
435 2255 501 2276 nou
525 2246 690 2281 exorabilis,
717 2244 858 2276 similiter

95 2296 189 2327 snpra
205 2286 269 2318 Od.
286 2287 338 2318 11.
353 2286 385 2318 3.
402 2285 434 2317 4·-
470 2289 566 2319 Orcus
579 2288 695 2318 dit-itur
708 2290 756 2319 nil
768 2291 856 2320 mise-

93 2341 170 2362 rm
183 2335 216 2361 et
229 2329 329 2361 Pluto
348 2341 442 2370 supra
455 2330 530 2362 od.
549 2331 600 2362 ΙΙ.
620 2329 669 2361 14.
693 2331 724 2362 6.
742 2333 856 2363 illacri-

95 2374 226 2405 mabilr's·
843 2402 851 2407 .⁷

100 2440 102 2443 -
137 2426 173 2451 v.-
185 2415 255 2448 lffl.
279 2428 428 2454 marmor,
442 2419 530 2456 ebur,
545 2418 620 2448 artis
634 2428 728 2457 opera
743 2429 760 2449 e
775 2429 857 2449 mar-

95 2468 182 2491 more
205 2466 237 2491 et
255 2461 353 2491 ebore
372 2461 465 2498 facta,
557 2464 723 2502 Tyrrhena
746 2464 856 2503 sigilla,

96 2511 168 2533 vasa
179 2502 339 2535 Etrusca„
389 2530 391 2532 .
416 2506 549 2540 tabellas,
565 2504 710 2544 picturas.

95 2560 99 2565 ·
138 2555 167 2575 v.
198 2544 271 2577 181.
299 2549 487 2587 Argentum,
513 2558 587 2578 vasa
607 2556 755 2590 argentea
769 2554 856 2587 cett.;

96 2595 248 2627 -dwsoes,
267 2591 385 2622 Goemlo
399 2593 516 2622 murice
529 2593 764 2629 tinceassvestes
780 2600 857 2623 stra»

96 2629 198 2670 gul-s,
210 2631 450 2672 peripetasmata,
463 2634 561 2665 tincta
569 2635 672 2666 colore
686 2646 853 2675 purpureo.

96 2676 269 2707 —mrice
289 2677 418 2714 Goetqu,
433 2684 524 2717 capto
537 2677 578 2708 ad
593 2678 697 2710 littora
713 2679 832 2709 Africae
845 2691 855 2716 ;

101 2717 245 2755 Gaetulia,
274 2728 344 2758 pars
374 2719 486 2760 Lybiae
513 2720 690 2759 interioris„
706 2732 764 2762 pro
790 2729 855 2754 tota

97 2758 228 2798 ,Αἰτίοις
250 2763 434 2801 supraOd.
460 2764 510 2795 ΙΙ.
536 2762 588 2795 16.
612 2764 665 2796 35.
690 2777 810 2804 murex,
837 2777 856 2797 e

95 2802 187 2850 cpjus
199 2813 293 2834 succo
306 2804 483 2838 eliciebatur
497 2807 582 2839 color
604 2819 790 2849 purpureus,
806 2808 855 2839 di-

93 2851 177 2920 ζωι-
202 2848 280 2888 Afer
293 2854 378 2880 —te
401 2850 445 2881 bis
470 2851 551 2894 Afro
577 2853 684 2884 tinctoe
711 2855 854 2884 Veniunt

127 2899 188 2920 πω.

122 2942 166 2963 .v.
187 2929 262 2964 182.
288 2935 379 2974 Sane,
404 2938 537 2978 quinon
557 2940 696 2976 habeant.
712 2939 855 2981 quamvis

901 1208 1015 1239 habere
1028 1208 1171 1248 cupiunt,
1258 1215 1310 1245 est,
1331 1212 1388 1251 qui
1401 1222 1465 1243 non
1481 1219 1570 1244 curat
1585 1216 1669 1252 hala,

903 1251 943 1282 ad
959 1251 1120 1293 vulgarem
1136 1252 1287 1293 loquendi
1298 1263 1441 1286 normam
1453 1255 1583 1287 debebat
1598 1266 1669 1298 post

882 1301 956 1335 >ert,
987 1297 1044 1336 qui
1072 1296 1177 1336 sequi:
1221 1303 1324 1334 curet,·
1346 1298 1411 1330 ,sed
1439 1299 1604 1331 ,Horatius
1628 1302 1673 1332 ad'

907 1338 1028 1369 Graecae
1050 1337 1171 1380 linguae
1191 1338 1331 1370 indolem
1354 1348 1424 1380 post
1444 1350 1497 1379 est,
1531 1346 1595 1384 qui,
1621 1345 1670 1376 vel

902 1388 987 1418 sunt,
1003 1383 1068 1422 qui,
1083 1384 1134 1423 (ut
1148 1382 1182 1412 in
1197 1382 1299 1422 primo
1313 1384 1417 1415 statim
1432 1385 1574 1417 Odarum
1591 1387 1669 1419 Car-

902 1424 989 1455 mine
1003 1435 1031 1455 v.
1049 1423 1081 1456 4.
1099 1431 1185 1463 sunt,
1200 1427 1391 1467 quosjuvac)
1408 1429 1520 1468 passim
1536 1431 1669 1472 subjun-

902 1468 950 1508 git
963 1467 1190 1507 indicativum3
1207 1468 1287 1506 vide,
1303 1480 1375 1511 quae
1389 1471 1429 1502 de
1443 1472 1502 1503 hoc
1517 1472 1673 1513 loquendi·

902 1521 963 1542 usu
978 1510 1118 1550 disputat
1133 1513 1359 1554 Heindmfiad
1376 1515 1439 1546 Sat.
1459 1515 1489 1546 I.
1507 1514 1538 1546 4.
1558 1515 1611 1547 24.

944 1564 973 1585 v.
996 1553 1190 1588 ‚183-189.
1224 1558 1291 1588 Cur
1318 1559 1397 1589 alter·
1411 1559 1562 1599 fratrum
1593 1567 1674 1592 cett.v

903 1597 1020 1628 Sensus
1033 1605 1071 1630 et.
1079 1609 1197 1631 nexus:
1225 1600 1359 1631 Diversa
1372 1601 1465 1641 plane
1478 1610 1553 1634 sunt
1567 1604 1672 1634 homi-.

900 1651 978 1672 num
996 1642 1142 1682 ingenia3
1167 1650 1200 1674 et
1213 1643 1281 1675 haec
1297 1643 1457 1676 diversitas
1471 1646 1504 1676 in
1520 1646 1671 1678 fratribus

900 1685 980 1715 adeo
994 1684 1100 1716 locum
1116 1687 1227 1724 habet3
1253 1697 1317 1718 non
1341 1698 1411 1719 raro
1430 1691 1514 1720 enim
1530 1690 1670 1722 accidere

901 1727 990 1765 solet,
1017 1735 1054 1759 ut
1074 1728 1152 1760 alter
1173 1730 1214 1761 sit
1234 1731 1340 1763 mollis
1361 1738 1393 1762 et
1413 1732 1575 1774 prodiguS,
1590 1734 1670 1765 alter

902 1770 1015 1802 laboris
1040 1772 1161 1811 patiens
1185 1781 1218 1804 et
1239 1784 1368 1812 avarus;
1392 1775 1478 1806 unde
1499 1774 1683 1817 repetenda*

903 1814 943 1845 sit
966 1814 1035 1845 haec
1061 1822 1246 1847 naturarum
1272 1817 1441 1856 diversitas,
1466 1819 1538 1850 vitae
1553 1828 1669 1851 nostroe

902 1867 1007 1887 comes
1029 1864 1062 1888 et
1082 1865 1203 1889 naturae
1227 1860 1375 1891 humanae
1400 1861 1578 1894 moderator
1598 1874 1670 1904 per-

901 1906 1042 1940 spectum
1057 1901 1151 1932 habet
1168 1902 1301 1933 Genius.

946 1947 986 1975 vs,
995 1942 1067 1974 183.
1093 1946 1173 1976 alter
1184 1947 1346 1986 fratrum,
1369 1947 1518 1988 cogitavit
1539 1948 1669 1980 sortasse

906 1986 1062 2016 Horatius
1075 1985 1116 2017 de
1130 1987 1254 2019 duobus
1274 1989 1338 2019 illis
1351 1990 1508 2028 fratribus,
1525 1991 1669 2025 Micione

903 2035 935 2059 et
951 2029 1084 2065 Demea,
1100 2031 1187 2069 apud
1204 2031 1389 2063 Terentium
1411 2034 1444 2063 in
1462 2035 1597 2072 Heaut,
1613 2036 1669 2067 sed

902 2071 1000 2112 accipi
1015 2083 1141 2114 quoque
1155 2081 1257 2113 potest
1278 2075 1318 2106 de
1341 2077 1501 2117 quibusvis
1522 2077 1591 2108 aliis
1603 2078 1668 2110 fra-

901 2115 1011 2146 tribus.
1102 2128 1160 2148 cur
1176 2129 1292 2149 cessare
1307 2126 1392 2156 cett„
1405 2130 1462 2150 cur
1475 2120 1576 2159 otiari,
1589 2122 1669 2153 deli-

901 2158 965 2189 cias
976 2158 1079 2190 facere
1094 2166 1126 2190 et
1139 2162 1312 2202 unguentis
1322 2162 1439 2193 delibui
1453 2164 1552 2200 malit,
1568 2175 1667 2206 quam

901 2201 1058 2240 possidere
1072 2202 1204 2245 pinguia
1221 2204 1362 2236 Herodis
1376 2207 1521 2246 palmeta.
1604 2220 1668 2240 un-

898 2247 965 2284 gui,
981 2248 1164 2287 unguentis,
1174 2266 1176 2268 -
1186 2254 1224 2278 ut
1237 2249 1311 2279 satis
1324 2256 1456 2287 constat,
1471 2250 1571 2282 nitere
1585 2252 1667 2283 sole-

899 2289 976 2319 bant
989 2288 1196 2329 elegantiores
1209 2297 1241 2322 et
1255 2293 1457 2323 venustiores-

944 2342 974 2362 v.
999 2331 1071 2363 184«.
1098 2335 1216 2365 Herod.
1237 2337 1335 2376 palm.
1355 2338 1444 2377 ping-
1462 2354 1506 2361 —
1513 2340 1666 2378 palmeta,

900 2374 970 2406 loca
983 2376 1096 2415 palmis
1109 2377 1238 2416 consita,
1263 2382 1316 2419 (ut
1338 2386 1481 2421 myrteta,
1504 2383 1665 2422 querceta)

900 2429 972 2459 quae
996 2419 1153 2455 Herodes,
1178 2431 1232 2452 rex
1259 2422 1394 2460 Judaeae,
1419 2423 1454 2453 in
1475 2425 1666 2465 regionaad

902 2461 1148 2494 Hierichuntem
1183 2465 1324 2502 habebat,
1361 2466 1402 2496 ad
1430 2467 1667 2506 pretiosissimas

899 2506 1231 2548 praestantissimasque
1245 2509 1453 2548 possessiones
1467 2511 1663 2550 pertinuisse,

900 2558 939 2578 ex
954 2549 1014 2579 hoc
1029 2550 1097 2589 ipso
1111 2551 1181 2581 loco
1197 2559 1324 2591 apparet
1330 2565 1340 2591 ς
1360 2553 1510 2584 dicuntur
1519 2556 1664 2596 pinguia,

901 2591 950 2622 vel
965 2594 1006 2623 ob
1020 2594 1221 2633 opobalsami,
1242 2595 1328 2636 quod
1343 2606 1460 2638 magno
1473 2598 1573 2636 pretio
1588 2608 1665 2629 ven-

900 2634 1041 2673 debatur,
1067 2637 1200 2677 copiam,
1223 2640 1272 2669 vel
1295 2640 1489 2681 ob⁴pinguis
1513 2640 1581 2682 agri
1605 2642 1664 2672 foe-

898 2679 1101 2716 cunditatem,
1128 2687 1166 2724 ut
1189 2683 1270 2713 horti
1292 2684 1425 2722 pingues
1450 2684 1537 2723 apud
1567 2684 1660 2727 Virg-

901 2722 1018 2764 Georg.
1049 2724 1112 2754 IV.
1143 2723 1215 2755 118.
1240 2727 1368 2766 pinguis
1394 2729 1542 2768 Phrygia,
1568 2738 1663 2769 supra

901 2765 964 2796 Od.
985 2766 1034 2797 11.
1049 2765 1098 2798 12.
1112 2766 1166 2798 22.
1511 2799 1513 2801 ,
1650 2791 1653 2794 -

941 2819 970 2839 v.
991 2808 1064 2842 185.
1089 2813 1294 2852 importunus,
1320 2811 1481 2850 molestus,
1507 2823 1660 2853 morosus,

897 2851 1041 2885 difficilis.
1131 2858 1173 2886 ad
1201 2857 1303 2887 umbr.
1335 2857 1414 2887 lucis
1442 2858 1479 2888 ab
1499 2863 1602 2896 ortu,
1619 2860 1660 2891 ab

896 2895 975 2972 solli?l
982 2903 1054 2928 ortu
1068 2908 1168 2940 usque
1182 2899 1222 2930 ad
1244 2898 1313 2940 ejus
1325 2908 1483 2940 occasum,
1504 2910 1561 2941 per
1573 2901 1658 2934 diem

896 2949 931 2971 so
978 2951 1042 2973 um.
