1904 3250
215 152 303 195 '490

814 154 817 156 ’
855 152 1177 196 ΗΟΒΑΤΙΪ

1640 161 1750 211 [mn.
1772 173 1802 201 1.

338 278 423 322 Sed
444 279 558 321 videt
578 279 693 320 hunc
713 278 850 319 omnis
870 277 1022 320 domus
1044 286 1087 321 et
1105 280 1257 322 vicinia
1275 289 1364 324 tota

246 351 303 389 45
336 348 552 390 Introrsus
573 355 756 402 turpem,
780 347 1018 402 speciosum
1039 347 1152 404 pelle
1173 348 1340 392 decora.

336 419 429 462 Nec
448 419 609 460 furtum
628 418 722 470 feci,
744 433 823 461 nec
843 418 933 477 fugi
949 436 959 461 :
992 419 1027 461 si
1048 419 1154 461 mihi
1173 420 1287 463 dicat

336 489 517 531 Servus:
553 487 700 529 Habes
721 488 920 543 pretium,
943 488 1045 530 loris
1065 504 1152 530 non
1174 490 1323 541 ureris,
1346 491 1427 532 aio.

335 561 436 603 Non
456 560 673 602 hominem
694 561 857 603 occidi:
892 560 991 603 Non
1013 577 1160 618 pasces
1181 563 1226 604 in
1246 577 1371 605 cruce
1391 578 1554 607 corvos.

335 634 439 676 Sum
460 633 599 675 bonus
620 641 663 675 et
681 632 818 691 frugi:
854 633 1014 676 Renuit
1033 635 1276 692 negitatque
1300 635 1506 678 Sabellus.

245 710 300 747 50
334 704 495 747 Cautus
517 706 631 747 enim
651 706 802 748 metuit
821 705 987 748 foveam
1007 707 1146 763 lupus,
1170 707 1453 764 accipiterque

333 777 561 833 Suspectos
582 777 770 834 laqueos,
793 785 836 819 et
855 787 1051 835 opertum
1072 779 1240 821 milvius
1260 779 1446 822 hamum.

332 845 532 890 Oderunt
551 862 728 904 peccare
748 848 850 889 boni
871 849 1036 891 virtutis
1058 865 1226 892 amore:

331 915 402 958 Tu
423 916 529 957 nihil
550 916 746 958 admittes
767 917 812 958 in
832 926 874 959 te
894 917 1120 961 formidine
1139 934 1280 975 poenae
1297 937 1306 961 :

330 989 394 1031 Sit
414 1004 509 1045 spes
530 988 717 1040 fallendi,
740 989 935 1032 miscebis
957 1006 1077 1033 sacra
1095 991 1284 1047 profanis
1303 1008 1313 1033 :

240 1062 295 1100 55
328 1057 442 1100 Nam
463 1058 517 1100 de
538 1058 654 1100 mille
674 1058 784 1100 fabae
805 1059 957 1101 modiis
979 1076 1075 1102 cum
1098 1062 1274 1118 surripis
1295 1077 1441 1113 unum,

325 1130 547 1174 Damnum
568 1139 644 1183 est,
667 1147 754 1173 non
775 1131 950 1184 facinus,
974 1133 1079 1174 mihi
1097 1142 1223 1190 pacto
1244 1133 1381 1175 lenius
1402 1134 1494 1175 isto.

300 1265 302 1267 Ι
325 1203 404 1245 Vir
423 1204 575 1255 bonus,
598 1219 723 1246 omne
744 1204 884 1246 forum
905 1221 1029 1262 quem
1053 1214 1215 1262 spectat
1234 1213 1276 1247 et
1296 1221 1421 1247 omne
1441 1205 1641 1257 tribunal,

242 1267 243 1272 ¹
327 1273 684 1331 Quandocunque
705 1274 807 1316 deos
828 1275 895 1316 vel
915 1290 1049 1331 porco
1069 1275 1137 1318 vel
1157 1276 1265 1318 bove
1285 1275 1438 1332 placat,

323 1347 431 1389 Jane
451 1355 585 1404 pater,
609 1347 734 1398 clare,
758 1347 870 1389 clare
891 1364 988 1390 cum
1009 1349 1118 1390 dixit
1139 1348 1311 1404 Apollo,

236 1424 291 1462 60
324 1419 470 1462 Labra
489 1427 643 1471 movet,
666 1428 858 1462 metuens
879 1421 1044 1462 audiri:
1079 1421 1268 1463 Pulchra
1288 1420 1496 1471 Laverna,

321 1490 395 1532 Da
414 1490 518 1531 mihi
539 1489 696 1541 fallere,
720 1490 775 1532 da
789 1491 907 1547 justo
929 1498 1158 1547 sanctoque
1179 1490 1335 1541 videri3

202 1643 206 1646 .
246 1628 276 1648 v.
299 1616 354 1648 40.
382 1619 614 1656 medicandum,
641 1617 800 1656 insanum,
832 1617 976 1655 stultum,

201 1661 362 1692 helleboro
376 1661 564 1691 curandum.

246 1716 276 1736 v.
308 1703 362 1735 42.
396 1711 554 1741 secantur,
585 1704 790 1742 dirimuntur,
821 1711 858 1736 ut
883 1715 978 1745 supra

203 1748 267 1779 Sat.
289 1748 319 1780 I.
340 1747 390 1779 10.
412 1747 463 1779 15.
512 1750 698 1781 Ridiculum
719 1750 789 1780 acri
799 1749 924 1790 fortius
949 1757 979 1781 et

200 1794 314 1824 melius
327 1803 462 1832 magnas
473 1793 661 1834 plerumque
675 1799 757 1824 secat
772 1803 830 1824 res.

243 1846 274 1867 v.
306 1834 360 1866 43.
386 1842 544 1871 tenemur,
576 1835 767 1871 obtinentur,
791 1837 831 1866 ab
859 1835 976 1877 injuria

202 1879 422 1916 vindicantur;
448 1878 593 1918 exempla
618 1878 827 1910 Ciceroniana
848 1878 912 1910 vid.
940 1879 974 1910 in

202 1925 332 1956 Emesa.
352 1922 441 1954 Clav.
465 1922 531 1953 Cic.
552 1933 576 1952 s.
596 1933 623 1953 v.
640 1929 753 1954 tenere.

244 1977 273 1997 v.
291 1965 344 1997 45.
366 1969 502 2001 Intrors.
531 1972 616 2007 turp.
642 1978 720 2007 spec.
744 1968 824 2007 pelle
854 1969 973 2004 decora,

198 2021 294 2050 supra
312 2011 376 2042 Sat.
397 2010 446 2040 11.
469 2008 498 2040 1.
516 2009 570 2040 65.
617 2012 794 2042 Detrahere
808 2017 835 2041 et
845 2012 970 2051 pellem,

197 2056 319 2086 nitidus
334 2066 397 2096 qua
413 2055 542 2095 quisque
557 2065 617 2094 per
638 2066 690 2085 ora
708 2057 841 2092 Cedent,
857 2055 972 2085 intror-

199 2110 271 2131 sum
286 2101 396 2139 turpis.

245 2152 274 2171 v.
291 2140 346 2173 47.
370 2143 442 2173 laris
456 2153 522 2173 non
538 2143 649 2180 ureris,
665 2141 710 2172 sic
724 2151 820 2182 supra
837 2142 900 2173 Sat.
921 2141 971 2172 11.

200 2184 231 2216 7.
249 2185 303 2216 58.
319 2187 423 2226 virgis
437 2187 500 2217 uri.

244 2240 273 2260 v.
292 2228 346 2260 49.
375 2231 496 2261 Renuit
511 2230 708 2270 negitatque;
732 2229 829 2270 vulgo
844 2229 971 2270 legeba-

200 2279 271 2304 tur:
302 2275 408 2305 renuit
433 2279 524 2313 negat
554 2279 656 2313 alque.
708 2272 770 2303 Sed
796 2275 968 2309 Bentleius,

198 2327 295 2358 quem
310 2323 438 2348 secutus
451 2326 532 2349 sum.
555 2315 722 2346 durissima
741 2316 864 2355 copulae
878 2323 974 2358 atque

199 2367 271 2400 post
302 2367 394 2401 negat
430 2359 636 2390 collocatione
661 2360 733 2400 jure
763 2360 903 2390 offensus
931 2359 972 2390 ad

198 2404 338 2434 duorum
351 2403 481 2443 optimae
495 2410 579 2433 notae
597 2403 699 2434 Codd.
718 2403 814 2433 fidem
830 2403 965 2442 recepit:

198 2450 305 2479 renuit
318 2449 497 2488 negitatque
505 2462 517 2483 ;
541 2457 602 2476 vox
622 2448 761 2487 negitare
783 2447 867 2486 apud
889 2447 970 2486 opti-

198 2501 269 2523 mos
307 2500 450 2531 quosque
482 2489 647 2529 scriptores
675 2490 787 2527 obvia;
825 2490 971 2530 exempla

199 2534 329 2575 collegit
358 2536 437 2566 Fea.
487 2533 558 2563 Nec
587 2533 740 2573 displicet,
763 2544 860 2574 quam
886 2534 966 2564 eod.

198 2579 394 2610 Bersnwmzi
408 2576 509 2613 offert,
537 2577 647 2607 lectio:
672 2579 841 2617 renuitque
860 2585 968 2617 negat-

197 2633 268 2663 que.
318 2621 507 2652 Suavissime
529 2626 635 2650 autem
659 2620 815 2650 Horatius
831 2631 864 2651 se
879 2627 969 2651 vocat

198 2667 363 2700 Sabellum,
385 2664 485 2706 quasi,
501 2663 554 2705 qui
570 2673 643 2694 rure
659 2663 778 2701 vivunt,
795 2663 923 2694 liberius
937 2670 969 2695 et

199 2709 337 2749 apertius
350 2708 531 2749 loquantur.

242 2763 272 2783 v.
289 2751 343 2783 51.
367 2753 500 2788 milvius,
526 2761 591 2781 non
613 2760 708 2790 rapax
730 2756 853 2780 tantum
870 2750 935 2780 avis
950 2762 967 2781 e

198 2806 315 2838 genere
336 2795 531 2835 accipitrum,
547 2794 601 2825 sed
616 2804 709 2834 rapax
733 2804 858 2834 quoque
876 2794 968 2833 piscis

198 2850 314 2871 nomen
337 2840 421 2880 gerit
440 2840 548 2875 milvii,
562 2838 618 2879 qui
631 2837 750 2868 volanti
764 2837 874 2867 similis
888 2847 966 2876 prae-

197 2883 248 2913 dae
263 2883 425 2923 captandae
440 2893 535 2913 causa
555 2891 650 2921 supra
663 2891 750 2912 mare
771 2891 805 2910 se
827 2880 969 2911 attollere

198 2926 332 2964 dicitur3
356 2926 416 2957 vid.
436 2925 520 2957 Plin.
541 2925 588 2956 H.
609 2925 652 2956 N.
673 2924 778 2956 v111.
799 2922 852 2954 26.
874 2924 969 2954 Ovid.

198 2969 344 3001 Halieut.
360 2981 387 3002 v.
403 2969 455 3002 95.
479 2971 567 3002 Nam
579 2970 719 3011 gaudent
731 2970 847 3009 pelago,
863 2969 969 3009 quales

1022 1619 1218 1660 Scombrique
1243 1621 1415 1661 Bovesque,
1444 1619 1588 1659 Hippuri
1612 1620 1731 1656 celeres,
1761 1626 1791 1651 et

1020 1663 1110 1702 nigro
1139 1669 1255 1702 tergore
1287 1664 1390 1694 Milvi.
1436 1663 1567 1694 Milvius
1593 1661 1634 1692 ad
1657 1662 1791 1702 piscium

1021 1715 1124 1746 genus
1155 1705 1426 1747 Coryphaenarum
1448 1704 1617 1747 (doraden)
1635 1705 1791 1745 pertinere

1021 1748 1155 1779 videtur.
1245 1755 1398 1790 opertum,
1424 1758 1495 1779 esca
1519 1747 1692 1780 obductum
1705 1761 1718 1788 ς
1748 1750 1790 1780 si-

1021 1792 1139 1823 militer
1152 1803 1248 1832 supra
1263 1793 1368 1833 Epist.
1385 1792 1416 1824 Ι.
1430 1790 1461 1824 ’7.
1477 1789 1529 1822 74.
1554 1794 1665 1825 hamus
1687 1795 1794 1826 occul·

1018 1841 1079 1867 tus.

1062 1889 1091 1910 v.
1107 1877 1160 1909 54.
1178 1881 1223 1911 Sit
1236 1890 1302 1920 spes
1303 1881 1454 1923 fallendi,
1469 1883 1504 1911 at
1513 1878 1538 1908 si
1552 1878 1609 1910 tibi
1623 1878 1705 1911 forte
1718 1890 1790 1920 spes

1019 1922 1060 1953 sit
1084 1922 1241 1954 malefacti
1265 1933 1389 1963 poenam
1412 1923 1486 1954 dolo
1514 1928 1547 1953 et
1574 1922 1685 1955 fraude
1706 1923 1789 1955 effu-

1019 1966 1146 2007 giendi3
1234 1969 1371 1999 miscebis
1385 1978 1474 1998 sacra
1485 1967 1640 2009 profanis,
1655 1976 1742 1999 sacra
1755 1974 1789 1998 et

1016 2010 1148 2050 profana
1168 2010 1201 2040 in
1224 2010 1316 2041 nullo
1336 2010 1422 2050 apud
1436 2017 1468 2041 te
1481 2016 1576 2041 erunt
1596 2009 1787 2049 discrimine,

1015 2053 1170 2095 quidquid
1199 2054 1310 2085 suadet
1336 2053 1446 2091 libido,
1475 2052 1582 2084 facies.
1641 2053 1732 2085 Infra
1753 2054 1788 2085 in

1018 2096 1120 2136 Epist.
1135 2097 1175 2128 ad
1194 2097 1258 2128 Pis.
1271 2096 1346 2129 397.
1359 2099 1434 2140 saie
1448 2099 1514 2128 haec
1527 2098 1676 2138 sapientia
1686 2109 1787 2139 quon-

1016 2143 1101 2177 dam,
1125 2143 1257 2173 Publica
1274 2143 1406 2183 privatis
1427 2151 1593 2178 secernere,
1606 2151 1698 2172 sacra
1710 2152 1786 2182 pro-

1003 2185 1109 2227 sartis.

1058 2238 1087 2258 v.
1104 2226 1159 2259 56.
1177 2230 1301 2260 Damn-
1319 2234 1375 2266 est,
1391 2228 1466 2270 ws-
1484 2239 1528 2260 m.
1539 2238 1574 2268 p·
1591 2227 1695 2259 lenius
1716 2229 1786 2266 isto²

1014 2271 1169 2302 damnum
1184 2272 1322 2312 quidem,
1345 2270 1431 2312 quod
1452 2270 1531 2301 mihi
1551 2270 1612 2302 hoc
1625 2270 1711 2301 furto
1726 2282 1782 2311 pa-

1017 2322 1115 2352 ratur,
1132 2322 1176 2346 est
1192 2316 1304 2357 lenius,
1321 2315 1375 2345 sed
1389 2314 1512 2345 facinus
1527 2323 1591 2344 non
1606 2321 1653 2344 est
1667 2314 1783 2353 lenius,

1017 2365 1064 2389 est
1093 2365 1125 2389 et
1153 2365 1260 2389 manet
1286 2359 1419 2389 furtum.
1468 2357 1558 2389 Dicit
1581 2363 1689 2388 autem
1713 2359 1783 2390 haec

1017 2401 1172 2432 Horatius
1185 2401 1226 2432 ad
1241 2401 1421 2441 paradoxon
1440 2401 1628 2438 Stoicorum,
1646 2401 1702 2442 qui
1717 2413 1783 2434 om.

1015 2447 1069 2477 nia
1081 2451 1208 2486 peccata
1220 2447 1312 2486 paria
1326 2455 1388 2476 esse
1402 2446 1590 2475 statuebant.

1057 2499 1086 2520 v.
1103 2487 1156 2519 57.
1183 2490 1237 2520 Vir
1249 2490 1358 2526 bonus,
1380 2498 1444 2518 non
1459 2498 1530 2518 vere
1543 2489 1656 2526 bonus,
1672 2487 1727 2519 sed
1742 2498 1782 2525 ex,

1013 2532 1136 2573 vulgari
1161 2532 1320 2571 opinione,
1346 2537 1383 2562 ut
1411 2532 1573 2572 sequentia
1600 2531 1782 2563 docent.—

1013 2587 1105 2616 quem
1119 2582 1244 2616 spectat,
1267 2584 1342 2606 cum
1363 2575 1553 2606 verecundia
1573 2574 1710 2616 quadam
1724 2577 1781 2607 ob-

1011 2626 1120 2650 servat.

1055 2673 1084 2692 v.
1104 2661 1157 2693 59.
1175 2664 1257 2694 June
1278 2667 1381 2702 pater,
1406 2661 1520 2699 Janus,
1546 2667 1582 2692 ut
1603 2661 1692 2700 dem,
1713 2668 1781 2694 tam

1010 2712 1077 2737 toto
1091 2715 1188 2743 anno,
1207 2715 1303 2746 quam
1324 2715 1517 2746 unoquoque
1531 2704 1582 2736 die
1603 2707 1697 2736 rebus
1709 2716 1782 2738 sus-

1010 2749 1162 2789 cipiendis
1184 2748 1304 2786 favens,
1329 2749 1550 2787 invocabatur3
1584 2749 1658 2780 hinc
1684 2759 1782 2790 supra

1014 2793 1076 2824 sat.
1097 2792 1149 2824 11.
1167 2791 1197 2823 6.
1217 2791 1270 2822 20.
1283 2797 1375 2832 pater
1388 2794 1566 2824 matutinus
1579 2799 1717 2824 vocatur.

1053 2847 1081 2866 v.
1109 2835 1161 2867 60.
1192 2837 1299 2868 Labra
1322 2842 1430 2871 movet,
1452 2836 1607 2867 mussitat.
1698 2838 1783 2873 Pub,

1013 2882 1086 2911 ebra
1100 2881 1261 2916 Lauerna,
1283 2886 1372 2909 vetus
1389 2879 1492 2911 Schol.
1513 2882 1661 2912 Laverna
1677 2881 1712 2912 in
1726 2882 1778 2912 via

1013 2925 1133 2955 Salaria
1147 2925 1256 2955 lucum
1270 2924 1358 2954 habet
1368 2938 1379 2960 ‚·
1406 2929 1450 2954 est
1463 2930 1569 2955 nutem
1584 2925 1641 2955 dea
1653 2924 1783 2966 furunt,

1014 2967 1193 3009 (hominum
1209 2966 1512 3008 fraudulentorum),
1534 2969 1616 2999 dicta
1631 2968 1778 2999 Lauerna
