1904 3250
239 201 294 239 54

866 191 1174 243 HORATH

1643 208 1751 255 [Lm.
1776 219 1807 247 1.

779 401 1047 450 CARMEN
1077 407 1279 451 XXVII.

855 544 925 575 AD
951 545 1184 578 SODALES.

355 683 495 725 NATis
515 683 559 723 in
579 697 704 723 usum
724 682 883 723 laetitiae
905 682 1073 740 scyphis

354 754 564 811 Pugnare,
589 752 809 794 Thracum
830 761 893 794 est
906 767 931 794 ε’
949 753 1082 794 tollite
1103 753 1331 795 barbarum

411 826 595 877 Morem,
618 825 987 883 verecundumque
1011 825 1227 868 Bacchum

528 899 776 956 Sanguineis
796 898 1018 954 prohibete

1038 899 1154 940 rixis.

297 975 322 1012 5
355 971 467 1012 Vino
488 978 531 1013 et
549 971 733 1013 lucernis
755 970 914 1013 Medus
935 972 1126 1014 acinaces

355 1045 546 1087 Immane
567 1053 772 1102 quantum
793 1045 1029 1101 discrepat!
1062 1046 1238 1102 impium

412 1114 562 1156 Lenite
585 1114 824 1165 clamorem,
848 1114 1027 1166 sodales,

530 1187 587 1229 Et
607 1188 749 1230 cubito
770 1196 983 1230 remanete
1002 1204 1162 1245 presso.

236 1304 383 1341 carmine,
399 1314 463 1345 quo
485 1304 594 1335 laudes
608 1305 743 1346 alicujus
757 1305 936 1344 celebrant;
959 1305 1004 1337 sic

235 1347 323 1388 apud
337 1347 452 1389 virgil.
472 1348 585 1389 Eclog.
607 1349 713 1380 VIII.
735 1348 785 1380 12.
804 1349 845 1381 de
866 1349 1005 1381 carmine

237 1391 354 1422 Asinio
385 1391 526 1422 Pollioni
556 1402 664 1424 sacro.
705 1399 798 1435 atque
827 1395 910 1425 hanc
939 1395 1006 1425 sine

235 1441 376 1476 tempora
391 1437 510 1467 circ-um
533 1437 626 1467 Inter
646 1438 784 1468 victrices
806 1439 931 1469 ederam
952 1438 1006 1469 tibi

235 1489 357 1519 serpere
381 1480 496 1511 lauros.
526 1485 558 1510 et
585 1479 630 1511 sic
659 1480 745 1520 apud
777 1480 872 1511 Pind.
905 1480 1001 1512 Nem.

237 1521 327 1552 XII.
357 1521 429 1553 113.
449 1524 558 1564 στεφά»
559 1537 603 1558 ους
628 1524 703 1566 ιῖιρευ
728 1530 761 1555 et
785 1524 916 1564 Olymp-
936 1523 1000 1555 VI.

239 1563 432 1605 147.15'pv0u;
450 1568 578 1598 sexium.
596 1567 689 1607 plura
703 1566 790 1599 dabit
808 1567 858 1599 Cl.
879 1569 1005 1600 Musch.

235 1626 280 1635 ·—
293 1611 386 1650 Pimp
387 1611 441 1646 le'i,
460 1610 611 1649 Haaaezni‘,
629 1610 738 1648 Musa,
754 1621 773 1642 a
792 1610 930 1651 Pimpla,
955 1611 1003 1642 vel

238 1652 395 1693 Pimplea,
408 1653 551 1684 Thraciae
564 1653 662 1691 fonte,
678 1655 784 1685 Musis
798 1665 896 1686 sacro.
929 1656 1002 1686 dul·

234 1697 287 1732 cis,
304 1707 324 1727 a
338 1703 449 1727 cantus
462 1696 641 1735 dulcedine,
669 1697 802 1733 ἡδυεπής.
859 1700 998 1737 honores,

234 1739 387 1777 carmina,
418 1739 461 1770 sic
492 1741 577 1780 mua}
608 1743 722 1773 κλυταὶ
750 1741 835 1782 apud
865 1742 995 1773 Pindar-

236 1783 334 1814 Nem.
354 1784 416 1815 IX.
431 1781 484 1814 24.
502 1784 542 1815 cf.
563 1787 688 1817 Mitsch.
822 1787 890 1818 ibus
904 1788 998 1824 novis,

235 1826 375 1858 carmine
389 1839 473 1863 novo,
488 1828 518 1858 h.
534 1839 561 1859 e.
576 1827 685 1868 lyrico,
697 1838 739 1870 qu
773 1839 900 1860 enemo
914 1829 1000 1869 apud

239 1871 404 1902 Romanos
429 1878 502 1902 ante
530 1872 702 1903 Horatium
727 1872 849 1909 cecinit,
877 1872 937 1911 vel,
963 1879 1001 1904 ut

234 1914 302 1954 ipse
317 1914 361 1945 ait
375 1915 449 1946 infr.
469 1915 539 1946 ΙΙΙ.
558 1915 612 1946 30.
633 1914 683 1947 13.
702 1916 787 1958 quod
799 1918 945 1957 princeps
959 1919 1002 1948 ad

236 1959 332 1990 Italos
353 1961 457 1989 modos
482 1961 617 1992 deducit.
707 1961 816 1992 Lesbio
837 1962 930 2001 plece.
957 1960 998 1991 cf.

236 2011 321 2042 supr.
341 2001 370 2032 Ι.
392 2000 419 2032 l.
439 2000 492 2032 34.

423 2089 636 2122 CARMEN
661 2091 823 2123 XXVII.

281 2175 503 2216 Conspicimus
520 2178 586 2219 jam
603 2184 729 2218 poetam
744 2178 779 2209 in
794 2179 899 2210 media
913 2189 1000 2210 com·

235 2220 396 2260 potatione
411 2227 595 2258 versantem,
612 2228 644 2252 et
658 2229 785 2254 strenue
806 2223 850 2254 ibi
863 2222 1001 2254 modim-

228 2262 387 2303 'peratoris
395 2271 513 2314 partes
537 2272 693 2306 agentem.
743 2266 808 2296 Vix
838 2267 925 2298 enim
951 2277 1001 2298 so-

235 2305 332 2345 dales,
349 2307 405 2348 qui
421 2307 556 2338 nimium
578 2309 652 2339 vino
674 2309 879 2347 incaluerant,
895 2311 1001 2341 rixan-

234 2356 294 2388 tes,
321 2350 567 2388 tumultuantes,
598 2359 630 2382 et
657 2353 780 2392 poculis
809 2354 942 2385 invicem
968 2365 1002 2385 se

234 2399 377 2445 petentes
390 2393 486 2431 videt,
509 2405 582 2425 cum
601 2398 704 2426 statim
727 2407 792 2427 non
815 2397 882 2428 sine
894 2396 1000 2439 indig-

236 2437 364 2470 natione
386 2437 536 2480 exsurgit,
560 2449 614 2469 eos
638 2440 773 2480 graviter
795 2440 946 2481 increpat,
969 2449 1002 2473 et

236 2491 303 2513 non
323 2480 428 2513 solum
454 2481 578 2513 sublato
599 2483 800 2514 barbarorum
825 2484 907 2515 inter
927 2484 1001 2516 vina

236 2535 326 2556 more
350 2535 384 2556 se
408 2524 532 2566 quietos
556 2532 663 2556 tenere
683 2526 784 2567 jubet,
812 2528 865 2559 sed
890 2538 1000 2559 eorum

235 2568 359 2600 animos
380 2578 507 2610 quoque
525 2578 570 2606 re,
594 2569 697 2599 multo
719 2572 820 2611 magis
841 2578 1002 2611 compota-

236 2612 317 2644 tioni
330 2612 546 2650 conveniente,
569 2622 731 2652 occupare,
754 2620 785 2644 et
799 2614 843 2646 sic
857 2626 877 2645 a
891 2615 958 2646 rixa
971 2622 1003 2646 et

236 2656 374 2688 clamore
394 2655 557 2687 incondito
577 2655 618 2687 ad
635 2656 745 2697 jocum
768 2663 800 2688 et
814 2658 1003 2689 hilaritatem

236 2707 376 2731 avertere
389 2698 504 2731 suidet.
554 2699 705 2740 Appellat
718 2698 817 2740 igitur
830 2702 1003 2732 rixantium

238 2754 352 2781 unum,
367 2753 508 2785 quocum
527 2743 615 2774 haud
629 2742 692 2774 alio
707 2750 808 2782 pacto,
825 2745 885 2775 nisi
900 2746 926 2775 is
941 2752 1002 2776 sta-

237 2786 294 2817 tim
311 2787 436 2827 puellae,
458 2796 555 2828 quam
569 2794 664 2824 amet,
680 2796 797 2817 nomen
812 2787 870 2819 sibi
884 2788 1003 2820 indica-

237 2830 324 2866 verit,
353 2842 386 2862 se
414 2829 586 2862 bibiturum
612 2840 679 2862 esse
700 2830 766 2868 ait;
789 2830 844 2861 ille
866 2832 1003 2871 primum

238 2883 380 2905 recusare
395 2881 427 2905 et
440 2873 652 2916 tergiversari;
678 2873 835 2905 Horatius
850 2885 888 2905 eo
902 2875 1004 2906 acrius

237 2916 362 2955 instare,
386 2925 419 2949 et
432 2926 497 2949 tam
512 2916 672 2949 laudando
685 2917 754 2959 ejus
767 2917 801 2947 in
816 2928 922 2948 amore
944 2919 1001 2949 ho·

238 2967 401 2998 nemmem,
433 2972 530 3002 quam
561 2961 658 2993 fidem
690 2968 723 2992 et
757 2960 1000 2992 taciturnitatem

238 3013 327 3034 suam
350 3005 585 3044 promittendw
598 3005 627 3037 ei
652 3004 780 3037 tandem
806 3004 997 3045 persuadere,

1012 3049 1034 3079 8

1047 1312 1086 1338 ut
1098 1306 1181 1338 clam
1204 1306 1320 1347 puellae
1341 1310 1459 1338 nomen
1481 1307 1539 1340 sibi
1563 1307 1597 1339 in
1618 1317 1710 1340 aures
1724 1308 1811 1341 insu·

1046 1356 1158 1381 surr-et.
1207 1350 1283 1387 Quo
1312 1350 1434 1389 audito,
1462 1351 1576 1383 sodalis
1604 1361 1755 1390 amorem,
1793 1363 1812 1384 e

1048 1403 1122 1435 quo,
1139 1404 1213 1425 cum
1228 1394 1326 1425 semel
1340 1394 1395 1425 ille
1415 1406 1436 1426 a
1458 1395 1572 1435 puellae
1594 1395 1684 1427 istius
1705 1396 1811 1428 illece-

1048 1437 1112 1468 bris
1126 1437 1160 1467 in
1181 1448 1257 1468 eum
1279 1448 1312 1468 se
1334 1438 1446 1470 irretiri
1468 1449 1578 1478 passus
1598 1438 1647 1475 sit,
1670 1439 1811 1480 expediri

1048 1481 1180 1512 omnino
1205 1487 1350 1522 nequeat,
1379 1482 1579 1520 exhorrescit,
1609 1490 1641 1513 et
1665 1483 1812 1514 miseram

1047 1525 1117 1566 ejus
1131 1532 1246 1555 sortem
1262 1524 1355 1556 dolet.
1370 1543 1415 1550 -—
1429 1526 1586 1566 Compara
1600 1525 1711 1558 similis
1725 1526 1811 1557 colo-

1047 1569 1090 1599 ris
1111 1578 1236 1599 carmen
1265 1569 1381 1600 Anacr.
1409 1569 1528 1601 LVII.
1545 1568 1566 1600 7
1581 1580 1663 1638 seqq.
1678 1576 1711 1602 et
1726 1570 1811 1602 'rhe-

1045 1622 1121 1654 o.gn
1140 1623 1168 1642 v.
1187 1610 1253 1642 485
1267 1622 1320 1652 seq

1089 1666 1117 1686 v.
1139 1654 1232 1686 1—4.
1260 1622 1357 1687 Natqis
1371 1656 1402 1687 h.
1421 1666 1447 1687 e.
1463 1656 1563 1694 sactis,
1578 1657 1698 1688 effictis.
1718 1656 1808 1688 Mar-

1043 1698 1108 1730 tial.
1129 1699 1227 1730 XIV.
1246 1698 1319 1730 102.
1352 1702 1468 1741 Accipe
1489 1712 1552 1732 mm
1573 1703 1624 1732 vili
1644 1702 1753 1733 calices
1773 1702 1810 1732 dc

1037 1744 1167 1784 pulvere
1195 1749 1292 1775 natos.
1382 1745 1417 1775 in
1446 1754 1542 1775 usum
1571 1745 1633 1776 loee.
1665 1746 1700 1774 in
1734 1753 1810 1774 eum

1042 1786 1151 1822 finem.
1177 1793 1214 1818 ut
1245 1791 1349 1817 essent
1375 1786 1495 1818 laetitiae
1529 1787 1747 1819 instrumenta.
1765 1804 1811 1812 —

1043 1832 1147 1872 scyph.
1160 1848 1204 1855 —
1214 1833 1356 1872 scyphus,
1371 1826 1432 1872 qui
1447 1830 1572 1871 proprie
1587 1837 1625 1862 ut
1638 1832 1810 1866 cantharus

1046 1874 1101 1916 (cf.
1126 1884 1211 1913 supr.
1241 1874 1268 1904 1.
1286 1873 1339 1904 20.
1357 1872 1409 1915 2.)
1441 1873 1570 1905 Baccho
1594 1884 1690 1912 sacer,
1719 1868 1811 1915 (Ma-

1044 1919 1127 1949 crob.
1155 1917 1194 1948 V.
1223 1916 1276 1948 21.
1282 1917 1295 1958 )
1317 1917 1386 1958 jam
1407 1927 1466 1958 pro
1490 1917 1601 1959 quovis
1706 1917 1749 1948 lo.
1765 1933 1811 1942 —

1051 1963 1213 1993 Thracum
1226 1967 1272 1993 est
1286 1971 1329 1992 sc.
1348 1970 1426 1992 mos.
1445 1960 1485 1992 cf.
1506 1971 1590 2001 supr.
1604 1961 1646 1993 ad
1664 1959 1760 1993 1.18.
1777 1960 1810 1992 9.

1045 2016 1161 2036 —ver.
1187 2007 1306 2037 Bacch.
1331 2016 1442 2045 sanga.
1463 2005 1811 2046 proh.r1·=.h.e.eta

1045 2048 1284 2099 compotatione,
1314 2048 1370 2080 ubi
1397 2047 1538 2079 modeste
1565 2054 1598 2080 et
1632 2043 1810 2080 verecunde

1045 2092 1162 2132 percipi
1198 2092 1313 2124 debent
1353 2091 1472 2123 Bacchi
1509 2101 1652 2129 munera,
1696 2091 1809 2132 procul

1043 2137 1152 2167 abesse
1163 2136 1274 2177 jubete
1287 2135 1370 2167 rixas
1384 2146 1572 2176 sanguineas
1585 2136 1618 2166 h.
1635 2145 1662 2166 e.
1682 2134 1724 2166 ad
1745 2134 1810 2165 vim

1043 2186 1077 2211 et
1099 2179 1220 2210 caedem
1246 2185 1430 2219 spectantes.
1443 2179 1692 2211 -verccundar
1721 2181 1808 2211 Bac-

1043 2225 1118 2255 chus
1140 2229 1176 2253 ut
1198 2233 1282 2263 supr.
1309 2222 1338 2254 I.
1366 2220 1416 2253 18.
1442 2220 1473 2253 7.
1498 2223 1645 2254 Bacchus
1659 2223 1808 2259 modicus.

1044 2266 1085 2298 de
1113 2266 1291 2297 verecundo
1319 2273 1352 2297 et
1385 2264 1520 2302 modico,
1549 2265 1652 2307 qualis
1681 2265 1809 2297 Baccho

1044 2310 1156 2352 placet,
1177 2309 1243 2340 vini
1263 2319 1334 2340 usu.
1375 2310 1538 2341 Bacchum
1555 2309 1715 2350 prohibere
1734 2310 1809 2341 rixis

1045 2364 1121 2394 pro:
1152 2352 1237 2383 rixas
1257 2362 1417 2383 removere
1438 2358 1470 2383 et
1490 2361 1594 2383 arcere
1616 2363 1636 2383 a
1659 2353 1808 2391 Bacch03

1044 2398 1088 2428 sic
1109 2397 1192 2436 apud
1211 2395 1283 2427 Liv.
1303 2395 1446 2427 XXXI.
1463 2394 1516 2426 25.
1544 2407 1632 2437 agros
1653 2398 1808 2428 sociorum

1039 2441 1289 2482 populationibus
1308 2440 1469 2481 prohibere
1489 2449 1564 2480 pro:
1589 2439 1809 2480 populationes

1043 2494 1149 2516 arcere
1163 2485 1203 2514 ab
1217 2483 1300 2525 agris
1313 2483 1481 2514 sociorum.

1088 2538 1116 2558 v.
1141 2526 1238 2558 5-8.
1293 2528 1362 2559 Vin.
1394 2532 1425 2558 et
1452 2528 1474 2558 l.
1507 2527 1556 2558 M.
1588 2537 1635 2559 ac.
1666 2527 1721 2558 im·
1748 2537 1803 2568 qu.

1044 2573 1136 2603 discr.
1175 2570 1239 2602 dici
1273 2570 1358 2601 enim
1400 2569 1453 2600 vix
1494 2568 1607 2609 potest,
1650 2575 1808 2612 quantum

1046 2614 1148 2646 caedes
1167 2625 1188 2646 a
1211 2613 1373 2645 nocturnis
1397 2613 1679 2653 compotationibus
1692 2612 1809 2644 discre-

1045 2665 1110 2699 pet.
1198 2659 1314 2690 Medus
1348 2658 1502 2694 acinaces,
1538 2656 1674 2698 gladius,
1710 2666 1809 2698 quem

1049 2701 1197 2739 Media.
1225 2711 1253 2732 e.
1281 2700 1390 2732 Parthi
1416 2699 1472 2742 (cf.
1500 2699 1647 2740 supr.1.
1675 2698 1707 2731 2.
1733 2698 1806 2740 51.)

1045 2752 1168 2787 gestare
1181 2744 1356 2782 solebant,
1341 2753 1409 2786 ¹iam
1424 2753 1482 2784 pro
1502 2742 1806 2785 quibusque'armis,

1046 2789 1162 2831 quibus
1208 2788 1309 2820 caedes
1351 2793 1554 2829 perpetratur.
1666 2788 1808 2819 immane

1047 2839 1206 2874 quantum
1234 2842 1293 2872 pro
1319 2830 1463 2882 vulgari:
1497 2830 1615 2861 mirum
1639 2837 1807 2881 quantum,

1047 2877 1078 2907 h.
1097 2887 1124 2908 e.
1143 2875 1334 2918 longissime.
1410 2875 1542 2915 impium
1556 2874 1588 2905 h.
1601 2884 1629 2905 e.
1647 2874 1806 2911 insanum,

1045 2930 1109 2960 quo
1134 2926 1248 2960 praeter
1269 2919 1415 2960 pietatem
1441 2923 1474 2948 et
1496 2917 1665 2949 amicitiam
1686 2917 1807 2949 sodales

1045 2970 1155 2995 contra
1166 2963 1288 2995 sodales
1311 2967 1487 3004 assurgunt.
1577 2967 1606 2993 et
1632 2961 1734 2993 ωιόὶιο
1755 2972 1806 2992 re·

1045 3013 1167 3039 manete
1192 3018 1305 3048 presso,
1330 3015 1431 3048 neque
1452 3015 1491 3036 ex
1518 3003 1606 3036 lectis
1628 3004 1737 3036 vestris
1765 3003 1806 3035 ad
