1904 3250
823 200 1099 232 PRAEFATm.
1694 193 1749 234 vii

185 320 352 356 notatus
369 311 463 362 fuit,
483 310 674 352 mihimet
692 309 772 365 ipsi
791 308 963 351 liberius
983 308 1152 359 indulsi,
1174 315 1231 359 et,
1253 323 1355 350 voce
1385 310 1572 350 incendia
1601 309 1644 350 in
1672 313 1746 351 sti-

178 397 335 450 pendia
357 394 536 444 mutata,
569 391 869 443 difficultatem,
906 407 990 449 qua
1018 391 1089 433 hic
1116 390 1235 433 locus
1264 391 1548 447 premebatur,
1571 393 1743 434 removi.

186 480 400 522 Praeterea
417 494 498 536 ego
516 479 606 534 ipse
626 478 670 518 in
690 485 810 518 textu
830 476 935 518 nihil
954 477 1124 527 tentavi,
1157 477 1238 518 nisi
1269 476 1384 534 quod
1413 477 1471 519 iii.
1492 481 1533 519 2.
1554 481 1594 519 5.
1615 479 1747 535 parti-

185 562 323 606 culam
340 567 390 612 et,
411 576 507 618 quae
526 559 630 602 mihi
650 559 863 617 superflua
881 558 941 600 ibi
960 574 1051 602 esse
1077 558 1311 611 videbatur,
1344 558 1568 602 delendam
1588 561 1743 603 curavi.

185 649 237 692 In
257 646 518 704 conjecturis,
541 661 643 702 quas
664 645 708 686 in
727 645 838 686 notis
857 645 1072 702 proposui,
1094 661 1180 687 una
1200 653 1263 687 est
1285 645 1521 703 Epod.17.
1554 650 1625 689 81.
1645 664 1742 706 quae

182 747 267 775 non
306 731 424 782 mihi,
465 730 539 772 sed
575 730 829 772 Amicissimi
863 729 1047 772 Jacobsii
1075 730 1254 772 debetur
1282 731 1476 774 acumini.
1540 731 1645 774 Erat
1673 733 1746 775 illa
1780 758 1783 761 -

182 829 362 872 quoque,
385 828 510 870 quam
530 813 773 868 reciperem,
794 810 1051 868 dignissima,
1074 826 1172 853 cum
1206 813 1258 863 τῷ
1286 813 1468 854 habentis
1498 812 1542 854 in
1574 815 1746 856 valentis

182 904 343 939 mutato
362 895 520 952 duplici
539 895 738 936 orationis
757 892 991 935 insolentiae
1016 895 1197 950 (phrare
1216 898 1322 936 artis
1341 909 1444 951 pro:
1476 898 1582 937 artis
1599 910 1740 947 cau-sa,

181 987 224 1022 et
241 981 305 1021 nil
318 980 467 1020 mitum
485 991 586 1034 pro:
617 977 680 1018 m‘l
694 975 842 1028 exitus)
865 975 1033 1033 egregie
1054 984 1335 1017 succurratur.

239 1144 370 1195 Quod
389 1145 444 1187 ad
463 1144 848 1200 interpretationem
870 1143 1031 1194 attinet,
1061 1142 1249 1199 quamvis
1280 1143 1396 1184 omni
1417 1156 1519 1184 cura
1538 1151 1581 1184 et
1601 1143 1742 1184 studio

179 1231 224 1272 in
242 1245 293 1272 ea
310 1237 497 1272 versatus
530 1245 635 1280 sum,
671 1244 749 1271 nec
781 1243 916 1285 pauca
947 1228 1041 1270 loca
1070 1227 1307 1269 difficiliora
1335 1242 1457 1278 nova,
1479 1242 1607 1284 quam
1627 1228 1671 1269 in
1691 1228 1741 1268 iis

177 1302 435 1375 explicandis
454 1318 666 1375 ingressus
687 1331 793 1366 sum,
814 1315 882 1357 via
901 1314 1129 1371 explanare
1149 1314 1304 1365 studui,
1336 1330 1387 1356 ea
1415 1323 1555 1356 tamen
1575 1329 1662 1355 non
1683 1315 1743 1355 vi-

176 1403 234 1444 ris
254 1401 402 1452 doctis,
425 1400 498 1442 sed
518 1400 723 1442 tironibus
743 1399 934 1454 inprimis
954 1413 1023 1440 me
1043 1397 1282 1440 consultum
1302 1398 1439 1449 ivisse,
1460 1397 1581 1440 facile
1602 1398 1738 1449 docet,

176 1503 260 1546 qua
278 1502 379 1528 usus
400 1501 505 1536 sum,
527 1483 830 1540 interpretandi
859 1483 980 1525 ratio.
1042 1482 1154 1524 Nam
1175 1483 1219 1524 in
1239 1482 1391 1540 quibus
1412 1482 1626 1536 doctrinae-
1639 1482 1740 1524 alias

174 1573 266 1616 laus
285 1580 328 1614 et
347 1572 468 1628 copia
488 1571 603 1613 cerni
622 1578 665 1612 et
696 1571 857 1612 censeri
892 1569 1010 1620 solet,
1047 1569 1090 1611 in
1123 1569 1174 1610 iis
1208 1568 1269 1611 sui
1301 1569 1482 1619 brevior,
1519 1577 1564 1610 at
1597 1569 1643 1610 in
1675 1569 1739 1619 iis,

175 1668 271 1711 quae
290 1651 346 1694 ad
364 1659 501 1708 poetae
521 1652 694 1693 virtutes
724 1658 766 1692 et
796 1651 1021 1692 sententias
1055 1650 1238 1705 penitius
1267 1649 1582 1706 perspiciendas
1602 1648 1741 1691 facere

174 1737 429 1788 viderentur,
450 1735 578 1793 paulo
607 1736 828 1792 copiosior,
860 1735 1050 1792 adeoque
1069 1734 1259 1776 utilitatis
1280 1735 1414 1792 magis
1445 1749 1573 1790 quam
1591 1733 1740 1791 gloriae

177 1820 400 1862 studiosus.
460 1819 528 1861 Ne
556 1834 670 1869 vero,
706 1819 951 1875 priusquam
982 1819 1072 1873 ipse
1092 1818 1146 1859 de
1166 1833 1422 1875 unoquoque
1442 1817 1627 1859 carmine
1647 1817 1742 1858 dili-

175 1904 341 1963 gentius
361 1903 620 1959 cogitassem,
642 1901 821 1943 aliorum
845 1901 1144 1957 explicationes
1174 1910 1332 1943 temere
1362 1900 1651 1957 amplecterer,
1673 1899 1740 1942 vel

173 1987 220 2028 in
238 2001 386 2028 eorum
405 1966 622 2041 opinion-es
641 1999 709 2026 me
729 1971 1071 2039 inducipaterer,
1096 1984 1235 2042 legem
1254 1984 1359 2025 mihi
1380 1985 1528 2040 scripsi
1547 1983 1670 2035 hanc,
1693 1992 1741 2025 ut

173 2072 340 2114 nonnisi
352 2073 443 2127 jam
463 2078 577 2112 certa
596 2070 650 2111 de
670 2070 996 2127 uniuscujusque
1017 2070 1212 2111 carminis
1233 2070 1409 2111 consilio
1429 2078 1472 2112 et
1491 2085 1618 2111 sensu
1638 2085 1739 2111 con-

173 2163 295 2212 cepta
324 2155 464 2196 animo
496 2154 700 2195 sententia
734 2154 985 2209 interpretes
1020 2153 1195 2203 adirem,
1232 2161 1287 2203 et,
1322 2167 1418 2210 quae
1447 2153 1573 2194 bonae
1603 2153 1737 2210 frugis

172 2239 285 2295 apud
319 2254 391 2280 eos
420 2239 717 2295 reperirentur,
749 2237 793 2277 in
822 2251 946 2278 usum
975 2251 1117 2277 meum
1147 2243 1449 2277 converterem.
1512 2235 1618 2286 Nec,
1641 2251 1736 2292 quae

170 2321 262 2363 aliis
291 2329 463 2378 accepta
492 2321 641 2371 refero,
673 2319 944 2370 dissimulavi,
979 2319 1066 2369 sed,
1100 2319 1341 2375 ubicunque
1371 2334 1479 2374 opus
1500 2318 1733 2367 videbatur,

169 2407 282 2450 bona
318 2407 404 2448 fide
442 2406 634 2448 indicavi.
698 2404 873 2461 Optima
910 2413 1050 2446 autem
1086 2404 1368 2460 suppeditavit
1408 2387 1735 2445 Mitscherlichii

170 2487 504 2538 commentarius,
546 2486 827 2543 exquisitioris
866 2485 1071 2527 doctrinae
1108 2485 1230 2541 copia
1263 2484 1571 2535 refertissimus,
1609 2499 1735 2540 quem

152 2574 340 2631 'quidem
358 2588 410 2615 eo
428 2572 639 2614 lubentius
659 2572 703 2613 in
734 2579 875 2628 partes
904 2571 1063 2621 vocavi,
1101 2586 1186 2627 quo
1218 2571 1352 2628 magis
1372 2572 1461 2627 ejus
1483 2578 1629 2611 auctor
1643 2570 1734 2625 jam

168 2657 282 2708 olim,
303 2657 358 2699 ad
378 2658 495 2713 cujus
515 2655 756 2711 exemplum
770 2671 838 2697 me
854 2670 1163 2711 componerem,
1177 2655 1282 2695 mihi
1297 2655 1435 2696 extitit
1450 2652 1731 2710 dignissimus.

166 2746 280 2788 Nam
297 2759 384 2785 non
405 2744 493 2784 sine
513 2758 676 2784 summa
695 2742 822 2784 animi
841 2742 1055 2798 voluptate
1073 2743 1129 2803 ‚in
1160 2743 1407 2784 memoriam
1441 2755 1593 2782 revoco
1624 2739 1730 2781 illud

169 2837 346 2885 tempuS‚
363 2842 447 2884 quo
466 2841 553 2868 non
574 2825 710 2867 solum
728 2826 888 2868 intimae
907 2841 985 2867 nos
1004 2840 1160 2881 pueros
1180 2826 1223 2866 in
1246 2824 1390 2866 schola
1413 2823 1607 2864 Portensi
1626 2824 1731 2865 ami-

170 2908 278 2950 citiae
297 2906 667 2963 familiaritatisque
687 2905 855 2947 tenebat
884 2904 1111 2955 vinculum,
1144 2903 1218 2946 sed
1248 2911 1440 2944 mutuum
1462 2917 1629 2959 quoque
1649 2902 1728 2943 ho-

912 2984 931 3004 a
953 2971 975 3002 4
