1904 3250
199 194 254 232 44

827 193 1134 237 HORATII

1603 196 1710 244 [ΠΒ.
1735 207 1764 233 1.

257 320 283 358 5
318 311 456 369 Clare,
481 318 709 370 Maeceuas,
733 335 873 375 eques,
896 327 943 361 ut
962 319 1126 374 paterni

317 392 520 435 Fluminis
541 393 658 448 ripae,
670 392 805 455 simul
826 400 869 433 et
881 393 1028 448 jocosa

318 465 534 507 Redderet
554 464 698 507 laudes
720 465 796 506 tibi
818 464 1012 505 Vaticani

723 533 886 575 Montis
907 534 1061 591 imago.

316 605 543 647 Caecubam
564 612 606 646 et
624 603 759 660 praelo
779 603 982 644 domitam
1005 602 1165 644 Caleno

233 682 283 719 10
316 678 387 720 Tu
407 679 524 720 bibes
546 693 693 719 uvam:
726 692 820 718 mea
840 691 919 718 nec
942 676 1133 718 Falernae

315 752 574 808 Temperant
595 753 712 803 vites,
734 767 871 808 neque
894 750 1109 794 Formiani

723 820 883 863 Pocula
902 821 1043 863 colles.

195 956 378 989 ciendorum
417 966 522 993 causa,
563 961 712 986 mactatas
745 954 852 992 fuisse,
883 964 957 986 cum

195 999 334 1037 aliunde,
357 1010 386 1030 v.
405 1009 433 1030 c.
454 999 593 1034 Martial.
609 999 676 1030 IX.
694 997 747 1029 91.
769 996 818 1028 16.
833 1004 903 1028 tum
917 1008 957 1029 ex

199 1044 309 1074 Tacito
334 1043 356 1073 l.
376 1043 397 1074 l.
425 1049 556 1080 constat,
586 1043 642 1073 ubi
668 1043 743 1073 ille:
777 1044 892 1079 hostiae,
922 1048 958 1074 ut

194 1090 324 1129 quisque
344 1093 437 1123 vovet,
454 1098 555 1118 mares
576 1088 765 1126 deliguntur,
791 1086 960 1117 certissima

182 1133 267 1175 fides
283 1132 538 1173 llaedorumfibris
548 1146 560 1166 ,-
583 1130 688 1170 itaque
709 1135 844 1161 mactata
860 1131 957 1160 hostia

195 1175 319 1214 proprie
333 1174 431 1214 accipi
447 1184 535 1214 posse
549 1174 694 1204 existimo
708 1186 717 1211 3
740 1173 804 1211 alii,
824 1172 865 1204 de
886 1173 960 1204 hos·-

194 1218 310 1249 tiarum
333 1217 535 1259 sanguinein
550 1218 643 1248 sacris
667 1216 798 1248 Veneris
819 1215 955 1254 solliciti,

193 1271 269 1302 pro:
296 1267 451 1292 transacto
476 1260 635 1297 sacrificio,
659 1261 796 1300 positum
811 1270 878 1291 esse
898 1270 955 1291 au-

194 1311 341 1343 tumant3
365 1306 461 1337 veniet
475 1306 582 1342 lenior,
597 1305 771 1344 placabitur
789 1310 821 1335 et
841 1303 956 1335 amoris

195 1349 260 1380 mei
273 1347 430 1379 cruciatus
443 1348 577 1378 le'nitum
593 1348 704 1379 veniet.

415 1435 626 1466 CARMEN
651 1435 733 1466 XX.

177 1547 180 1551 Δ
241 1521 422 1559 Maecenati,
438 1522 491 1564 qui
517 1522 714 1559 Horatio„se
728 1521 870 1562 proxime
884 1531 959 1552 eum

195 1565 370 1597 invisurum
391 1576 467 1602 esse,
484 1566 660 1606 promisisse
674 1565 808 1603 videtur,
823 1575 864 1596 ne
879 1575 959 1596 vana

194 1610 278 1641 forte
290 1609 355 1640 vini
370 1609 584 1651 generosioris,
597 1609 690 1650 quale
705 1609 764 1649 ipsi
779 1611 829 1645 sit,
845 1618 958 1649 expec-

195 1652 314 1685 tatione
328 1652 485 1690 eludatur,
502 1653 548 1684 nil
569 1653 630 1684 nisi
647 1655 702 1685 vile
716 1655 868 1686 Sabinum
882 1663 958 1692 sup·

132 1730 134 1732 ,
194 1696 370 1739 peditatum
384 1696 433 1734 iri,
449 1698 581 1727 breviter
594 1696 759 1738 significat.
804 1696 867 1728 Sed
880 1696 959 1728 dum

196 1742 257 1771 hoc
271 1740 333 1771 vile
347 1740 456 1771 vinum
471 1740 505 1770 in
520 1740 706 1771 memoriam
721 1740 852 1772 illustris
873 1740 959 1771 illius

196 1783 270 1822 diei,
284 1793 349 1824 quo
367 1784 528 1815 Maecenas
545 1784 672 1824 publica
688 1784 912 1816 acclamatione
925 1784 959 1814 in

196 1828 318 1858 theatro
332 1834 481 1867 exceptus
494 1827 597 1858 fuerat
611 1839 630 1858 a
644 1828 772 1868 populo,
796 1838 830 1859 se
851 1827 960 1861 condi-

197 1870 281 1903 disse
294 1871 360 1909 ait3
384 1871 464 1902 mira
478 1881 552 1902 sane
573 1872 751 1903 urbanitate
772 1871 855 1902 illud
879 1882 898 1902 a
925 1881 960 1902 re

196 1914 407 1952 commendat,
437 1925 510 1955 quae
540 1910 872 1946 Maecenati‘debebat
894 1925 960 1946 esse

192 1957 433 2001 jucundissima.
473 1959 570 1995 Quod
585 1959 625 1989 de
639 1958 812 1997 occasione,
823 1969 887 2000 qua
900 1959 961 1989 hoc

197 2011 324 2033 carmen
340 2002 496 2042 scripserit
510 2009 611 2042 poeta,
636 2003 796 2044 Cruquius
814 2013 832 2033 e
854 2002 961 2034 codice

196 2055 255 2077 suo
272 2044 376 2076 Divaei
391 2045 515 2076 attulit:
539 2048 754 2083 Maecenatem,
767 2048 801 2078 in
811 2048 962 2088 Apuliam

196 2091 329 2127 iturum,
346 2091 478 2121 Horatio
493 2091 687 2133 significasse,
701 2102 733 2122 se
747 2092 781 2122 in
800 2092 911 2123 itinere
925 2091 962 2122 in

197 2135 295 2175 ipsius
317 2134 421 2164 villam
447 2135 594 2165 Sabinam
618 2137 829 2170 dener-surum,
853 2141 961 2165 utrum

197 2186 308 2207 verum
323 2176 364 2207 sit
384 2186 443 2207 nec
466 2187 505 2207 ne
516 2177 530 2206 ἲ
554 2177 589 2207 in
603 2177 690 2208 haud
706 2188 823 2219 magno
840 2188 959 2218 ponen-

198 2218 278 2251 dum
306 2230 373 2251 esse
403 2219 525 2250 videtur
557 2220 745 2251 discrimine.
809 2222 959 2253 Ceterum

197 2265 259 2295 hoc
273 2273 400 2294 carmen
422 2263 544 2294 brevius
558 2263 591 2294 in
606 2274 735 2295 censum
750 2275 859 2296 eorum
874 2272 960 2296 retu-

197 2306 299 2344 lerim,
327 2317 399 2348 quae
427 2313 521 2346 poeta
548 2307 650 2339 subito
671 2315 703 2338 et
732 2307 961 2350 αὐτοσχεδιωστὶ

198 2361 340 2382 exarasse
352 2349 485 2381 videtur.

241 2405 272 2426 v.
308 2391 403 2425 1—4.
447 2395 509 2425 Vile
539 2395 699 2431 Sabi-num,
730 2395 816 2434 parvi
845 2406 959 2436 nempe

198 2437 291 2479 pretii
311 2437 374 2469 fuit
394 2438 503 2469 vinum
525 2439 686 2476 Sabinum,
701 2438 786 2479 quod
804 2439 887 2469 Plin.
910 2441 956 2471 H.

202 2482 247 2514 N.
273 2481 375 2513 XIV.
408 2480 440 2511 2.
483 2484 619 2513 crudum
649 2489 680 2512 et
708 2489 871 2514 austerum
906 2494 959 2515 vo-

201 2532 270 2564 cat3
358 2527 439 2558 mod·
458 2527 563 2557 cautla.
580 2542 624 2550 ·-—
638 2528 820 2563 cantharus,
842 2537 896 2557 vas
916 2528 962 2558 vi-

200 2570 336 2606 narium,
358 2576 514 2606 ansatum,
537 2574 569 2600 et
587 2568 682 2608 paulo
696 2569 849 2609 capacius,
866 2581 885 2601 e
899 2581 963 2612 quo

200 2613 234 2642 in
248 2612 363 2652 pocula
376 2612 498 2643 minora
511 2611 620 2643 vinum
634 2612 811 2643 transfundi
832 2614 958 2652 solebat,

200 2656 321 2687 dictum
336 2657 465 2687 fortasse
478 2656 531 2691 ita,
546 2654 631 2696 quod
646 2654 685 2686 ad
699 2655 834 2686 sormam
855 2669 958 2689 scara.

202 2701 269 2736 baei,
285 2699 341 2741 qui
366 2699 487 2731 Graecis
507 2700 652 2743 niv-<lagae
675 2699 798 2735 dicitur,
821 2701 960 2732 effictum

202 2750 304 2781 esset;
334 2753 420 2774 sacer
439 2742 581 2783 inprimis
602 2745 770 2774 cantharus
790 2742 852 2775 suit
880 2745 961 2776 Bac-

203 2787 282 2823 clio;
302 2787 369 2827 jam
384 2786 418 2817 hi
431 2788 586 2825 canthari,
601 2796 638 2817 ex
655 2785 768 2827 quibus
782 2788 865 2826 apud
891 2788 961 2818 Ho-

203 2829 317 2859 ratium
343 2840 400 2870 pro
426 2841 460 2862 re
486 2831 554 2872 ejus
574 2829 699 2861 modica
716 2829 840 2861 modice
854 2831 962 2861 bihen-

204 2872 282 2902 dum
311 2880 400 2910 esset,
425 2873 484 2914 ipsi
513 2874 661 2904 dicuntur
681 2875 801 2905 modici.
827 2881 864 2904 ut
886 2874 957 2904 infr.

207 2915 308 2953 Epist.
327 2917 354 2947 1.
369 2916 400 2947 5.
415 2917 446 2949 2.
460 2919 580 2950 modica
590 2919 713 2958 patella.
761 2917 963 2958 Quamquam

206 2958 284 2988 nihil
301 2959 439 2998 impedit,
454 2972 518 3002 quo
532 2961 637 2992 minus
650 2963 812 2993 cantharas
832 2963 962 2992 modicos

205 3001 245 3032 de
260 3002 389 3034 modicae
405 3004 631 3046 magnitudinis
646 3004 709 3037 sive
725 3003 819 3045 paulo
835 3005 962 3036 minoris

999 955 1110 986 sormae
1129 953 1298 987 cantharis'
1309 954 1514 995 explicemus,
1533 961 1575 993 et,
1590 955 1764 997 grandioris

999 1000 1110 1030 formae
1121 1000 1287 1031 cantharus
1299 999 1384 1039 apud
1395 997 1523 1030 ditiores
1535 998 1571 1029 in
1584 1009 1645 1031 usu
1657 999 1761 1038 fuisse,

1001 1049 1186 1075 statuamus.
1282 1044 1391 1075 Graeca
1431 1048 1508 1074 testa
1545 1043 1697 1081 Romani,
1727 1050 1764 1075 ut

1003 1087 1077 1119 satis
1105 1094 1228 1123 notum,
1259 1085 1394 1118 condere
1422 1086 1533 1117 vinum
1561 1087 1703 1118 solebant
1728 1087 1764 1118 in

1000 1131 1080 1162 vasis
1104 1129 1262 1168 fictilibus,
1285 1140 1421 1171 quorum
1441 1130 1654 1170 praestantiota
1674 1130 1763 1162 suere

1005 1177 1125 1210 Graeca,
1148 1175 1212 1205 sive
1233 1173 1319 1215 quod
1344 1181 1426 1205 terra
1447 1179 1479 1205 et
1499 1174 1652 1210 materies,
1669 1184 1687 1205 e
1700 1184 1764 1216 qua

998 1218 1034 1249 in
1048 1217 1210 1249 nonnullis
1225 1216 1357 1249 Graeciae
1368 1217 1544 1249 civitatibus
1555 1216 1763 1249 conficieban-

999 1269 1062 1300 tur,
1081 1268 1161 1292 esset
1181 1261 1302 1298 melior,
1327 1266 1360 1291 et
1382 1270 1492 1292 eorum
1515 1261 1648 1292 bonitati
1662 1267 1695 1292 et
1708 1261 1762 1292 fir-

998 1306 1100 1337 mitati
1121 1304 1365 1342 convenientior,
1388 1305 1452 1335 sive
1465 1304 1550 1346 quod
1565 1304 1697 1336 artifices
1719 1304 1763 1336 ibi

999 1350 1033 1380 in
1063 1349 1102 1380 iis
1130 1347 1286 1391 fingendis
1310 1348 1519 1386 excellerent;
1549 1347 1590 1379 ad
1611 1348 1764 1379 nobiliora

1001 1392 1144 1432 inprimis
1181 1392 1339 1432 pertinent
1380 1403 1454 1423 vasa
1501 1395 1654 1428 Cumana.
1690 1402 1764 1433 quae

1001 1436 1098 1478 vulgo
1119 1436 1200 1466 inter
1214 1446 1286 1466 vasa
1303 1435 1466 1475 Campana
1489 1435 1632 1466 Etruscis
1651 1446 1764 1466 accen-

1001 1480 1061 1512 seri
1086 1479 1195 1516 solent,
1222 1480 1263 1510 cf.
1295 1478 1415 1510 Tibull·
1443 1479 1492 1510 11,
1521 1477 1554 1510 3.
1583 1477 1636 1509 28.
1662 1485 1695 1510 et
1718 1479 1763 1510 ibi

1003 1527 1126 1566 Heyne.
1215 1524 1271 1554 levi
1298 1523 1331 1553 b.
1356 1533 1384 1553 e.
1416 1522 1519 1554 oblevi
1548 1523 1694 1571 ςῆλιιῄρὶ
1716 1533 1760 1555 sc.

1002 1569 1070 1608 pice
1096 1566 1146 1598 vel
1175 1576 1255 1604 cera,
1280 1565 1396 1607 quibus
1417 1576 1470 1597 cor
1501 1575 1523 1596 x
1545 1577 1565 1597 o
1598 1568 1762 1606 inebatur3

1004 1609 1173 1644 Columell.
1201 1609 1288 1641 XII.
1311 1608 1361 1641 18.
1378 1610 1451 1640 hinc
1471 1610 1544 1640 infr.
1565 1609 1637 1642 111.
1655 1609 1686 1641 8.
1709 1609 1759 1642 10.

1001 1657 1143 1687 corticem
1153 1655 1339 1685 adstrictum
1356 1655 1425 1694 pice
1446 1656 1600 1685 demovere
1621 1660 1654 1684 et
1677 1654 1764 1695 apud

1004 1698 1123 1730 Tibuu.
1143 1697 1194 1729 ΙΙ.
1216 1696 1244 1728 l.
1261 1696 1314 1728 28.
1332 1699 1457 1729 vincula
1472 1699 1546 1729 cado
1564 1698 1638 1730 Chio
1651 1699 1764 1730 solvere

1002 1742 1127 1774 dicitur.
1216 1744 1306 1773 datus
1331 1742 1366 1773 in
1390 1743 1510 1773 theatro
1534 1751 1562 1772 c.
1587 1742 1642 1772 tibi
1653 1743 1758 1782 plaur-

1002 1797 1040 1817 eo
1054 1785 1116 1822 die,
1131 1795 1196 1827 quo
1209 1784 1267 1816 tibi
1280 1786 1437 1816 theatrum
1456 1784 1598 1826 ingresso
1610 1784 1763 1824 applaud-

1001 1832 1074 1861 ebat
1094 1829 1252 1869 populus;
1269 1845 1312 1854 -
1325 1829 1487 1860 Maeeenas
1505 1828 1594 1859 haud
1620 1827 1717 1860 dubie
1742 1839 1764 1860 ι

1001 1874 1112 1904 morbo
1133 1878 1299 1910 recreatus,
1314 1872 1364 1903 vel
1388 1883 1409 1903 a
1429 1872 1518 1914 gravi
1531 1870 1669 1912 quodam
1683 1873 1764 1912 peri-

1002 1917 1077 1948 culo
1097 1916 1258 1954 liberatus,
1280 1915 1421 1956 primum
1441 1922 1512 1956 post
1532 1914 1662 1956 aliquod
1682 1921 1763 1947 tem·

1003 1960 1089 2001 poris
1101 1959 1301 1991 intervallum
1316 1960 1376 1990 hoc
1388 1958 1441 1991 die
1454 1959 1489 1990 in
1513 1959 1670 1992 theatrum
1690 1969 1764 1999 pro-

1003 2004 1114 2042 dierat,
1130 2003 1186 2034 ubi
1208 2013 1296 2034 nunc
1315 2002 1447 2035 solemni
1460 2001 1516 2034 illa
1529 2002 1657 2034 homnis
1669 2009 1702 2034 et
1715 2002 1765 2034 fa·

1003 2048 1085 2079 voris
1104 2046 1341 2089 significatione,
1364 2057 1436 2088 quoe
1459 2046 1529 2077 aliis
1548 2055 1674 2088 quoque
1691 2045 1765 2078 viris

1004 2091 1137 2133 magnis,
1161 2097 1200 2121 ut
1221 2090 1376 2128 Ciceroni,
1404 2089 1558 2130 Pompeio
1570 2095 1643 2120 cett.
1660 2089 1762 2130 eonti-

1003 2136 1062 2176 git,
1078 2146 1098 2166 a
1111 2133 1229 2174 populo
1246 2134 1393 2166 Romano
1406 2140 1556 2173 exceptus
1568 2139 1626 2164 est.
1643 2132 1684 2164 ef.
1701 2133 1760 2164 inf.

1046 2233 1076 2254 v.
1091 2221 1187 2253 5-8.
1208 2221 1284 2263 Ego
1297 2230 1424 2262 quoque
1437 2219 1472 2250 in
1487 2219 1615 2260 vulgata
1628 2219 1763 2252 lectione

1006 2269 1083 2299 Care
1105 2267 1271 2300 Maecems,
1298 2275 1391 2306 eques
1414 2262 1587 2303 epitheton,
1609 2263 1650 2294 ad
1670 2274 1763 2306 equa

1002 2308 1214 2346 referendum,
1230 2307 1466 2344 desidembanu
1487 2306 1594 2348 itaque
1616 2317 1680 2338 non
1701 2308 1763 2339 du-

1001 2354 1096 2386 bitavi
1117 2352 1284 2383 lectionem
1298 2362 1318 2382 a
1334 2349 1481 2382 Bentleio
1501 2361 1519 2381 e
1540 2350 1648 2382 codice
1667 2352 1762 2394 regin

1003 2396 1166 2429 societatis
1185 2394 1393 2436 propositam:
1419 2396 1519 2430 Clare,
1542 2395 1709 2433 Maecenas,
1731 2407 1764 2428 e-

1002 2452 1088 2482 ques,
1108 2440 1142 2470 in
1164 2447 1286 2471 textum
1306 2437 1451 2477 recipere.
1501 2438 1656 2474 Quamvis
1676 2439 1763 2470 enim

1005 2485 1166 2516 Maecenas
1194 2492 1251 2523 pro
1281 2481 1502 2519 familiaritate,
1529 2492 1602 2523 quae
1629 2482 1660 2513 ei
1687 2493 1763 2514 cum

1008 2527 1147 2559 Horatio
1160 2525 1381 2562 intercedebat,
1395 2531 1479 2556 recte
1493 2525 1603 2560 abillo
1616 2525 1679 2557 dici
1692 2533 1763 2566 pot-

1006 2579 1072 2603 erat
1097 2581 1200 2606 carus,
1231 2576 1268 2601 ut
1288 2568 1362 2601 infr.
1393 2569 1444 2600 11.
1472 2568 1526 2600 20.
1555 2568 1587 2600 9.
1622 2570 1762 2607 dilectus,

1001 2621 1108 2646 tamen
1123 2615 1158 2646 τὸ
1170 2616 1263 2652 clare,
1278 2612 1320 2645 ad
1332 2623 1430 2654 eques,
1445 2612 1531 2654 quod
1545 2613 1613 2644 sine
1626 2613 1764 2653 epitheto

1001 2658 1104 2700 friget,
1119 2658 1265 2694 relatum,
1287 2656 1389 2687 multo
1409 2666 1496 2687 nunc
1516 2663 1564 2687 est
1584 2656 1762 2698 significan-

1003 2702 1076 2733 tius.
1124 2701 1215 2733 Infra
1233 2710 1360 2742 quoque
1383 2699 1454 2731 111.
1478 2698 1528 2731 16.
1547 2698 1600 2731 20.
1645 2700 1764 2732 Mace-

1004 2756 1061 2777 nas
1073 2748 1167 2778 decus
1179 2747 1320 2787 equitum
1334 2749 1472 2775 vocatur.
1555 2745 1762 2787 paternishe-

1004 2791 1108 2827 mim‘s,
1126 2789 1258 2826 Tiberis,
1281 2789 1320 2820 ab
1343 2787 1481 2824 Etruria,
1499 2786 1685 2818 Maecenatis
1705 2797 1762 2828 pa-

1004 2833 1072 2870 tria,
1095 2832 1277 2864 delabentis.
1373 2832 1513 2863 Vaticani
1539 2832 1664 2868 montis,
1686 2841 1764 2873 ergo

1007 2876 1167 2907 Maecenas
1186 2876 1344 2917 ingressus
1364 2880 1411 2906 est
1429 2876 1587 2907 theatrum
1609 2876 1762 2916 Pompeii,

1006 2919 1090 2960 quod
1116 2929 1212 2959 prope
1243 2918 1382 2950 Tiberim
1406 2917 1447 2949 ad
1472 2923 1611 2950 montem
1635 2918 1762 2950 Vatica-

1007 2973 1082 2992 num
1111 2973 1216 2993 versus
1238 2963 1332 2994 situm
1353 2961 1424 2992 fuit.
1514 2963 1621 2994 montis
1650 2963 1760 3003 imago,

1009 3005 1117 3045 Echo,
1142 3007 1181 3038 cf.
1201 3017 1283 3048 supr.
1297 3005 1336 3039 ad
1355 3004 1404 3038 12.
1418 3003 1448 3037 4⁴.
