1904 3250
244 163 330 202 286

882 160 1188 203 HORATII

1519 167 1675 215 [cARM.
1697 177 1806 206 xvn.

264 289 319 326 65
351 285 484 329 AErea
504 286 656 330 dehinc
678 287 790 328 ferro
811 286 979 327 duravit
999 285 1167 337 saecula,
1189 302 1369 344 quorum

469 358 555 401 Piis
577 359 761 401 secunda
780 367 874 400 vate
895 373 963 399 me
984 357 1109 403 datur
1127 357 1239 415 fuga.

742 557 1084 601 CARMEN
1129 558 1297 600 XVII.

843 714 911 746 AD
937 714 1208 747 CANIDIAM.

885 867 1150 894 HORATIUS.

349 981 444 1024 JAM
458 983 547 1038 jam
568 981 725 1025 efficaci
747 983 803 1024 do
824 998 972 1025 manus
994 984 1180 1025 scientiae

351 1051 554 1108 SuppleX‚
577 1059 619 1093 et
639 1067 715 1093 oro
736 1067 868 1110 regna
886 1067 963 1108 per
987 1051 1268 1109 Proserpinae,

350 1119 434 1162 Per
454 1129 496 1162 et
517 1119 671 1162 Dianae
691 1136 778 1163 non
798 1121 1005 1163 movenda
1026 1121 1211 1172 numina,

350 1192 434 1234 Per
454 1201 579 1250 atque
600 1193 730 1235 libros
752 1195 987 1236 carminum
1006 1193 1234 1236 valentium

291 1266 317 1305 5
348 1262 508 1305 Defixa
529 1263 633 1306 caelo
655 1263 860 1306 devocare
883 1264 1032 1314 sidera,

231 1407 286 1433 ‘yut
279 1393 330 1428 'm-
348 1413 393 1419 —
408 1394 467 1425 Καὶ
491 1394 535 1425 τοὶ
559 1394 610 1434 μὲν
633 1408 676 1425 ναι
670 1395 751 1426 'taven
772 1393 884 1428 annua
906 1396 986 1435 Sapo
973 1410 1000 1426 ov

230 1438 286 1478 ἰ’χο
288 1450 347 1471 ντες
363 1438 411 1468 Ἐν
425 1438 566 1480 μακάρων
587 1451 658 1471 mirol
660 1452 687 1469 σι
702 1438 772 1479 γάρ
788 1438 919 1470 Ὠκεανσν
939 1443 998 1476 βω-

230 1479 312 1512 θυδίν
300 1495 354 1515 νη
450 1483 493 1513 Ut
517 1482 679 1523 inquinav.
707 1493 769 1513 aere
796 1487 888 1522 temp
921 1492 992 1514 aur.

229 1530 395 1565 postquam
409 1524 538 1564 Jupiter
551 1530 676 1555 aetatem
691 1534 819 1555 auream
834 1525 867 1555 in
883 1535 997 1556 aeream

229 1574 262 1598 et
285 1567 399 1598 deinde
423 1567 458 1598 in
479 1568 614 1598 ferream
635 1568 788 1606 mutavit;
810 1570 994 1610 inquinavit,

229 1610 386 1651 σωτηρίη
410 1611 623 1653 significanter
643 1622 721 1651 pro:
747 1611 892 1649 mutavit,
915 1618 994 1644 tem-

227 1664 291 1695 pus
312 1654 450 1685 deterius
470 1654 567 1692 fecit3
589 1667 675 1696 quor.
698 1657 758 1697 piis
778 1658 906 1687 secund.
930 1662 992 1688 vat.

229 1709 279 1729 me
293 1700 356 1729 dat.
370 1699 448 1741 sug.
466 1709 539 1739 quae
559 1698 687 1740 quidem
702 1700 802 1729 ferrea
816 1698 931 1730 saecula
943 1699 996 1730 fu-

230 1751 305 1783 gere
318 1741 424 1773 licebit
438 1741 498 1782 piis
511 1752 564 1773 me
578 1749 682 1773 vatem
695 1742 910 1784 sequentibus.

434 1829 648 1861 CARMEN
670 1828 796 1861 XVII.

274 1915 418 1952 Canidia,
446 1926 543 1957 quam
576 1916 732 1948 Horatius
760 1926 854 1956 supra
888 1917 994 1956 Epod.

228 1969 323 1990 carm.
342 1958 373 1990 5.
393 1965 430 1990 ut
443 1959 642 1990 libidinosam
663 1970 763 1991 anum
777 1967 810 1991 et
824 1960 995 1991 veneficam

229 2003 362 2041 pessime
375 2003 529 2041 tractavit,
547 2004 634 2035 vario
647 2003 744 2035 modo
755 2003 834 2034 iram
849 2013 940 2034 suam
955 2005 996 2035 ob

227 2045 308 2076 illud
322 2056 448 2077 carmen
469 2047 513 2078 ita
535 2046 571 2077 in
593 2053 719 2087 poetam
740 2047 887 2078 effudisse
908 2046 995 2078 vide-

228 2095 290 2126 tur,
313 2096 350 2120 ut
364 2100 438 2120 eum
454 2090 494 2121 de
508 2090 632 2132 integro
645 2098 755 2121 contra
768 2101 802 2121 se
815 2090 995 2121 lacessitum

226 2132 267 2163 ad
292 2133 351 2164 hoc
377 2133 510 2164 alterum
539 2144 666 2165 carmen
691 2133 891 2165 scribendum
915 2134 995 2165 inei-

226 2182 315 2207 taret.
357 2176 457 2207 Poeta
470 2177 577 2218 igitur,
593 2188 627 2208 se
641 2178 746 2217 ipsum
763 2177 905 2209 Canidiae
919 2177 994 2208 arti-

225 2221 286 2251 bus
299 2219 431 2261 magicis
444 2220 579 2258 petitum
600 2227 632 2252 et·
653 2221 829 2252 saevissimis
849 2221 993 2252 cruciati-

226 2264 340 2294 busab
354 2274 392 2294 ea
412 2263 559 2294 affectum
585 2275 661 2302 esse,
683 2264 817 2306 fingens,
841 2274 906 2295 non
927 2265 994 2295 sine

225 2317 345 2348 magna
364 2306 514 2343 irrisione,
537 2314 575 2338 ut
596 2308 656 2339 sibi
678 2318 765 2339 nunc
786 2308 860 2338 satis
882 2307 993 2347 perdo-

226 2350 306 2381 mito
319 2356 435 2390 parcat,
452 2350 584 2390 supplex
606 2362 677 2382 eam
699 2357 766 2382 orat
788 2357 820 2382 et.
841 2353 989 2382 obsecrat.

229 2393 284 2425 Ad
298 2394 367 2436 e'us
379 2394 522 2424 animum
537 2401 644 2425 autem
658 2394 848 2435 placandum
863 2402 895 2426 et
908 2395 993 2425 miti-

226 2437 370 2478 gaudum
393 2437 443 2468 his
471 2437 572 2468 utitur
600 2438 791 2469 rationibusz
833 2438 993 2469 Achillem

226 2491 368 2554 quoque¹
376 2487 408 2512 et
432 2480 544 2512 Circen
566 2481 760 2522 supplicibus
781 2481 924 2521 precibus
944 2481 992 2511 lo-

228 2535 302 2555 cum
323 2523 492 2566 reliquisse,
508 2524 573 2562 ait3
596 2535 629 2555 se
651 2535 737 2556 nunc
751 2525 824 2556 satis
838 2534 993 2566 superque

227 2578 391 2607 poenarum
411 2567 444 2600 ei
461 2577 518 2608 pro
532 2578 590 2598 sua
608 2568 730 2600 dedisse
744 2568 926 2608 petulantia,
948 2575 989 2603 et,

227 2617 346 2652 quanta
373 2611 415 2646 sit
437 2611 505 2653 ejus
528 2611 564 2641 in
588 2619 653 2642 arte
676 2611 814 2643 venefica
841 2612 991 2651 potentia,

227 2655 356 2696 ingente
370 2655 477 2687 dolore
490 2660 655 2705 expertum
669 2666 754 2694 esse;
771 2665 804 2686 se
818 2655 858 2685 ad
872 2665 991 2692 omneS,

227 2709 431 2740 quascunque
452 2698 595 2740 jusserit,
639 2709 745 2738 poenas
780 2697 990 2734 exsolvendas,

228 2742 295 2773 imo
308 2742 350 2773 ad
368 2743 436 2784 ejus
458 2740 567 2773 laudea
586 2742 627 2773 ad
647 2741 760 2772 eoelum
782 2751 882 2782 usque
903 2752 992 2772 men·

227 2785 312 2817 daci
317 2785 385 2827 lyra
406 2784 599 2817 extollendus
620 2791 762 2825 paratum
785 2795 871 2823 esse;
897 2781 992 2815 Dio's-

228 2838 320 2859 curos
348 2840 474 2871 quoque
506 2828 671 2860 Stesichori
699 2828 869 2868 palinodia,
899 2834 936 2859 ut
962 2828 992 2858 ei

228 2872 351 2903 lumina
385 2873 559 2910 redderent,
593 2878 751 2912 permotos
785 2882 861 2902 ese.
929 2871 992 2903 Sed

230 2916 374 2953 Canidia,
403 2927 500 2958 quam
528 2915 765 2956 respondentem
793 2914 925 2952 inducit,
956 2926 990 2947 se

227 2958 325 2990 nullis
338 2962 481 2999 precibus
494 2960 598 3002 fmngi
618 2970 718 3001 posse,
739 2959 805 2994 imo
826 2960 866 2992 ab
881 2959 989 2992 Hora-

1042 1394 1097 1432 tio,
1123 1394 1179 1435 qui
1203 1394 1271 1436 ejus
1292 1404 1378 1426 sacra
1397 1394 1533 1431 irriserit,
1557 1399 1589 1426 et
1609 1395 1719 1426 urbem
1740 1395 1808 1437 ejus

1041 1438 1171 1469 nomine
1186 1438 1370 1478 impleverit,
1384 1437 1614 1469 crudelissimas
1630 1448 1737 1477 poenas
1751 1449 1807 1469 ex-

1041 1481 1209 1521 petitur-am
1238 1492 1305 1513 esse
1332 1481 1473 1512 minatur
1507 1488 1540 1512 et
1571 1481 1744 1521 profioetur.
1762 1500 1806 1507 —

1043 1525 1106 1556 Sed
1135 1525 1230 1566 longe
1258 1525 1348 1556 aliter
1375 1524 1416 1555 de
1450 1526 1510 1555 hoc
1546 1525 1685 1556 carmine
1712 1525 1807 1556 sentit

1039 1570 1308 1600 Mitscherlicnius.
1371 1568 1512 1600 Tantum
1539 1578 1669 1608 -nempe
1711 1569 1807 1610 hujus

1038 1622 1114 1644 cum
1145 1612 1250 1652 Epod.
1282 1611 1421 1643 carmine
1448 1611 1561 1653 quinto
1589 1621 1708 1643 nexum
1737 1622 1804 1643 esse

1039 1655 1156 1693 statuit,
1172 1662 1210 1686 ut
1223 1655 1297 1694 tela,
1311 1655 1346 1686 in
1359 1655 1417 1686 illo
1429 1655 1585 1693 inchoata,
1599 1656 1662 1686 hoc
1673 1655 1805 1687 demum

1039 1699 1166 1730 detexta
1179 1705 1211 1730 et
1223 1698 1367 1730 absoluta
1386 1698 1438 1730 sit.
1486 1699 1576 1730 Hinc
1595 1709 1616 1730 a
1636 1709 1666 1729 v.
1686 1697 1802 1731 1-51.

1039 1753 1106 1773 non
1132 1742 1317 1780 Horatium,
1342 1741 1399 1774 sed
1425 1742 1548 1773 Varum
1572 1742 1661 1783 loqui
1681 1742 1726 1774 ita
1745 1743 1806 1774 sibi

1040 1796 1225 1826 persunssum
1252 1785 1374 1823 habuit,
1402 1792 1451 1823 ut,
1480 1791 1639 1824 expuncto
1675 1785 1806 1818 Horatii

1041 1829 1181 1867 nomine,
1214 1830 1291 1860 Vari
1319 1838 1438 1860 nomen
1464 1829 1540 1860 huic
1566 1829 1710 1860 carmini
1725 1839 1807 1870 pra.

1039 1873 1204 1914 figendum
1219 1879 1350 1904 curaret.
1396 1871 1458 1904 Sed
1471 1872 1546 1903 huic
1559 1872 1702 1913 opinioni
1715 1873 1807 1913 plura

1040 1917 1074 1947 in
1088 1917 1148 1947 hoc
1161 1917 1300 1948 carmine
1313 1918 1447 1948 obstant.
1495 1915 1582 1946 Nam
1603 1922 1642 1948 ut
1661 1916 1805 1948 nihilde

1039 1971 1068 1991 v.
1083 1959 1138 1991 39.
1151 1961 1213 1992 sive
1226 1961 1451 2001 mendacilym
1469 1961 1552 1991 Voles
1565 1962 1678 1997 sormi,
1691 1959 1805 1997 dicun,

1039 2004 1200 2045 quomodo
1213 2004 1366 2035 ridiculus
1379 2004 1438 2035 iste
1455 2013 1560 2039 senex,
1584 2003 1699 2042 Varus,
1713 2013 1743 2035 v.
1760 2002 1805 2035 42

1038 2045 1135 2078 ..al-4.
1163 2057 1198 2078 se
1225 2057 1300 2078 cnm
1332 2047 1508 2078 stesichoro
1535 2056 1725 2087 comparare,
1751 2048 1802 2079 vel

1041 2090 1207 2123 Stesichori
1222 2090 1429 2130 exemplum'
1418 2100 1453 2121 m
1474 2100 1602 2121 cansam
1621 2100 1713 2122 sunm
1733 2090 1803 2122 lau-

1038 2135 1113 2166 dare
1134 2134 1259 2172 potuit?
1305 2134 1352 2166 Et
1375 2133 1546 2176 quomodo,
1570 2143 1644 2174 qum
1670 2133 1804 2166 Canidia

1038 2189 1067 2209 v.
1099 2178 1144 2209 56
1172 2188 1255 2219 seqq.
1283 2177 1376 2209 dicit.
1417 2178 1548 2210 Insultans
1575 2182 1625 2208 ut
1639 2183 1676 2208 tu
1700 2179 1804 2210 riseris

1040 2223 1172 2264 Cotyttia
1195 2224 1336 2262 Vulgata,
1350 2231 1481 2252 sacrum
1495 2221 1583 2251 liberi
1605 2221 1788 2261 Cupidinis
1782 2222 1799 2244 θ

1040 2267 1085 2298 Et
1110 2266 1268 2307 Esquilini
1293 2265 1438 2307 Pomy'ez·
1459 2264 1586 2306 venffici
1605 2265 1744 2304 Impune
1765 2271 1803 2297 ut

1044 2311 1158 2341 Urbem
1182 2310 1307 2340 nomine
1485 2306 1578 2337 meo?
1611 2306 1647 2337 in
1676 2307 1801 2339 varum

1036 2351 1212 2393 quadrant?
1258 2351 1330 2382 Imo
1351 2349 1454 2380 omnis
1464 2349 1569 2400 hujus
1588 2350 1746 2382 carminis
1753 2351 1801 2382 vis

1037 2402 1070 2426 et
1082 2395 1232 2426 acerbitas
1244 2393 1390 2433 ponenda
1402 2399 1451 2424 est
1462 2393 1497 2423 in
1511 2393 1612 2424 ironia
1622 2393 1686 2424 sive
1699 2394 1799 2426 simu-

1035 2438 1171 2476 latione;
1188 2447 1261 2468 nam
1276 2436 1355 2467 dum
1367 2436 1536 2476 palinodia,
1550 2443 1590 2467 ut
1605 2437 1799 2470 Stesichorus

1038 2482 1220 2518 Dioscuros,
1241 2479 1406 2511 Canidiam
1420 2490 1455 2511 se
1468 2480 1592 2520 placare
1605 2480 1687 2511 velle
1700 2482 1799 2513 sixnu-

1035 2525 1090 2563 lat,
1107 2535 1175 2555 eam
1190 2523 1386 2554 acerbissime
1406 2523 1554 2565 exagitat,
1575 2530 1610 2554 et
1627 2523 1706 2555 dum
1727 2535 1798 2556 eam

1033 2568 1152 2603 laudat,
1165 2567 1244 2598 salse
1257 2567 1326 2609 ejus
1338 2566 1455 2598 scelera
1475 2573 1508 2599 et
1527 2566 1647 2610 flagitia
1657 2573 1747 2600 nont
1758 2575 1798 2600 τι

1034 2611 1178 2643 traducit,

1077 2665 1107 2685 v.
1127 2653 1220 2685 1—7.
1245 2656 1320 2687 Jam
1324 2654 1399 2694 jam
1414 2656 1549 2698 efficacia
1570 2665 1686 2686 manus
1699 2657 1797 2688 scien.-

1035 2700 1168 2740 supplex,
1179 2698 1247 2740 jam
1261 2698 1393 2738 supplex
1411 2699 1453 2729 ad
1473 2707 1579 2740 genua
1598 2705 1654 2729 tun
1674 2699 1797 2738 provol-

1036 2752 1100 2779 vor,
1117 2748 1149 2772 et
1163 2741 1238 2772 artis
1251 2747 1316 2772 tuae
1331 2742 1471 2782 potentia
1489 2751 1543 2772 me
1562 2741 1680 2772 victum
1699 2741 1795 2782 profi-

1035 2792 1122 2823 teor3
1160 2796 1294 2816 manum
1329 2788 1407 2816 dare
1434 2784 1582 2816 solemnis
1609 2784 1742 2816 locutio-
1753 2785 1795 2817 de

1034 2828 1134 2867 victis,
1149 2829 1572 2860 vicini-isesubmitteutibus.
1612 2839 1725 2870 regna
1733 2840 1794 2870 per

1035 2874 1179 2913 Proserpz
1180 2884 1239 2910 Μ,
1261 2880 1329 2903 orat
1349 2872 1449 2914 igitur
1467 2880 1531 2913 pet
1543 2881 1591 2909 en,
1608 2881 1681 2914 que
1697 2872 1793 2904 Ceni-

1033 2915 1104 2953 diae,
1119 2922 1156 2946 ut
1171 2915 1324 2953 veneficae,
1340 2916 1390 2947 vel
1403 2916 1541 2953 maxime
1554 2925 1626 2947 een
1645 2921 1679 2946 et
1697 2925 1792 2947 vene-

1032 2938 1129 2991 randa
1149 2970 1214 2992 esse
1236 2959 1407 2999 debebant;
1427 2971 1484 3001 per
1504 2960 1623 2993 Diam
1642 2971 1708 2992 m
1726 2969 1793 2992 πιο-
