1904 3250
217 186 301 225 428

846 179 1152 227 HORATII

1599 192 1708 240 [mn.
1732 200 1780 230 lt.

335 310 522 352 Dimittit
541 325 677 365 neque
698 309 915 359 famosum,
938 324 1075 366 neque
1096 308 1330 364 sollicitum,
1353 328 1405 355 ne

334 379 488 429 Ditior,
512 387 583 419 aut
602 377 750 419 formae
770 377 967 429 melioris,
989 378 1115 420 meiat
1134 379 1295 422 eodem.

334 453 417 503 Tu,
440 467 569 509 quum
589 452 786 508 projectis
807 452 1054 510 insignibus,
1077 454 1232 496 annulo
1252 458 1433 512 equestri

335 525 611 581 Romanoque
631 524 791 575 habitu,
812 525 958 581 prodis
979 541 1033 567 ex
1046 526 1190 582 judice
1211 525 1351 569 Dama

246 602 300 639 55

333 597 504 652 TurpiS,
526 596 750 639 odoratum
770 606 897 654 caput
917 598 1167 641 obscurante
1187 599 1367 652 lacerna,

333 666 432 707 Non
453 680 511 716 ες,
534 666 648 723 quod
670 665 872 709 simulas?
903 666 1102 709 Metuens
1123 668 1347 720 induceris,
1369 677 1492 727 atque

331 737 574 779 Altercante
594 738 838 781 libidinibus
857 740 1001 781 tremis
1022 755 1118 782 ossa
1135 756 1303 807 pavore.

332 809 449 860 Quid
470 810 609 862 refert,
632 812 698 852 uri
719 812 860 869 virgis,
882 811 1079 869 ferroque
1098 813 1241 855 necari

330 879 587 922 Auctoratus
609 896 678 922 eas
694 897 705 931 ;
737 897 791 923 an
810 883 925 938 turpi
946 882 1112 924 clausus
1132 883 1176 924 in
1197 898 1306 934 arca,

243 954 297 990 60

331 949 431 1000 Quo
452 959 492 992 te
513 950 680 993 demisit
699 953 860 1007 peccati
882 953 1049 995 conscia
1068 952 1226 1004 herilis,

331 1023 606 1066 Contractum
626 1025 804 1082 genibus
825 1033 972 1084 tangas
994 1025 1153 1082 caput?
1184 1026 1316 1068 Estne
1336 1026 1486 1068 marito

330 1093 543 1135 Matronae
564 1095 775 1150 peccantis
796 1096 837 1136 in
860 1096 984 1137 ambo
999 1097 1113 1152 justa
1133 1100 1331 1151 potestas,

331 1164 383 1205 In
404 1172 694 1220 corruptorem
715 1165 781 1207 vel
794 1165 979 1222 justior?
1011 1166 1091 1207 Illa
1111 1174 1250 1208 tamen
1271 1181 1316 1208 se

330 1236 431 1278 Non
451 1237 610 1289 habitu,
633 1246 818 1280 mutatve
838 1239 945 1290 loco,
967 1246 1164 1295 peccatve
1186 1254 1379 1295 superne,

332 1306 478 1356 Quum
498 1316 539 1350 te
560 1307 758 1350 formidet
778 1308 940 1359 mulier,
962 1324 1099 1366 neque
1121 1309 1265 1351 credat
1284 1310 1453 1351 amanti.

332 1376 419 1418 Ibis
441 1378 519 1419 sub
539 1377 700 1420 furcam
720 1378 930 1434 prudens3
962 1375 1216 1435 dominoque
1237 1378 1392 1420 furenti

260 1517 288 1537 v.
321 1506 376 1538 51.
400 1509 553 1546 Dimittit,
569 1517 607 1538 ea
619 1517 671 1538 me
685 1507 824 1539 dimittit.

257 1561 286 1581 v.
306 1549 358 1581 54⁴.
380 1553 581 1592 Romanoque
595 1553 711 1589 habitu,
726 1557 860 1593 togatus.
902 1564 975 1593 pro-

214 1598 259 1626 dis
274 1606 309 1625 η’
320 1594 433 1634 judice
447 1597 556 1626 Dama
577 1597 701 1635 Turpis,
716 1606 735 1626 a
754 1595 907 1636 dignitate
923 1596 977 1636 ju-

213 1638 291 1669 dicis
319 1637 482 1668 descendis
510 1638 550 1669 ad
579 1638 722 1669 servilem
747 1638 976 1677 humilitatem,

213 1682 298 1718 sack,
315 1681 400 1722 quod
414 1681 588 1722 abjectioris
602 1681 790 1713 conditionis
803 1693 910 1713 servus
930 1683 977 1713 fa-

1021 1508 1068 1538 fra
1084 1508 1186 1548 Epist.
1203 1508 1230 1538 Ι.
1253 1506 1302 1538 16.
1320 1506 1374 1539 47.
1392 1509 1463 1539 loris
1477 1509 1550 1544 uri‚·
1577 1507 1617 1538 de
1637 1506 1783 1544 formula,

1019 1561 1091 1591 qua,
1107 1552 1162 1592 qui
1177 1562 1210 1582 se
1223 1553 1435 1590 auctorabant,
1447 1553 1641 1588 emebantur,
1654 1551 1785 1582 laudant.

1023 1595 1150 1626 Petron.
1176 1605 1203 1625 c.
1232 1594 1304 1626 117.
1329 1598 1374 1627 In
1394 1575 1482 1626 ve'rba
1502 1595 1659 1646 Eumolpi
1680 1606 1784 1626 sacra-

1020 1646 1162 1670 mentum
1174 1639 1370 1679 juravimus,
1390 1641 1451 1675 uri,
1477 1640 1596 1676 vinciri,
1621 1639 1784 1675 verberari,

1009 1683 1163 1724 ferroque
1183 1684 1301 1719 necari,
1322 1689 1350 1713 et
1372 1683 1520 1723 quicquid
1539 1683 1628 1714 aliud
1651 1682 1784 1714 Eumol-

212 1735 282 1756 cere
311 1725 411 1763 solet3
423 1743 467 1749 —
481 1735 559 1765 pro.
596 1737 700 1758 servus
731 1726 836 1766 posuit
867 1726 978 1757 servile
1017 1736 1080 1766 pus
1098 1726 1249 1766 jussisset,
1273 1732 1426 1776 tanquam
1455 1727 1584 1766 legitimi
1604 1726 1785 1766 gladiatores

213 1778 339 1804 nomen,
355 1770 475 1800 Dama.

257 1822 286 1842 v.
312 1810 365 1842 55.
390 1814 560 1849 odoratum,
574 1812 748 1853 unguentis
765 1813 845 1843 bene
866 1812 979 1843 olenti-

213 1858 274 1887 bus
288 1855 482 1886 delibutum·
473 1879 484 1892 ‚
507 1855 608 1895 capita
623 1855 707 1886 enim
721 1855 786 1886 sive
799 1856 901 1886 crines
920 1856 976 1886 ho-

213 1900 338 1929 minum
363 1898 592 1939 elegantiorum
623 1898 795 1940 unguentis
820 1898 919 1930 nitere
947 1905 979 1930 et

214 1944 325 1974 odores
354 1952 499 1983 spargere
527 1941 677 1973 solebant.
785 1944 977 1980 obscurante,

213 1989 390 2027 obtegente,
406 1986 583 2016 occultante
596 1988 732 2022 lacerna,
743 1986 898 2017 crassioris
911 1986 978 2026 pal-

214 2031 250 2061 lii
265 2039 390 2071 genere,
405 2039 469 2071 quo
483 2036 623 2069 tempore
636 2029 752 2070 frigido
766 2029 815 2060 vel
837 2030 979 2070 pluvioso

214 2085 248 2104 se
276 2073 434 2103 involvere
456 2073 597 2104 solebant
622 2074 722 2112 servi;
752 2073 814 2104 vid.
845 2075 976 2105 Fen-ar.

213 2122 251 2150 de
268 2120 315 2149 Re
337 2119 415 2148 Vest.
438 2116 475 2147 P.
496 2116 547 2147 ΙΙ.
564 2117 604 2148 L.
619 2117 648 2148 I.
667 2127 694 2148 c.
716 2115 744 2148 l.
763 2116 785 2147 6
799 2127 882 2159 seqq.
910 2120 981 2150 Ru-

214 2164 283 2194 ben.
304 2160 332 2191 I.
351 2159 382 2190 6.

256 2215 285 2235 v.
310 2203 364 2234 56.
393 2205 470 2235 Non
499 2215 539 2240 es,
570 2206 651 2244 quod
679 2205 834 2236 simulas?
872 2204 978 2235 nonne

213 2257 283 2280 tum
308 2258 415 2279 revera
444 2257 477 2278 es
501 2247 544 2284 id,
569 2248 655 2289 quod
683 2248 834 2279 simulas?
870 2258 978 2279 servus

214 2292 341 2329 scilicet,
358 2289 537 2334 ἀνδράποδον.
615 2293 781 2329 induceris,
798 2291 831 2322 in
846 2291 978 2323 domum

215 2342 376 2367 matronae.

258 2390 287 2410 v.
312 2377 365 2409 57.
399 2379 577 2410 Altercante
601 2380 789 2416 libidinibus,
816 2385 978 2420 pugnante

215 2434 289 2454 cum
316 2421 517 2460 libidinibus3
600 2434 708 2462 pavor,
730 2423 853 2462 retinet,
876 2422 978 2453 deter-

215 2473 284 2505 ret;
306 2468 406 2501 libido,
421 2445 566 2505 impellit,
581 2465 699 2497 incitat.

259 2521 288 2541 v.
313 2507 452 2540 58-67.
489 2511 571 2544 Quid
595 2511 688 2552 rq'ert
713 2515 784 2540 cett.
835 2510 971 2540 Sensus:

219 2553 309 2590 Quid
323 2551 450 2585 tandem
464 2559 511 2583 est
524 2552 720 2590 discriminis,
731 2560 839 2583 utrum
850 2552 976 2583 incedas

215 2597 266 2629 vel
280 2598 321 2628 sis
334 2602 523 2634 auctoratus,
540 2597 661 2638 (homo,
677 2602 761 2627 certo
775 2596 882 2635 pretio,
898 2607 976 2627 auc-

216 2647 398 2678 toramento,
412 2639 540 2671 domino
554 2639 649 2670 alicui
663 2641 712 2670 vel
726 2639 870 2670 lanistae·
860 2649 894 2669 in
913 2650 976 2669 ser-

217 2684 358 2721 vitutem,
374 2682 479 2714 velud
498 2682 641 2724 gladium
666 2682 834 2723 addictus,)
859 2687 896 2713 ut
921 2692 978 2722 pro

216 2728 338 2759 domini
352 2727 403 2758 vel
414 2726 536 2758 lauistae
558 2725 684 2757 arbitrio
708 2725 804 2767 virgis
826 2725 926 2756 uraris
946 2732 978 2757 et

216 2773 300 2803 ferro
328 2771 456 2806 necetis,
487 2780 528 2801 an
552 2769 684 2807 adulter,
706 2775 743 2799 ut
763 2770 797 2799 in
822 2769 977 2800 adulterio

216 2815 426 2856 deprehensus
438 2824 505 2844 rem
520 2823 656 2851 omnem,
671 2811 767 2843 vitam
789 2818 821 2843 et
844 2812 973 2850 famam,

216 2869 290 2890 cum
304 2868 432 2910 corpore
446 2857 580 2898 perdas?
645 2858 845 2891 Auctoratus,
863 2858 973 2897 (Schol.

1021 1771 1146 1800 domino
1184 1779 1311 1809 corpora
1345 1770 1529 1810 animasque
1564 1770 1784 1809 raligioeinimc

1022 1813 1202 1843 addicimus-

1065 1865 1093 1885 v.
1117 1854 1169 1885 60.
1192 1857 1311 1887 conscia
1324 1857 1442 1894 peccati
1466 1857 1580 1893 herilis,
1601 1854 1724 1893 ancilla,
1747 1861 1786 1886 ut

1021 1908 1116 1938 supra
1132 1899 1196 1930 Sat.
1218 1899 1246 1930 1.
1264 1898 1296 1930 2.
1317 1898 1389 1930 130.

1064 1953 1094 1973 v.
1119 1941 1172 1973 61.
1200 1946 1305 1975 Contr.
1317 1955 1389 1984 gen.
1414 1949 1526 1983 tangas
1546 1943 1672 1984 capue?
1695 1942 1784 1984 geni-

1021 1987 1081 2016 bus
1117 1986 1282 2028 contingas
1309 1992 1405 2026 caput
1439 1993 1635 2017 contractum
1669 1991 1703 2017 et
1728 1985 1783 2017 de.

1021 2029 1138 2060 flexum
1151 2030 1166 2059 ’Β
1201 2036 1297 2070 caput
1324 2030 1409 2061 enim
1431 2039 1552 2068 eorum,
1575 2030 1631 2071 qui
1658 2029 1693 2060 in
1712 2039 1784 2060 area

1022 2073 1128 2114 aliqua
1149 2073 1394 2111 absconduntur,
1417 2073 1459 2104 ad
1482 2083 1589 2115 genua
1608 2072 1730 2104 deflecti
1750 2077 1784 2104 et

1023 2116 1201 2157 detorqueri
1215 2116 1316 2149 debet.
1407 2118 1519 2155 Estne,
1533 2126 1640 2148 nonne
1653 2123 1700 2147 est
1709 2116 1725 2146 1’

1063 2171 1092 2190 v.
1117 2159 1257 2191 62-64.
1283 2163 1328 2193 In
1342 2161 1441 2198 ambo,
1455 2160 1490 2191 in
1504 2159 1681 2192 adulterum
1694 2165 1728 2190 et
1747 2159 1782 2190 in

1020 2203 1206 2235 adulteram.
1274 2207 1368 2238 Juxta
1391 2210 1534 2244 potestas,
1562 2213 1627 2234 non
1657 2209 1782 2234 numm

1021 2247 1106 2287 apud
1121 2248 1338 2285 Athenienses,
1353 2247 1408 2278 sed
1418 2248 1512 2278 etiam
1519 2245 1693 2287 antiquiore
1701 2251 1781 2277 tem-

1019 2301 1095 2331 pore
1123 2291 1207 2331 apud
1240 2292 1402 2327 Romanos
1429 2290 1547 2322 maritis
1573 2289 1782 2329 deprehensos

1020 2334 1178 2366 adulteros
1201 2334 1341 2365 occidere
1369 2333 1500 2372 licebat3
1523 2332 1587 2364 vid.
1611 2332 1704 2364 Geu.
1730 2333 1776 2364 X.

1020 2377 1073 2409 23.
1123 2377 1184 2410 Sed
1199 2377 1231 2408 in
1246 2380 1310 2419 lege
1324 2378 1412 2410 Julia
1425 2379 1462 2408 de
1483 2378 1642 2408 adulteriis
1665 2387 1778 2416 poenae,

1019 2430 1114 2463 quam
1129 2420 1232 2452 mariti
1246 2422 1285 2452 ab
1306 2419 1454 2452 adulteris
1475 2428 1645 2458 sumerent,
1666 2420 1780 2452 modus

1019 2465 1216 2505 praescriptus
1226 2470 1282 2495 est.
1293 2482 1337 2490 —
1347 2463 1446 2495 Posui
1453 2469 1523 2504 post
1525 2464 1645 2504 justior
1652 2464 1779 2505 signum

1018 2507 1277 2549 interrogationis,
1304 2513 1342 2538 ut
1362 2508 1471 2538 verbu:
1497 2509 1542 2539 In
1567 2513 1779 2548 corruptorem

1018 2554 1066 2583 vel
1082 2552 1202 2593 justior
1229 2561 1302 2582 cum
1331 2550 1576 2591 praecedentibus
1603 2551 1780 2582 cohereant

1017 2596 1079 2626 sic·
1120 2597 1237 2627 Nonne
1252 2596 1413 2635 peccantis
1432 2601 1582 2626 matronoe
1610 2597 1722 2626 marien
1742 2596 1778 2626 in

1018 2638 1334 2679 ambojusta,justior
1346 2639 1393 2670 vel
1404 2637 1534 2680 (adeo)
1523 2649 1556 2669 m
1567 2644 1777 2679 corruptorem

1020 2681 1228 2725 (adulterum)
1253 2687 1385 2731 potestas
1412 2688 1475 2713 est.
1470 2681 1486 2704 1'
1573 2683 1635 2714 lua
1671 2687 1777 2714 tamen

1018 2731 1104 2762 cett„
1133 2724 1206 2755 licet
1234 2725 1319 2755 enim
1347 2731 1490 2756 matrona
1513 2734 1639 2766 quoque
1659 2731 1776 2765 peccet,

1018 2771 1072 2801 illa
1085 2774 1188 2800 tamen
1203 2778 1234 2799 se
1248 2779 1312 2800 non
1326 2774 1426 2800 mutat
1441 2770 1559 2805 habitu,
1581 2771 1673 2811 (non,
1695 2768 1777 2799 sicut

1018 2819 1064 2850 tu,
1089 2817 1184 2851 caput
1210 2811 1332 2842 lacerna
1357 2811 1517 2852 obvolvit)
1546 2818 1682 2844 mutatve
1701 2814 1775 2850 loco,

1021 2858 1137 2898 (neque
1161 2865 1180 2885 e
1204 2854 1299 2886 domo
1323 2865 1381 2886 sua
1405 2855 1438 2886 in
1463 2861 1550 2886 tuam
1571 2866 1605 2887 se
1629 2854 1774 2894 confert)

219 2903 314 2943 Aer.)
344 2903 399 2944 qui
427 2912 458 2933 se
485 2903 625 2934 vendunt
647 2902 720 2932 ludo
750 2899 974 2941 (gladiatorio),
1014 2905 1157 2940 peccatve
1177 2909 1309 2939 superne
1335 2900 1452 2941 (neque
1477 2909 1515 2930 eo
1539 2899 1635 2930 modo
1657 2904 1774 2940 peccat,

216 2948 372 2977 auctorati
386 2952 555 2983 vocantur,-
578 2945 744 2978 auctoratio
758 2945 840 2975 enim
860 2944 976 2974 dicitur

218 2991 347 3021 tenditio
361 2991 577 3030 gladiatorum.
672 2989 730 3020 Uri
743 2988 845 3028 virgis,
868 2992 904 3018 ut
926 2986 974 3017 in-

1018 2953 1082 2985 quo
1095 2951 1196 2972 mares
1208 2942 1364 2981 peccant).

1060 2997 1088 3018 v.
1115 2984 1167 3017 65.
1197 2987 1301 3022 Quum
1319 2992 1348 3017 te
1365 2985 1516 3029 formidet
1538 2991 1621 3023 cett..
1648 2995 1722 3017 cum
1744 2991 1775 3016 te
