1904 3250
189 136 238 174 16
715 143 729 151 ⁸
819 131 1127 176 HORATII

305 258 565 315 Perpetuos:
599 258 658 300 sic
679 266 726 300 tu
747 260 914 315 sapiens
935 259 1059 300 finire
1078 265 1292 299 memento

363 328 599 371 Tristitiam
619 329 799 385 vitaeque
820 328 987 370 labores

304 398 445 450 Molli,
470 399 640 450 Plance,
662 414 804 440 mero:
836 412 910 439 seu
933 405 975 439 te
994 396 1201 454 fulgentia
1220 397 1350 455 signis

215 472 270 510 20
363 469 514 511 Castra
533 477 690 519 tenent,
714 484 788 510 seu
809 467 941 509 densa
960 466 1121 508 tenebit

304 539 478 582 Tiburis
499 540 651 581 umbra
670 539 744 580 tui.
807 537 976 578 Teucer
999 535 1213 579 Salamina
1232 546 1483 595 patremque

362 612 509 662 Quum
528 612 705 668 fugeret,
727 619 868 651 tamen
889 608 975 651 uda
997 608 1132 666 Lyaeo

303 685 519 740 Tempora
537 683 722 739 populea
740 682 875 724 fertur
895 683 1081 724 vinxisse
1102 698 1273 734 corona,

363 755 431 796 Sic
452 754 590 795 tristes
612 752 776 794 adfatus
798 752 980 793 amicos:

214 831 269 868 25
303 827 403 876 Quo
423 841 500 867 nos
522 841 702 882 cumque
722 825 828 867 feret
848 825 998 867 melior
1022 825 1211 867 Fortuna
1231 833 1419 882 parente,

357 896 531 946 Ibimus,
557 895 598 937 O
620 896 722 937 socii
743 897 1015 952 comitesque.

301 968 374 1009 Nil
394 968 707 1024 desperandum
730 968 900 1010 Teucro
921 968 1030 1010 duce
1050 976 1093 1010 et
1113 969 1284 1024 auspice
1307 967 1507 1017 Teucro;

357 1037 511 1079 Certus
532 1038 646 1079 enim
666 1039 859 1094 promisit
881 1038 1054 1094 Apollo,

299 1109 559 1166 Ambiguam
579 1108 730 1150 tellure
749 1124 860 1150 nova
882 1108 1096 1151 Salamina
1115 1108 1313 1151 futuram.

211 1185 266 1223 30
359 1180 401 1222 O
421 1181 564 1232 fortes,
586 1182 816 1239 pejoraque
835 1183 950 1237 passi

299 1250 477 1292 Mecum
496 1266 610 1306 saepe
630 1251 722 1302 viri,
743 1267 856 1293 nunc
877 1252 976 1293 vino
995 1251 1140 1308 pellite
1160 1266 1281 1294 curas
1297 1267 1307 1292 :

359 1323 466 1365 Cras
487 1323 635 1381 ingens
656 1324 903 1366 iterabimus
924 1339 1086 1382 aequor.

742 1507 1014 1550 CARMEN
1056 1507 1184 1550 VIII.

816 1627 888 1659 AD
910 1626 1122 1659 LYDIAM.

299 1730 450 1773 LYmA
471 1730 552 1782 dic,
574 1746 651 1787 per
671 1735 817 1773 omnes

356 1800 422 1842 Te
443 1800 545 1842 deos
567 1816 657 1852 oro,
684 1801 867 1858 Sybarin
888 1815 965 1843 cur
985 1813 1190 1857 properas
1211 1798 1396 1841 amando

1599 141 1708 189 [Lm.
1732 150 1762 178 1.

186 1925 321 1957 Tiburni
334 1926 436 1962 lucus,
449 1924 610 1955 memoriae
625 1925 673 1956 vel
685 1925 788 1956 cultui
804 1927 947 1961 Tiburni,
994 1923 1083 1955 VelL'
1098 1923 1169 1955 Pat.
1197 1923 1226 1954 I.
1255 1920 1284 1954 l.
1315 1922 1412 1963 δορὴ,
1437 1920 1494 1964 Aj.
1523 1917 1618 1953 1036.
1644 1920 1758 1962 Eurip.

182 1968 241 2009 qui
274 1978 349 1998 cum
378 1968 526 1999 fratribus
554 1968 630 2006 suis,
665 1970 772 2001 Catillo
801 1975 835 1999 et
858 1972 948 2006 Com,
994 1968 1074 1999 Hel.
1104 1966 1158 1998 91.
1176 1973 1209 1998 et
1235 1968 1358 2008 Heynii
1378 1965 1515 1998 Exeuu.
1543 1964 1694 1998 XXIII·
1718 1965 1762 1997 ad

185 2010 315 2043 leuris
335 2011 480 2043 conditor
500 2011 597 2042 fuisse
611 2011 737 2051 dicitur,
752 2011 839 2044 haud
853 2011 950 2044 dubie
993 2011 1086 2052 Virg.
1108 2012 1184 2042 AEn.
1205 2010 1240 2042 Ι.
1325 2020 1356 2041 v.
1374 2008 1429 2041 22.
1447 2011 1525 2046 uda,
1548 2008 1760 2052 (βιβςιφμίκι)

183 2065 271 2086 sacer
992 2054 1121 2087 madida
1134 2055 1219 2085 vino.
1309 2063 1340 2086 v.
1357 2052 1413 2085 23.

1573 2062 1704 2090 coruum.
1711 2052 1763 2083 vel

225 2109 254 2128 v.
272 2077 420 2129 ἰε-20.
443 2099 598 2130 Albus-
610 2102 725 2138 Notus,
751 2099 948 2141 (amam.)
991 2104 1143 2139 tanquam
1158 2098 1261 2135 heros,
1281 2097 1331 2128 νει
1352 2096 1439 2139 quod
1459 2095 1652 2128 mmmmm
1674 2095 1761 2127 Ha.

182 2141 300 2174 eaelum
325 2141 433 2172 album
461 2142 525 2173 sive
551 2153 697 2174 serenum
720 2143 873 2182 reddens3
904 2143 949 2174 sic
993 2141 1069 2179 culi,
1085 2141 1140 2172 cui
1156 2143 1294 2182 populus
1307 2151 1395 2172 sacra
1408 2145 1464 2172 est.

1553 2136 1656 2170 v.24·.
1678 2140 1758 2171 arist.

181 2187 266 2226 nigri
285 2187 371 2217 venti
396 2195 480 2224 supr.
506 2185 536 2215 5.
564 2185 594 2216 7.
619 2186 675 2217 ubi
697 2187 737 2218 cf.
764 2192 830 2217 not.
859 2188 949 2228 niger
991 2187 1057 2228 ‹uff-
1069 2187 1162 2217 amic.
1180 2185 1355 2217 orationem
1373 2182 1660 2216 Teucriadmdos
1671 2182 1761 2216 hubi-

182 2230 298 2261 Eunoe
325 2228 400 2259 infr.
431 2228 535 2268 Epod.
564 2228 613 2260 10.
641 2229 673 2260 5.
702 2232 805 2262 clarus
832 2232 949 2272 Aquilo
991 2235 1058 2260 tam
1071 2228 1212 2260 hausisse
1227 2228 1382 2259 Nostrum
1397 2226 1448 2259 vel
1468 2236 1508 2258 ex
1525 2225 1762 2267 Graeoenliquo

184 2272 278 2314 Virg.
299 2271 417 2313 Georg.
439 2271 467 2302 1.
485 2270 561 2303 460.
580 2275 706 2304 candidi
720 2276 857 2306 Favonii
870 2273 944 2305 infr.
991 2278 1094 2313 poeta,
1119 2271 1169 2303 vel
1194 2281 1233 2302 ex
1258 2270 1390 2303 Pacuvii

1411 2269 1574 2312 mgoedin,
1595 2274 1762 2310 mm

183 2314 256 2347 III.
274 2314 307 2347 '7-
327 2313 357 2346 l.
447 2317 578 2356 deterget
595 2327 614 2347 a
632 2318 780 2358 detergeo.
841 2328 870 2348 v.
892 2316 943 2348 18.
990 2317 1139 2351 exstabat.
1165 2317 1285 2347 Teucer
1305 2315 1463 2356 inscripta,
1501 2313 1544 2344 cf.
1571 2313 1638 2346 Cic-
1666 2312 1758 2347 0¹⁸⁸-

181 2361 269 2391 mlta·
277 2359 311 2389 h.
326 2369 355 2389 e.
373 2358 437 2389 leni
453 2360 494 2389 ob
509 2366 703 2391 vetustatem.
782 2372 811 2391 v.
825 2360 877 2391 20.
892 2373 948 2393 seu
992 2359 1046 2391 11.
1062 2358 1135 2400 46.)
1151 2359 1204 2389 vix
1218 2358 1353 2391 dubites.
1420 2368 1451 2389 v.

1536 2366 1762 2399 quonam-

182 2405 271 2434 dens.
283 2403 398 2434 tenebit
418 2403 486 2434 Tib.
499 2404 582 2434 umb-
596 2409 618 2434 t.
638 2403 702 2433 sive
716 2403 822 2443 potius
846 2404 948 2436 Tibur
989 2415 1043 2444 qu.
1056 2405 1126 2442 fer.
1143 2402 1186 2433 cf.
1202 2402 1238 2432 in
1259 2403 1341 2438 hanc
1362 2401 1551 2434 seutentiam
1566 2399 1656 2442 Virg-
1677 2399 1757 2431 ΕΠ.

182 2447 369 2477 rusticamur
389 2444 470 2483 ibis3
495 2446 555 2477 hoc
575 2446 671 2484 enim,
693 2453 730 2477 ut
751 2447 890 2478 diximus
911 2448 945 2478 in
992 2446 1034 2478 V.
1050 2445 1125 2478 709.
1195 2447 1306 2478 melior
1318 2446 1393 2477 h.e.
1410 2444 1586 2487 benIgnmr.

1661 2453 1690 2475 v.
1705 2441 1759 2475 27.

184 2490 398 2531 Ατςιιιιιειιω,
415 2488 536 2520 Planco
550 2489 682 2520 suadere
701 2490 824 2521 videtur
841 2491 948 2522 Hora·
997 2493 1116 2524 Teucro
1139 2493 1214 2522 duc.
1238 2496 1269 2522 et
1291 2500 1382 2531 ausp-
1414 2491 1527 2522 Tener.
1550 2488 1584 2519 h.
1600 2497 1629 2519 e·
1646 2486 1704 2519 uhi
1727 2493 1761 2518 et

182 2533 255 2564 tius.
345 2532 459 2565 tuivel
480 2533 567 2574 quod
583 2533 685 2563 Tibur
698 2532 732 2563 in
753 2534 873 2565 deliciis
887 2534 949 2565 fuit
991 2534 1058 2566 dux
1088 2540 1136 2565 at
1167 2534 1302 2571 Teucer,
1331 2539 1364 2566 et
1391 2532 1484 2565 bonis
1510 2531 1611 2572 ἱρέας
1641 2530 1759 2565 Teucri

185 2576 318 2611 Planco,
334 2575 385 2607 vel
399 2575 487 2618 quod
501 2575 609 2607 villam
623 2576 668 2607 ibi
682 2577 802 2607 habuit.
992 2577 1142 2618 auspiciis
1155 2587 1207 2608 res
1219 2575 1350 2619 geritur.
1397 2576 1454 2608 Ad
1473 2576 1559 2608 bona
1577 2573 1635 2607 illa
1650 2574 1758 2613 nuwi-

225 2630 254 2650 v.
270 2618 411 2651 21-32.
431 2621 551 2652 Teucer
563 2621 679 2652 Salam.
694 2626 765 2650 cett.
782 2620 947 2659 Telamon,
993 2623 1042 2652 cia
1055 2622 1189 2661 pertinet
1207 2620 1368 2661 Apollinis
1388 2619 1616 2693 omilium
1641 2662 1746 2702 m

1519 2672 1550 2693 v.
1614 2682 1624 2692 .
1744 2680 1755 2690 .

186 2662 511 2705 Salaminenegnnns,
533 2662 615 2694 duos
629 2662 720 2699 filios,
739 2663 900 2694 Teucrum
919 2671 950 2696 et
992 2671 1106 2700 certus,
1122 2665 1209 2696 haud
1223 2663 1330 2695 dubim
1345 2662 1431 2695 fidei.

1652 2616 1754 2649 affl.

186 2706 329 2747 Ajacem,
345 2717 383 2738 ea
397 2706 577 2739 conditione
589 2705 625 2737 in
639 2706 760 2737 bellum
774 2706 950 2747 Trojanum
993 2710 1054 2740 tell.
1071 2720 1143 2741 nov.
1157 2709 1298 2751 Sal-fia.
1315 2708 1348 2739 11.
1361 2717 1392 2739 e.
1409 2716 1493 2739 nova
1508 2705 1669 2738 Sal-mine
1681 2713 1758 2736 oon-

183 2749 335 2788 proficisci
357 2761 468 2790 pmus
488 2756 565 2786 erat,
588 2757 626 2782 ut
644 2755 757 2781 neuter
771 2749 837 2780 sine
852 2750 950 2781 altero
993 2751 1059 2782 dita
1084 2753 1196 2783 veteris
1224 2750 1391 2783 Salamini·
1417 2749 1551 2793 §otim
1574 2747 1759 2790 ambiguum

183 2791 307 2824 rediret.
357 2795 482 2825 Teucer
505 2793 613 2836 igitur,
644 2802 730 2830 cum,
757 2792 824 2823 sine
850 2793 951 2834 Ajace
993 2793 1070 2832 fore,
1085 2806 1110 2826 s.
1129 2797 1331 2827 obscuratum
1348 2793 1399 2826 isi.
1437 2814 1440 2815 ν
1487 2802 1518 2824 v-
1535 2791 1590 2824 32.
1606 2792 1754 2831 crueng-

184 2835 295 2873 redux,
318 2837 429 2876 pulsus
450 2843 532 2870 esset
551 2847 572 2868 a
593 2843 683 2878 patre
707 2846 746 2867 ex
775 2836 886 2876 patria,
909 2838 948 2867 ab
990 2839 1059 2868 iter.
1091 2851 1207 2881 aequor,
1242 2848 1329 2880 ergo.
1358 2843 1398 2869 ut
1423 2837 1507 2871 bau
1531 2837 1674 2869 observat
1703 2834 1753 2866 cl.

187 2879 339 2918 Apolline
361 2881 513 2919 monitus,
536 2880 572 2912 in
595 2881 712 2922 Cypro,
737 2889 803 2921 quo
824 2880 948 2910 exsula-
992 2882 1132 2919 Miesch„
1149 2884 1190 2914 ad
1203 2882 1281 2915 litun
1294 2880 1490 2925 appulerant,
1511 2889 1599 2913 mn
1621 2877 1757 2911 Herculi

184 2927 254 2953 tum
268 2921 375 2962 iverat,
392 2934 506 2957 novam
523 2924 683 2958 Salamina
697 2922 858 2962 condidit3
883 2922 947 2955 vid.
991 2923 1113 2956 facturi.
