1904 3250
206 165 303 204 446-

849 163 1160 207 HORATII

1624 170 1734 219 [Lm.
1752 181 1793 208 1.

326 287 481 331 Nullus
503 290 545 330 in
567 290 669 330 orbe
691 289 806 330 sinus
829 288 944 330 Baiis
964 289 1168 345 praelucet
1186 293 1376 343 amoenis,

327 360 372 402 Si
393 359 502 401 dixit
522 359 652 409 dives,
674 358 790 399 lacus
812 366 854 399 et
873 373 989 399 mare
1010 359 1138 400 sentit
1157 374 1342 403 amorem

235 435 291 473 85
324 431 576 474 Festinantis
597 431 710 480 heri3
745 431 813 472 cui
834 430 869 471 si
890 431 1038 472 vitiosa
1056 431 1191 473 libido

325 501 361 542 F
362 500 490 542 ecerit
510 499 758 555 auspicium,
782 514 873 541 cras
894 499 1149 542 ferramenta
1171 500 1366 543 Teanum

323 570 515 620 Tolletis,
537 568 659 611 fabri.

720 569 878 611 Lectus
898 569 1075 627 genialis
1094 570 1140 611 in
1159 569 1257 611 aula
1275 580 1366 612 est:
1431 602 1435 606 -

324 640 397 681 Nil
419 640 477 680 ait
496 654 588 681 esse
607 640 740 695 prius,
763 639 913 681 melius
934 639 995 681 nil
1016 639 1166 681 coelibe
1184 640 1293 689 vita3

325 713 369 754 Si
389 727 476 753 non
498 721 574 763 est,
590 713 708 769 jurat
727 713 835 754 bene
857 713 955 754 solis
977 728 1067 755 esse
1088 713 1261 754 maritis.

234 786 288 822 90
321 781 422 831 Quo
442 789 609 823 teneam
629 781 770 823 vultus
791 790 1025 824 mutantem
1048 781 1205 823 Protea
1222 780 1373 823 nodo?

321 854 440 904 Quid
460 853 658 911 pauper?
686 855 804 896 ride:
837 841 973 896 mutat
992 854 1222 905 coenacula,
1243 854 1390 905 lectos,

320 927 494 979 Balnea,
517 935 733 978 tonsores3
765 927 978 969 conducto
997 927 1167 984 navigio
1187 942 1308 984 aeque

319 998 508 1039 Nauseat
528 1013 577 1039 ac
597 998 799 1054 locupleS,
823 1013 950 1054 quem
971 997 1089 1038 ducit
1107 997 1230 1052 priva
1248 996 1447 1038 triremis.

321 1067 366 1110 Si
387 1075 556 1109 curatus
578 1066 777 1124 inaequali
796 1074 968 1107 tonsore
988 1065 1163 1122 capillos

232 1145 287 1183 95
320 1140 529 1192 Occurro,
552 1141 688 1183 rides:
722 1141 757 1182 si
778 1139 885 1182 forte
907 1135 1114 1182 subuchla
1132 1155 1270 1196 pexae·

202 1272 300 1303 homo
313 1270 427 1312 aliquis
441 1270 527 1302 dives
542 1270 642 1302 dixit:
673 1275 695 1291 ‘⁶
709 1269 831 1301 Nullus
853 1271 884 1301 in
909 1277 976 1302 toto

203 1322 358 1346 terrarum
373 1316 449 1345 orbe
462 1315 551 1345 sinus
569 1314 656 1346 Baiis
667 1315 798 1345 amoenis
813 1314 976 1353 pulchrius

203 1358 466 1399 exsplendescit,”
497 1359 603 1389 statim
633 1358 687 1389 ille
722 1368 873 1395 amorem,
910 1369 975 1399 quo

205 1403 360 1434 Baiarum
389 1402 570 1433 amoenitate
600 1410 710 1442 captus
748 1408 805 1438 est,
838 1402 975 1432 declarat

202 1446 412 1482 festinatione,
436 1456 500 1486 qua
523 1446 591 1487 jam
618 1445 741 1486 (herus)
771 1444 922 1475 dominus
942 1452 975 1476 et

202 1489 322 1521 locator
336 1490 370 1519 in
392 1489 496 1520 littore
521 1489 653 1520 domum
676 1489 711 1519 in
734 1499 821 1519 mare
847 1498 974 1528 procur-

202 1541 324 1564 rentem
339 1532 474 1563 fundare
499 1539 532 1563 et
554 1540 713 1563 exstruere
738 1532 870 1572 incipit;
894 1539 926 1563 at
947 1532 973 1562 si

200 1577 262 1608 hoc
289 1576 489 1616 repentinum
519 1576 686 1606 consilium
703 1582 828 1616 ‚ortum
865 1576 906 1607 sit
934 1585 973 1606 ex

201 1620 268 1651 sola
289 1620 429 1655 libidine,
453 1619 506 1650 cui
532 1619 800 1650 inconsideranter
823 1619 973 1660 indulge-

200 1665 264 1700 bat,
295 1670 365 1694 tum
389 1669 512 1694 mutato
534 1663 666 1694 consilio
683 1664 750 1705 jam
776 1669 900 1702 postero
921 1662 973 1693 die

199 1707 325 1738 fabrilia
339 1707 548 1737 instrumenta
565 1706 613 1748 (in
628 1707 726 1737 alium
742 1706 864 1746 locum)
889 1706 972 1737 Tea-

201 1761 280 1782 num
298 1752 351 1792 (ut
364 1751 407 1781 ibi
423 1751 529 1790 potius
543 1750 676 1781 domum
699 1750 848 1790 aedificet)
871 1756 972 1780 trans-

201 1794 318 1834 portari
342 1794 477 1835 jubebit.
525 1794 606 1824 Huc
618 1794 754 1833 pertinet
769 1793 857 1824 locus
877 1803 972 1832 supra

204 1838 269 1869 Od.
290 1838 340 1868 ΙΙ.
361 1837 413 1868 18.
433 1836 474 1868 19
488 1847 573 1878 seqq.
627 1839 678 1869 Tu
692 1838 841 1868 —struis
855 1839 971 1874 domos,

200 1883 366 1922 Marisque
397 1883 480 1912 Baiis
502 1883 697 1921 obstrepentis
726 1892 817 1921 urges
843 1882 972 1912 Submo-

201 1937 271 1957 vere
285 1927 397 1959 littora,
416 1927 539 1956 Parnm
553 1926 684 1965 locuples
698 1926 874 1955 continente
890 1925 972 1964 ripa,

201 1977 233 1999 et
250 1969 311 1999 Od.
334 1968 404 1999 111.
435 1967 463 1999 1.
490 1966 535 1999 34·
559 1979 644 2009 seqq.
688 1971 855 2000 Contracta
877 1970 974 2007 pisces

202 2024 327 2053 aequura
343 2014 496 2047 sentiunt,
519 2014 618 2044 Jacaeis
640 2013 674 2043 in
698 2013 800 2042 altum
820 2012 950 2042 molibus
959 2027 972 2047 ;

201 2058 264 2087 l1uc
280 2057 441 2098 frequens
472 2059 631 2087 Caemenea
657 2057 793 2086 demittit
821 2057 975 2086 redemtor

205 2103 287 2132 Cum
300 2100 450 2142 famulis,
471 2101 677 2141 dominusque
701 2105 794 2130 τεν-ναξ
819 2099 976 2129 Fastidio-

202 2155 267 2175 sus.
284 2161 327 2167 —
343 2145 434 2174 Baiis
456 2145 606 2183 lna-lucet
629 2145 768 2180 amoenis,
794 2141 975 2173 amoenitate

201 2186 442 2226 anteponendus
457 2193 504 2216 est
523 2186 617 2216 Baiis.

246 2240 274 2260 v.
301 2228 356 2260 84.
380 2241 528 2266 amorem,
553 2230 699 2270 injectam
724 2229 829 2260 subito
850 2228 973 2268 cupidi-

201 2280 298 2305 tatem
321 2273 503 2313 exstruendi
525 2274 656 2303 amoenis
675 2273 760 2304 Baiis
775 2272 966 2311 aedificium3

200 2329 301 2355 amor,
331 2316 514 2356 simpliciter
539 2327 602 2346 non
630 2327 700 2347 raro
727 2327 808 2351 eam,
840 2316 880 2347 de
908 2327 972 2357 qua

202 2371 306 2392 sermo
321 2368 376 2398 est,
401 2361 604 2400 cupiditatem
629 2360 783 2402 designat,
811 2359 855 2390 sic
877 2370 973 2399 supra

205 2403 312 2444 Epod.
333 2404 383 2436 11.
411 2403 465 2435 37.
510 2406 586 2439 Quis
614 2415 677 2435 non
703 2406 874 2440 malarum,
896 2414 973 2444 quas

202 2460 291 2480 amor
304 2459 395 2480 curas
410 2449 507 2484 habet,
524 2449 605 2479 Haec
619 2449 702 2478 inter
716 2449 909 2484 obliviscitur,
927 2447 969 2477 cf.

205 2492 308 2532 Epist.
327 2502 391 2533 seq.
409 2490 464 2522 37.

248 2546 278 2566 v.
311 2534 366 2566 86.
412 2537 567 2570 Teanum,
601 2533 787 2570 Sidicinum,
820 2533 973 2574 oppidum

207 2579 401 2618 Campaniae,
413 2588 478 2609 non
489 2577 752 2609 confundendum
765 2587 839 2608 cum
853 2577 974 2614 Teano,

202 2622 321 2663 oppido
339 2622 478 2662 Apuliae.

246 2677 274 2697 v.
292 2665 346 2697 87.
372 2668 460 2698 Lect.
484 2676 557 2706 gen.
586 2666 620 2695 in
644 2666 718 2695 aula
742 2670 797 2700 est,
824 2663 849 2693 si
872 2663 972 2694 lectus

202 2710 379 2751 conjugalis
392 2709 562 2742 collocatus
575 2714 622 2738 est
643 2707 677 2737 in
698 2707 798 2744 atrio;
825 2717 880 2746 pro
903 2707 971 2737 vul-

203 2755 290 2794 gari:
316 2754 341 2783 si
364 2754 436 2794 quis
449 2760 497 2784 est
522 2751 710 2782 maritus—
725 2753 820 2782 lectus
842 2752 973 2790 genialis

206 2798 365 2839 (Festus),
380 2799 436 2838 qui
459 2797 580 2836 nuptiis
598 2796 750 2826 sternitur
772 2795 806 2824 in
828 2796 972 2825 honorem

209 2842 312 2875 Genii.
328 2843 415 2872 unde
429 2841 610 2882 appellatur.

248 2895 277 2914 v.
298 2883 351 2915 89.
378 2886 490 2916 Sinon
505 2890 560 2921 est,
582 2882 608 2912 si
629 2881 730 2912 lectus
755 2879 887 2921 genialis
908 2890 973 2910 non

203 2926 236 2956 in
252 2928 326 2958 aula
340 2935 387 2959 est
400 2927 531 2967 positus,
547 2926 573 2957 si
588 2926 616 2957 ei
631 2935 695 2956 uon
709 2931 756 2955 est
771 2933 861 2955 uxor.

247 2980 274 3000 v.
294 2970 347 3002 90.
376 2974 443 3007 Quo
473 2978 599 3003 teneam
621 2976 698 3001 cetu
742 2968 820 3005 Quo
845 2966 972 2999 vinculo

1019 1271 1159 1307 divitem,
1174 1270 1303 1307 formas,
1324 1279 1403 1310 quas
1425 1268 1540 1305 induit,
1565 1267 1673 1301 Protei
1691 1269 1793 1301 instar

1019 1321 1207 1351 mutantem,
1223 1313 1429 1344 constrictum
1443 1319 1568 1344 teneam
1578 1314 1594 1344 ἱ)
1619 1314 1651 1344 h.
1669 1323 1698 1344 e.
1709 1324 1788 1355 quo-

1017 1358 1114 1388 modo
1143 1367 1341 1396 compescam
1369 1356 1555 1388 mutabilem
1586 1356 1692 1387 divitis
1718 1358 1788 1388 ani-

1017 1402 1132 1432 mum?
1155 1411 1250 1440 supra
1267 1401 1331 1431 Sat.
1351 1400 1401 1431 ΙΙ.
1421 1399 1452 1431 3.
1473 1399 1525 1431 ⁹71.
1539 1400 1644 1431 malus
1667 1400 1789 1432 debitor

1018 1447 1078 1476 sub
1093 1445 1184 1475 variis
1199 1443 1318 1480 formis,
1334 1444 1365 1473 h.
1383 1454 1410 1474 e.
1436 1443 1560 1475 callidis
1579 1443 1699 1474 artibus
1720 1454 1789 1475 cre-

1019 1488 1153 1519 ditorem
1169 1487 1310 1522 eludens,
1330 1489 1462 1519 Proteus
1482 1495 1621 1525 vocatur,
1641 1487 1696 1518 ubi
1719 1488 1801 1523 vid-A

1017 1539 1143 1570 notata5
1169 1530 1210 1561 cf.
1228 1540 1355 1571 quoque
1368 1530 1409 1561 de
1422 1531 1531 1562 fabula
1558 1530 1664 1561 Protei
1691 1530 1782 1573 Virg.

1021 1576 1139 1615 Georg.
1158 1574 1220 1606 IV.
1241 1573 1308 1604 387
1329 1584 1414 1615 seqq.
1436 1580 1469 1605 et
1489 1584 1562 1615 quae
1583 1574 1628 1605 ibi
1645 1574 1788 1614 disputat

1017 1620 1175 1661 Heynius.
1223 1617 1322 1657 Apud
1344 1617 1460 1659 virgil.
1484 1628 1515 1648 v.
1546 1616 1623 1649 369.
1662 1618 1788 1658 Cyrene

1017 1662 1119 1693 filium
1133 1671 1230 1692 suum
1248 1661 1422 1692 Aristaeum
1435 1660 1608 1702 alloquitur
1628 1660 1673 1692 sic
1684 1674 1693 1692 ι
1712 1663 1787 1694 -Hic

1016 1708 1080 1742 tihi,
1096 1713 1180 1743 nate,
1190 1706 1285 1746 prius
1298 1706 1410 1736 vinclis
1423 1706 1593 1745 capiendus
1614 1708 1673 1747 (sc.
1706 1704 1787 1737 Pro-

1015 1750 1102 1789 teus)
1132 1755 1165 1779 et
1188 1759 1219 1779 v.
1251 1746 1328 1778 405.
1374 1749 1499 1785 Verum,
1526 1749 1583 1780 ubi
1610 1755 1788 1789 con-epium

1016 1794 1163 1824 manibus
1192 1794 1360 1832 vinclisque
1390 1793 1504 1823 tenebis
1515 1807 1528 1828 ‚·
1573 1791 1657 1822 hanc
1688 1792 1788 1834 igitur

1015 1835 1154 1867 fabulam
1171 1835 1211 1866 de
1229 1835 1352 1875 Cyrene
1365 1841 1398 1865 et
1414 1834 1563 1870 Aristeu,
1580 1841 1618 1866 ut
1640 1835 1709 1876 jam
1729 1837 1788 1867 ob-

1016 1879 1150 1910 servavit
1167 1881 1335 1916 Gesnerus,
1350 1878 1521 1918 respexisse
1534 1877 1659 1909 videtur
1679 1878 1787 1910 Boran-

1017 1930 1090 1954 uus.
1295 1944 1297 1946 v

1061 1977 1090 1996 v.
1109 1965 1160 1998 91.
1188 1967 1271 2002 Quid
1281 1966 1432 2007 pauper?
1455 1967 1547 1997 ride.-
1570 1972 1645 1997 cett.
1663 1984 1665 1986 ·
1694 1966 1787 2003 Quo-

1016 2009 1115 2041 modo
1128 2017 1235 2040 autem
1250 2019 1285 2040 se
1298 2009 1380 2051 gerit
1401 2010 1545 2049 pauper?
1567 2010 1635 2040 ride
1658 2019 1785 2041 meeum

1020 2054 1205 2090 Maecenas;
1241 2063 1363 2092 pauper
1397 2053 1486 2083 enim
1521 2052 1654 2084 ridiculo
1689 2053 1786 2084 modo

1018 2108 1110 2138 aeque
1123 2097 1305 2127 inconstans
1319 2103 1377 2134 est,
1391 2106 1429 2127 ac
1442 2095 1548 2131 divoez
1573 2102 1677 2128 mutat
1697 2096 1784 2126 enim

1018 2143 1189 2177 coenamda,
1205 2146 1277 2170 cett.
1296 2141 1491 2172 coenuculum
1514 2139 1664 2183 (ὖτιςόη)
1689 2149 1782 2180 supe-

1016 2184 1081 2215 rior
1114 2184 1232 2214 aedium
1268 2193 1339 2222 pars
1375 2185 1476 2225 (abere
1503 2189 1589 2224 eroge
1617 2184 1652 2214 in
1682 2185 1784 2214 einem

1016 2228 1138 2268 house),
1147 2227 1202 2258 ubi
1212 2227 1394 2258 habitabant
1402 2227 1628 2266 coenabantque
1635 2225 1783 2267 inquilini

1013 2272 1077 2302 sive
1089 2281 1260 2311 pauperes;
1279 2269 1350 2301 Liv.
1368 2269 1549 2301 XXXIX.
1567 2267 1617 2300 14.
1630 2272 1783 2302 Coenacu-

1014 2317 1083 2346 lum
1098 2326 1191 2355 super
1204 2316 1284 2345 aedes
1298 2320 1341 2344 est
1354 2315 1476 2345 datum.
1503 2312 1616 2344 Cicero
1633 2314 1715 2355 Agr.
1732 2314 1782 2345 II.

1015 2358 1069 2390 35.
1096 2361 1198 2390 Roma
1213 2358 1378 2389 coenaculis
1391 2367 1540 2397 suspensa
1564 2362 1657 2397 αιφιε
1678 2358 1782 2388 subla·

1015 2410 1048 2434 ια
1060 2418 1072 2439 ,·
1110 2410 1263 2441 pauperes
1291 2399 1400 2441 igitur,
1427 2409 1519 2440 aeque
1546 2399 1713 2430 mutabiles
1744 2411 1782 2432 ac

1016 2446 1138 2483 divites,
1152 2450 1278 2476 niueam
1293 2445 1460 2480 caenacula,
1475 2442 1571 2474 modo
1593 2443 1662 2479 boc,
1685 2444 1783 2475 modo

1015 2489 1097 2520 illud
1111 2487 1305 2519 conducunt.
1322 2485 1386 2517 vid.
1406 2486 1498 2517 Varr.
1515 2486 1557 2517 de
1577 2486 1617 2517 L.
1645 2487 1686 2518 L.
1713 2487 1778 2519 IV.

1012 2544 1089 2606 ⁷9³5:
1108 2531 1164 2611 325,
1177 2573 1230 2605 93.
1252 2530 1705 2614 lg‘llloriegiliitiellidglzcgiibiliix
1703 2552 1784 2616 ,(1υῇ

1014 2621 1074 2650 bus
1101 2620 1271 2650 utebantur
1298 2627 1473 2658 pauperes;
1510 2627 1584 2647 nam
1613 2617 1726 2648 divites
1746 2619 1781 2649 in

1014 2664 1080 2693 suis
1109 2662 1241 2703 quisque
1264 2659 1411 2691 domibus
1439 2666 1597 2692 exstructa
1625 2661 1782 2693 habebant

1015 2706 1147 2743 balnea;
1235 2711 1377 2740 tonsores,
1414 2713 1488 2734 cum
1517 2704 1623 2743 plures
1650 2705 1685 2735 in
1712 2705 1782 2737 ἴσω

1015 2755 1158 2789 paterent
1167 2747 1328 2779 tonstrinae
1337 2746 1459 2778 tonderi
1469 2748 1678 2787 cupientibuS,
1685 2747 1780 2780 aliam

1015 2803 1089 2823 cum
1112 2791 1173 2822 alia
1195 2791 1244 2821 illi
1264 2800 1322 2830 pro
1344 2790 1448 2822 lubitu
1472 2799 1595 2821 mutare
1624 2799 1777 2830 poterant.

1015 2838 1220 2868 —conduceo
1245 2836 1368 2875 navigio
1385 2846 1473 2876 aeque
1496 2837 1640 2867 Nausea:
1663 2847 1702 2867 ac
1726 2838 1780 2872 lm,

1015 2889 1135 2919 pauper
1164 2888 1254 2919 aeque
1277 2887 1314 2908 ac
1342 2877 1492 2917 locuples,
1521 2888 1637 2914 rerum,
1667 2879 1782 2920 quibus

1015 2924 1125 2960 utitur,
1155 2921 1302 2961 oppletur
1328 2921 1474 2959 fastidi03
1513 2921 1781 2963 quemadmodum

1016 2967 1100 2998 enim
1114 2964 1243 2998 divitem
1258 2964 1400 3003 triremis,
1412 2975 1510 3008 quam
1531 2965 1590 2997 sibi
1609 2965 1672 3006 ipsi
1687 2975 1781 3006 para-
