1904 3250
219 155 303 194 522

831 151 1182 199 ΔΗΟΒΑΤΙΙ,

1611 160 1718 208 [LlB.
1741 170 1790 200 11.

336 276 449 320 Nam
470 278 600 333 spirat
620 277 828 335 tragicum
849 278 961 328 satis,
984 285 1027 318 et
1045 277 1220 320 feliciter
1241 280 1388 331 audet3

339 351 423 392 Sed
444 358 612 405 turpem
632 358 755 406 putat
775 350 923 391 inscite
944 350 1176 407 metuitque
1196 350 1379 395 lituram.

337 421 550 471 Creditur,
574 436 629 462 ex
648 420 790 462 medio
811 421 911 477 quia
930 435 997 462 res
1018 421 1203 472 arcessit,
1225 421 1381 465 habere

336 492 514 535 Sudoris
535 493 768 544 minimum,
792 493 867 534 sed
887 492 1016 534 habet
1039 492 1262 534 Comoedia
1281 501 1398 535 tanto

224 567 303 605 170
337 564 439 606 Plus
461 566 614 616 oneris,
638 573 796 622 quanto
816 566 950 607 veniae
972 566 1124 607 minus.

1186 565 1386 622 Adspice,
1411 566 1585 610 Plautus

335 635 436 685 Quo
455 645 582 692 pacto
601 645 742 693 partes
763 646 924 679 tutetur
945 638 1122 680 amantis
1144 637 1324 694 ephebi!

338 707 401 749 Ut
420 708 552 763 patris
574 710 735 760 attenti,
758 709 921 752 lenonis
942 719 990 751 ut
1009 709 1225 753 insidiosi!

336 780 534 830 Quantus
556 782 610 823 sit
630 781 892 824 Dossennus·
905 783 1104 825 edacibus
1125 784 1171 825 in
1190 785 1384 839 parasitis
1401 784 1411 828 !

338 850 481 900 Quam
501 866 588 892 non
609 851 811 894 adstricto
831 860 1053 908 percurrat
1072 853 1237 909 pulpita
1258 869 1382 895 socco
1398 852 1408 896 !

224 922 305 960 175
339 920 481 962 Gestit
500 921 613 961 enim
633 936 854 962 nummum
875 922 919 962 in
939 921 1101 979 loculos
1122 921 1356 974 demittere,
1378 929 1476 979 post
1494 921 1575 964 hoc

340 993 539 1044 Securus,
563 993 699 1044 cadat,
722 1009 777 1035 an
797 1002 914 1036 recto
936 1002 1016 1036 stet
1036 993 1180 1035 fabula
1198 994 1298 1036 talo.

335 1061 476 1112 Quem
497 1062 594 1104 tulit
614 1063 669 1104 ad
690 1078 859 1105 scenam
879 1071 1054 1105 ventoso
1077 1063 1228 1105 Gloria
1248 1079 1389 1115 curru,

336 1134 563 1177 Exanimat
583 1136 723 1178 lentus
746 1144 969 1192 spectator,
993 1135 1163 1177 sedulus
1184 1136 1328 1178 inflat:

336 1204 406 1247 Sic
426 1205 531 1257 leve,
554 1206 614 1247 sic
634 1221 813 1262 parvum
834 1213 910 1257 est,
933 1206 1120 1247 animum
1141 1205 1257 1267 quod
1276 1206 1414 1248 laudis
1435 1221 1607 1248 avarum

217 1335 326 1367 tabula
350 1342 454 1367 cerata
476 1337 599 1369 inverso
622 1338 702 1379 stylo
724 1337 943 1378 complanatur
957 1344 989 1369 et

216 1380 349 1417 deletur,
364 1382 462 1412 litura
478 1389 617 1412 vocatur.
667 1381 758 1413 Hinc
779 1382 862 1413 infra
879 1382 982 1421 Epist.

217 1423 258 1454 ad
288 1423 352 1454 Pis.
373 1434 402 1454 v.
428 1423 504 1456 293.
529 1435 666 1463 carmen,
689 1427 771 1467 quod
792 1437 857 1457 non
886 1427 987 1457 multa

217 1469 281 1499 dies
294 1473 323 1498 et
338 1470 438 1499 multa
454 1470 552 1500 litura
568 1471 713 1506 coercuit,
729 1470 760 1499 h.
776 1479 805 1499 e.
822 1469 908 1509 quod
922 1478 988 1499 non

217 1510 274 1541 diu
290 1510 491 1552 multumque
506 1511 700 1543 elaboratum
715 1520 746 1543 et
757 1522 813 1551 per
827 1512 953 1543 lituram
969 1522 988 1542 a

218 1554 303 1628 guis
325 1554 499 1585 cohibitum
513 1561 544 1586 et
558 1564 730 1597 purgatum
745 1563 801 1592 est,
818 1556 985 1596 reprehem

242 1598 313 1628 'tun

221 1650 224 1652 “
260 1651 289 1672 v.
307 1640 488 1672 168—170.
516 1644 664 1674 Creditur
685 1648 758 1674 cett.
809 1641 986 1674 Comoedia-

217 1695 291 1715 rum
305 1685 460 1716 confectio
481 1686 651 1716 minimum
672 1686 787 1717 laboris
799 1687 913 1716 habere
926 1696 988 1725 pu·-

217 1735 312 1766 tatur‚
336 1728 412 1769 quia
437 1729 578 1766 materia,
600 1730 635 1759 in
656 1729 762 1760 medio
776 1729 864 1770 quasi
878 1729 989 1769 posita,

218 1782 237 1802 e
251 1771 316 1802 vita
329 1773 492 1802 communi
506 1772 642 1811 petitur;
667 1772 722 1803 sed
743 1779 863 1813 quanto
884 1772 991 1802 minus

218 1815 320 1846 veniae
341 1814 435 1846 datur
465 1815 690 1846 comoediarum
713 1815 865 1855 scriptori,
895 1815 930 1845 in
955 1825 990 1845 re

218 1858 383 1889 communi
412 1859 562 1898 peccanti,
586 1866 675 1890 tanto
695 1858 769 1899 plus
793 1869 897 1899 operae
916 1858 991 1889 huic

219 1902 263 1932 rei
278 1902 529 1940 impendendum
542 1909 599 1933 est.

262 1956 293 1976 v.
327 1943 508 1977 170—176.
550 1947 697 1987 Adspice,
740 1948 877 1978 Plautus
916 1952 988 1976 cett.

219 1989 295 2021 Jam
312 1989 470 2020 Horatius
486 1989 638 2020 Plautum
654 1997 686 2021 et
699 1989 872 2030 ignobilem
893 1999 992 2030 quen-

219 2033 295 2063 dam
328 2039 455 2072 poetam
489 2033 666 2071 Comicum,
707 2034 923 2071 Dossennum,
954 2033 994 2063 de

219 2076 380 2116 productis
394 2077 428 2107 in
443 2086 569 2107 scenam
582 2077 731 2116 personis,
743 2087 856 2116 parum
871 2084 993 2107 naturae

220 2120 441 2151 convenienter
462 2127 566 2160 partes
588 2131 661 2151 suas
683 2120 918 2156 sustinentibus,
934 2130 993 2150 no-

219 2170 274 2194 tat.
361 2166 426 2198 Quo
437 2170 528 2204 pacto
545 2182 586 2188 -
608 2166 651 2195 Ut
664 2182 708 2189 —
722 2170 769 2200 ut,
785 2174 880 2205 quam
896 2163 990 2194 male.

265 2218 294 2238 v.
316 2205 388 2238 172.
413 2209 532 2244 attenti,
560 2218 602 2238 sc.
627 2208 668 2238 ad
694 2218 771 2246 rem,
794 2208 826 2237 h.
845 2218 873 2238 e.
897 2206 991 2244 avari,

220 2258 258 2281 ut
272 2261 365 2290 supra
382 2251 485 2291 Epist.
506 2251 534 2282 Ι.
553 2249 583 2281 7.
602 2250 655 2281 91.

264 2305 294 2325 v.
328 2293 401 2325 173.
445 2297 591 2330 Quantus
620 2297 659 2326 sit
688 2296 876 2326 Dossennus
905 2300 992 2331 cett„

221 2338 347 2369 videtur
363 2339 550 2369 Dossennus
571 2337 652 2368 risus
673 2338 819 2378 captandi
840 2348 935 2368 causa
958 2338 993 2368 in

221 2382 427 2421 exprimenda
456 2381 661 2421 parasitorum
691 2381 845 2412 edacitate
874 2381 992 2412 nimius

221 2425 335 2461 fuisse;
359 2425 435 2456 hinc
453 2427 609 2462 Quantus,
626 2435 667 2455 sc.
687 2432 788 2465 poeta.

264 2479 292 2499 v.
312 2467 384 2499 174«.
407 2470 510 2504 Quam
524 2480 589 2499 non
604 2471 750 2500 adstricto
766 2474 852 2506 cett„
867 2468 992 2499 histrio-

221 2523 289 2550 neS,
313 2512 368 2554 qui
391 2523 474 2543 socco
500 2522 565 2543 non
589 2513 705 2542 arctius
726 2514 870 2544 adstricto
894 2512 939 2554 (h.
959 2522 986 2542 e.

220 2555 309 2596 laxo)
321 2557 511 2597 per-pulpita
534 2555 730 2592 incedebant,
754 2562 890 2586 externae
913 2565 990 2596 neg-

221 2600 362 2641 ligentiae
399 2601 527 2638 culpam
562 2598 620 2630 sibi
650 2599 896 2636 contrahebant,
932 2598 991 2629 hac

221 2643 362 2684 imagine
372 2642 482 2692 igitur
497 2642 566 2683 jam
586 2641 764 2672 Dossenni
754 2652 788 2671 ιιι
804 2642 924 2681 scriptis
939 2652 994 2672 co-

222 2686 347 2717 moediis
371 2685 493 2717 incuria
517 2693 611 2727 atque
632 2684 826 2740 negligentia
848 2685 992 2727 designa-

223 2738 285 2762 tur.

266 2772 481 2811 v.175‚176
511 2774 607 2805 Geslit
622 2774 706 2805 enim
721 2777 793 2802 cett.
837 2771 935 2802 Lucri
961 2778 993 2803 et

223 2817 375 2848 mercedis
403 2823 527 2848 tantum
557 2827 651 2848 causa
680 2815 847 2847 comoedias
887 2815 993 2846 scribit

226 2861 423 2898 Dossennus,
438 2860 518 2891 nihil
538 2860 632 2900 plane
653 2868 776 2896 curanS,
799 2866 906 2889 utrum
929 2858 993 2889 illae

225 2904 437 2942 exsibilentur‚
463 2914 504 2935 an
530 2904 676 2944 plausum
699 2903 812 2934 ferant.
861 2901 992 2938 Fabula,

227 2956 299 2987 quae
329 2947 473 2988 displicet
502 2947 735 2989 spectatoribus,
765 2948 883 2984 cadere,
921 2955 993 2987 quae

1031 1338 1143 1378 placet,
1170 1344 1262 1376 stare,
1280 1338 1335 1381 (cf.
1352 1348 1412 1378 sup
1412 1348 1447 1369 ra
1461 1337 1502 1370 ad
1519 1338 1582 1369 Sat.
1603 1337 1633 1368 Ι.
1654 1335 1703 1368 10.
1726 1335 1796 1377 17.)

1030 1381 1166 1418 dicitur;
1253 1388 1334 1414 recto
1349 1384 1422 1419 talo,
1437 1381 1529 1412 firmo
1543 1380 1632 1422 quasi
1645 1380 1734 1420 pede.

1074 1405 1195 1455 v.17'7.
1221 1428 1264 1456 ad
1287 1436 1422 1462 scenam,
1449 1425 1490 1455 ad
1510 1425 1634 1455 fabulas
1659 1424 1795 1455 scriben-

1030 1468 1105 1505 das;
1198 1470 1313 1500 Gloriae
1327 1480 1450 1505 curm-t,
1473 1467 1529 1509 qui
1554 1477 1649 1507 supra
1677 1467 1740 1498 Sat.
1763 1467 1794 1499 Ι.

1031 1511 1063 1542 6.
1080 1511 1133 1542 23.
1159 1511 1274 1542 dicitur
1284 1513 1431 1554 fulgens,
1456 1510 1685 1552 significantius
1709 1511 1742 1541 h.
1770 1511 1792 1541 l.

1029 1555 1144 1586 dicitur
1157 1563 1308 1586 ventosus.

1073 1609 1102 1629 v.
1125 1597 1197 1629 178.
1219 1600 1332 1635 lentus,
1349 1597 1538 1635 ἀναίσθητος,
1560 1597 1652 1638 cujus
1671 1597 1798 1628 animus

1030 1652 1071 1673 ne
1098 1642 1268 1672 minimum
1290 1641 1418 1682 quidem
1444 1649 1659 1672 commovetur
1681 1641 1799 1672 fabulae

1030 1685 1163 1716 actione.
1250 1687 1416 1721 exanimat.
1442 1684 1560 1715 fabulae
1583 1685 1705 1716 auctori
1728 1685 1799 1715 aui-

1032 1739 1125 1759 mum
1146 1729 1235 1770 quasi
1250 1729 1352 1768 eripit,
1367 1737 1425 1768 pro
1437 1727 1578 1768 vulgari:
1604 1737 1689 1765 eum,
1702 1737 1800 1769 quem

1033 1771 1135 1813 gloria
1160 1772 1201 1803 ad
1222 1771 1400 1803 scribendas
1420 1770 1588 1802 comoedias
1601 1770 1713 1808 aufert,
1726 1781 1799 1812 gra-

1033 1814 1162 1846 vissimo
1177 1814 1286 1846 dolore
1300 1814 1406 1846 afficit.
1473 1816 1609 1852 sedulus,
1624 1813 1680 1855 qui
1693 1814 1800 1845 animo

1033 1864 1153 1889 attento
1174 1865 1395 1899 commotoque
1416 1863 1542 1897 spectat.
1626 1859 1730 1901 hylae,
1752 1858 1801 1888 in-

1034 1902 1132 1942 spirat
1146 1902 1300 1937 animum,
1316 1911 1454 1942 eumque
1467 1901 1599 1932 extollit.

1078 1944 1310 1976 v 179-181.
1335 1947 1387 1977 Sic
1407 1947 1478 1981 leve,
1504 1951 1577 1976 cett.
1627 1944 1659 1975 A
1679 1954 1714 1976 re
1734 1949 1801 1975 tam

1035 1988 1105 2025 levi,
1131 1996 1196 2020 tam
1221 1999 1325 2029 parva,
1348 1999 1368 2019 a
1388 1994 1598 2028 spectatorum
1611 1987 1738 2025 scilieet,
1753 1987 1800 2018 fa·

1037 2032 1123 2063 bulae
1136 2040 1193 2063 aut
1208 2032 1467 2072 applaudentium
1482 2038 1539 2063 aut
1551 2041 1620 2062 eam
1635 2031 1803 2063 exsibilan-

1036 2076 1129 2113 tium,
1152 2076 1280 2107 arbitrio
1304 2075 1421 2115 pendet
1440 2081 1604 2116 poetarum
1621 2069 1731 2116 glai-ie
1743 2085 1800 2105 cu-

1035 2119 1182 2160 pidorum
1198 2127 1263 2150 tam
1278 2119 1377 2157 dolor,
1399 2129 1495 2160 quam
1515 2119 1659 2158 voluptas
1679 2118 1799 2156 animi3

1036 2180 1081 2188 —
1094 2166 1236 2195 animum
1253 2165 1391 2201 Subruit,
1407 2162 1567 2199 subvertit,
1587 2161 1707 2199 evertit,
1729 2171 1801 2202 per.

1036 2207 1139 2237 vertit.
1237 2208 1343 2238 Valeat
1356 2218 1405 2238 res
1425 2207 1560 2243 ludicra,
1585 2204 1681 2246 longe
1704 2215 1724 2235 a
1747 2215 1801 2235 me

1036 2250 1118 2281 absit
1131 2250 1176 2280 rei
1191 2250 1322 2281 ludicrae
1343 2250 1409 2280 sive
1428 2248 1607 2281 fabularum
1622 2247 1801 2279 scribenda-

1036 2304 1108 2324 rum
1131 2293 1283 2330 studium,
1305 2293 1332 2324 si
1471 2294 1533 2324 vita
1556 2298 1621 2322 tam
1650 2291 1742 2332 inops
1769 2298 1802 2323 et

1036 2347 1152 2374 macra,
1169 2346 1265 2378 quam
1279 2336 1438 2377 opulenta,
1462 2336 1496 2366 in
1521 2334 1630 2375 populi
1654 2342 1711 2366 aut
1734 2345 1800 2366 non

1035 2381 1177 2416 faventis,
1203 2387 1259 2411 aut
1279 2379 1413 2410 faventis
1433 2378 1533 2419 posita
1547 2385 1594 2409 est
1606 2378 1742 2409 arbitrio.
1755 2396 1800 2404 —

1034 2426 1164 2460 reducit,
1187 2422 1420 2454 accommodate
1441 2422 1482 2453 ad
1502 2423 1596 2453 verba
1619 2423 1659 2453 ab
1687 2422 1801 2464 Olym-

1034 2466 1166 2508 pionicis
1188 2467 1356 2497 translata:
1499 2477 1549 2496 ma
1564 2472 1677 2507 negata
1688 2483 1732 2491 —
1745 2468 1799 2497 do·

1033 2517 1120 2543 nata.
1171 2510 1273 2549 Supra
1298 2509 1361 2541 Od.
1388 2507 1507 2540 1V.2.
1534 2507 1584 2539 17.
1633 2511 1700 2541 Sive
1724 2521 1800 2552 quos

1035 2556 1115 2587 Elea
1130 2556 1258 2585 domum
1273 2554 1391 2585 reducit
1406 2554 1519 2584 Palma
1533 2554 1668 2584 coelestis.

1077 2608 1106 2628 v.
1128 2595 1307 2628 182—186.
1333 2599 1418 2637 Saepe
1439 2598 1534 2627 etiam
1556 2603 1628 2627 cett.
1651 2597 1796 2628 sensus:

1036 2651 1118 2680 saepe
1133 2641 1308 2672 audacioris
1322 2641 1402 2670 adeo
1416 2646 1448 2670 et
1470 2639 1662 2670 sublimioris
1679 2639 1801 2682 ingenii

1036 2691 1159 2724 poetam
1174 2695 1193 2715 a
1207 2693 1241 2714 re
1255 2683 1377 2714 ludicra
1389 2682 1513 2723 repellit
1527 2691 1559 2714 et
1575 2683 1709 2714 deterret
1729 2683 1798 2720 hoc,

1036 2727 1121 2768 quod
1129 2729 1222 2768 ple,bs
1239 2727 1383 2776 (egregie
1395 2726 1487 2766 plane
1511 2726 1638 2758 duobus
1658 2725 1802 2758 versibus

1040 2769 1103 2802 184·
1117 2778 1148 2802 et
1129 2730 1234 2801 185
1255 2769 1438 2801 describitur
1456 2770 1556 2811 plebs)
1581 2772 1629 2813 (Si
1653 2772 1802 2802 discordet

1036 2814 1143 2856 eques)
1158 2815 1185 2845 si
1199 2823 1289 2845 secus
1303 2813 1439 2845 sentiant
1452 2814 1593 2845 cultioris
1617 2813 1716 2845 animi
1741 2814 1800 2844 ho·

1037 2859 1148 2895 mines,
1178 2858 1259 2888 inter
1286 2856 1424 2888 mediam
1451 2858 1568 2888 sabulae
1598 2859 1687 2899 (que
1717 2855 1801 2897 plebi

1036 2901 1191 2942 displicet)
1207 2900 1361 2932 actionem
1376 2901 1418 2931 ad
1439 2902 1503 2931 vim
1526 2900 1723 2932 inferendam
1745 2910 1800 2940 pa-

1036 2952 1111 2982 rata,
1139 2951 1196 2977 aut
1225 2944 1298 2983 ursi,
1328 2951 1385 2976 aut
1412 2944 1558 2988 pugilum
1584 2943 1800 2985 spectaculum
