1904 3250
229 199 320 235 xxvi
776 196 1018 236 HORATII
1048 195 1255 234 METRA.

448 329 563 348 -υυ
671 328 787 347 -υυ
896 331 924 336 -
1001 327 1069 345 υ·-
1177 327 1247 345 U-
1355 326 1424 346 υ-
1531 328 1600 347 υ-

893 381 923 399 υ

444 430 596 467 Desinet
616 428 819 480 imparibus
836 432 980 465 certare
997 426 1181 464 submotus
1194 427 1321 478 pudor.
1337 471 1340 474 ,
1358 428 1483 479 Epod.
1507 434 1568 467 11.
1591 433 1652 466 18.
1672 413 1677 417 ⁴

444 495 583 532 Libera
602 492 754 531 consilia
773 505 837 529 nec
856 490 1081 528 contumetiae
1095 503 1242 541 graves.
1272 491 1398 542 Epod.
1422 497 1482 530 11.
1503 493 1568 531 26.

443 562 603 600 Inachia
608 560 748 612 fitrere
765 558 877 610 sylvis
895 560 1062 596 honorem
1081 558 1229 596 decutit.
1259 559 1385 610 Epod.
1410 565 1469 597 11.
1490 560 1526 599 6.

440 627 654 665 Fervidiore
671 639 770 663 mero
787 636 929 662 arcana
944 629 1134 675 promorat
1154 623 1230 662 loco
1242 625 1349 675 (cum
1364 624 1505 677 hiatu).
1519 626 1646 677 Epod.
1663 631 1723 664 11.
1742 632 1801 665 14.

336 695 408 734 Est
426 695 465 732 in
486 702 608 733 metro
629 693 701 731 XI.

223 767 288 800 21.
326 762 472 800 Versus
508 760 746 811 iambelegus
774 750 1010 811 praecedenti
1047 759 1193 805 similis,
1226 759 1301 798 nisi
1333 760 1440 811 quod
1476 761 1630 800 inverso
1667 761 1802 799 ordine

331 828 548 865 membrum
569 825 777 863 iambicum
795 824 982 875 praecedit
1000 833 1040 862 et
1058 824 1273 876 elegiacum
1293 825 1553 877 subsequitur.

999 383 1072 390 --
1353 384 1425 391 -·-
1563 383 1593 402 υ

437 914 505 931 υ-
587 913 655 931 υ-
737 912 805 931 υ-
886 912 955 929 υ-
1030 912 1142 930 ‘'¹de
1249 911 1367 931 -υυ
1473 915 1502 922 ‘-

437 971 465 977 -
476 971 504 978 -
738 970 766 976 ·-
775 970 803 976 -
924 967 955 985 υ

441 1014 479 1052 T
477 1027 500 1050 u
520 1013 605 1051 vina
630 1013 817 1064 Torquato
833 1026 932 1051 move
949 1012 1095 1051 consule
1108 1025 1242 1063 pressa
1256 1026 1342 1051 meo.
1364 1012 1489 1064 Epod.
1514 1018 1574 1052 13.
1594 1012 1632 1052 6.

437 1079 583 1116 Levare
600 1077 707 1116 duris
718 1083 869 1129 pectora
889 1077 1203 1117 sollicitudinibus.
1233 1078 1363 1130 Epod.
1384 1083 1444 1117 13.
1468 1083 1527 1117 10.

331 1145 402 1182 Est
419 1143 461 1181 in
474 1150 600 1181 metro
619 1143 669 1180 X.

836 1222 874 1259 g.
914 1209 1049 1247 Versus
1067 1208 1185 1246 ionici.

274 1292 338 1330 Sic
357 1291 450 1331 dicti
471 1292 521 1330 ob
538 1291 660 1342 pedes
679 1290 847 1328 ionicos*
866 1304 915 1328 ex
934 1291 1078 1342 quibus
1099 1297 1288 1330 constant.
1345 1291 1478 1330 Unum
1506 1298 1657 1330 tantum
1689 1293 1796 1344 apud

219 1358 430 1396 Horatium
449 1357 586 1395 talium
603 1370 786 1395 versuum
804 1369 929 1407 genus
948 1356 1164 1408 reperitur:

219 1433 282 1466 22.
321 1428 467 1466 Versus
486 1426 634 1465 ionicus
652 1440 675 1463 a
692 1425 841 1464 minore
862 1425 943 1476 (ἀπ’
963 1426 1153 1477 ἐλάσσονος)
1175 1432 1396 1464 tetrameter
1413 1425 1655 1464 acatalectus.

433 1518 586 1536 υυ--
692 1516 853 1535 υυ--
961 1516 1115 1535 υυ--
1222 1515 1378 1535 und--

434 1561 663 1598 Miserarum
683 1565 735 1598 est
755 1573 819 1598 nec
837 1560 955 1598 amori
973 1561 1066 1598 dare
1085 1560 1210 1598 ludum
1229 1573 1342 1612 neque
1359 1559 1470 1598 dulci.
1492 1559 1544 1597 iii.
1569 1565 1628 1599 12.
1652 1565 1686 1598 1.

324 1628 404 1666 Alii
425 1627 591 1666 editores
608 1627 718 1666 aliter
745 1627 831 1665 odae
862 1626 1038 1678 allegatae
1070 1640 1205 1665 versus
1235 1626 1429 1672 ordinant,
1459 1633 1628 1678 suntque
1659 1627 1728 1678 qui
1755 1634 1795 1666 et

323 1700 564 1731 tetrametros
582 1692 726 1731 ionicos
746 1692 918 1743 aliosque
936 1705 1070 1730 versus
1088 1691 1308 1730 exhibeant.

323 1758 395 1796 Est
415 1758 453 1795 in
474 1765 597 1796 metro
617 1758 730 1795 XIX.

616 1832 654 1870 h.
693 1835 825 1871 Versus
845 1846 888 1870 ex
908 1831 1063 1870 diversis
1081 1831 1261 1884 rhythmis
1278 1831 1394 1870 mixti.

212 1918 275 1951 23.
316 1912 461 1950 Versus
480 1912 660 1951 Alcaicus
679 1911 1035 1963 hendecasyllabus.

427 2068 458 2086 u
470 2070 498 2076 .-

428 2110 550 2147 Dulce
568 2116 601 2148 et
620 2110 787 2149 decorum
806 2116 858 2148 est
872 2124 946 2162 pro
958 2110 1090 2162 patria
1110 2111 1211 2149 mori.
1232 2110 1284 2148 iii.
1304 2115 1340 2148 2.
1365 2116 1424 2149 13.

433 2175 704 2213 Τῦιηαίίηοειιηι
723 2176 879 2214 solicitat
898 2190 1010 2214 mare.
1030 2177 1082 2214 iii.
1108 2182 1142 2214 1.
1161 2176 1225 2216 26.

322 2240 460 2278 Rarius
478 2248 608 2278 tamen
640 2241 688 2278 ab
722 2241 849 2279 iambo
878 2241 1025 2292 incipit.
1040 2240 1325 2292 —Quinquies
1354 2253 1539 2280 caesuram
1569 2239 1785 2292 neglectam

319 2305 508 2357 reperies:
539 2305 562 2342 i.
587 2304 645 2343 16.
666 2310 758 2351 2l.;
788 2311 851 2348 37.
873 2311 895 2344 5
915 2314 954 2344 et
986 2311 1045 2344 14.
1078 2306 1117 2344 ii.
1152 2312 1213 2350 17.
1243 2312 1308 2345 21.
1341 2307 1392 2345 iv.
1430 2311 1489 2345 14.
1527 2311 1586 2350 17.
1603 2323 1614 2353 ;
1641 2306 1793 2357 quibus

318 2373 412 2412 locis
430 2372 530 2410 adde
549 2372 589 2409 in
607 2372 679 2411 hac
699 2373 866 2411 editione
885 2384 1100 2413 correctum
1127 2375 1180 2413 iii.
1210 2381 1244 2414 2.
1282 2380 1317 2415 5.
1331 2399 1386 2406 --
1401 2375 1463 2412 In⁴
1481 2388 1627 2414 caesura
1656 2374 1784 2413 hiatus

318 2443 356 2479 ii.
377 2446 442 2480 20.
463 2446 552 2487 30.;
580 2441 632 2478 iii.
653 2446 689 2478 2.
711 2446 771 2479 30.
793 2450 832 2480 et
850 2443 980 2481 brevis
999 2443 1147 2496 syllaba
1165 2444 1217 2482 iii.
1238 2449 1274 2482 4.
1308 2442 1617 2494 53.-⁴Legitur
1645 2443 1693 2481 ii.·
1722 2448 1796 2482 15.-

322 2513 383 2551 17.
403 2520 536 2546 versus
556 2519 742 2557 sequens:
1627 2511 1630 2518 ’
1674 2529 1678 2532 -

653 2599 732 2637 Nec
736 2599 938 2650 fortuitum
957 2582 1129 2653 spernere
1146 2603 1325 2656 cespitem.

317 2681 504 2719 Horatius
532 2679 594 2718 vel
621 2693 644 2716 a
669 2679 805 2730 regula
833 2695 964 2720 versus
993 2682 1177 2730 discessit,
1207 2684 1269 2723 vel
1306 2683 1493 2736 syllabam
1523 2682 1779 2735 penultimam

315 2745 419 2783 vocis
424 2744 627 2797 fortuitum
645 2744 843 2795 produxit.

318 2812 388 2850 Est
408 2812 447 2848 in
466 2818 590 2849 metro
607 2809 726 2846 VIII.

208 2881 271 2914 24.
311 2875 456 2914 Versus
475 2874 656 2914 Alcaicus
673 2873 977 2924 enneasyllabus.

370 2966 390 2987 '¹'
413 2989 441 3007 υ
454 2989 483 3007 υ
497 2992 525 2999 -
538 2992 566 3000 -
582 2977 704 3009 ionicus
718 2985 737 3007 a
750 2974 881 3013 minore,
897 2990 925 2997 -
939 2990 966 2997 —
977 2987 1007 3006 υ
1021 2987 1051 3006 υ
1068 2974 1189 3007 ionicus
1203 2988 1222 3008 a
1238 2978 1363 3019 majore.
1390 2989 1393 2993 ·
