1904 3250
210 163 299 203 486

826 160 1154 205 'HORATII

1625 168 1748 218 [L1B.·
1762 179 1793 207 1.

236 290 293 328 20
325 288 377 329 In
398 303 525 329 venas
546 287 817 343 animumque
837 301 994 337 meum,
1016 287 1132 343 quod
1152 288 1282 330 verba
1300 290 1522 341 ministret,
1549 312 1553 314 ν

331 360 461 410 Quod
482 375 550 400 me
571 358 760 400 Lucanae
774 360 975 415 juvenem
997 359 1264 402 commendet
1283 363 1429 404 amicae
1446 362 1477 415 :)

330 429 514 471 Tractus
535 435 630 469 uter
649 427 794 483 plures
815 427 996 484 lepores,
1018 436 1114 471 uter
1134 429 1287 472 educet
1305 447 1454 487 apros:

330 501 441 543 Utra
460 500 594 558 magis
614 500 751 556 pisces
773 508 815 542 et
835 501 1007 542 echinos
1029 517 1203 558 aequora
1223 501 1373 554 celent,

330 573 506 631 Pinguis
526 580 575 614 ut
594 573 694 615 inde
715 573 890 615 domum
910 574 1070 630 possim
1093 574 1341 632 Phaeaxque
1358 577 1534 627 reverti3

239 649 294 687 25
329 645 524 687 Scribere
544 653 587 687 te
607 646 743 697 nobis,
765 647 844 688 tibi
864 661 942 688 nos
964 646 1200 698 accredere,
1222 662 1302 703 par
1321 656 1397 689 est.

327 714 530 767 Maenius,
552 724 612 767 ut,
636 716 763 758 rebus
783 716 985 758 maternis
1007 724 1134 773 atque
1147 716 1335 772 paternis

327 786 513 829 Fortiter
533 788 752 840 absumtis,
774 789 963 831 urbanus
985 789 1114 845 coepit
1132 788 1293 847 haberi,

328 857 486 899 Scurra
504 857 653 916 vagus,
675 873 763 900 non
784 859 858 915 qui
879 867 1042 900 certum
1060 873 1254 914 praesepe
1274 866 1450 910 teneret,

322 929 572 986 Impransus
594 946 681 972 non
704 932 777 988 qui
799 932 935 973 civem
955 931 1225 989 dignosceret
1243 930 1379 983 hoste,

232 1002 289 1040 30
323 997 545 1049 Quaelibet‘
558 1000 603 1042 in
624 1001 813 1057 quemvis
835 1002 1067 1057 opprobria
1086 999 1249 1059 fingere
1271 1017 1422 1053 saevus,

324 1072 539 1115 Pernicies
561 1081 603 1115 et
622 1081 851 1130 tempestas
871 1074 1207 1131 barathrumque
1227 1074 1407 1125 macelli,

325 1145 544 1203 Quicquid
565 1147 803 1204 quaesierat,
826 1148 963 1189 ventri
983 1147 1170 1189 donabat
1191 1162 1330 1189 avaro.

326 1218 413 1261 Hic
434 1220 509 1262 ubi
528 1221 730 1278 nequitiae
750 1220 986 1262 fautoribus
1006 1228 1049 1262 et
1068 1220 1226 1262 timidis
1246 1219 1320 1270 nil,

322 1289 414 1331 Aut
432 1290 608 1345 paulum
630 1290 873 1342 abstulerat,
895 1291 1060 1347 patinas
1082 1291 1278 1333 coenabat
1297 1291 1443 1342 omasi,

229 1361 286 1400 35
318 1358 427 1400 Vilis
448 1368 491 1402 et
510 1361 691 1418 agninae,
713 1361 848 1402 tribus
870 1361 979 1402 ursis
1001 1360 1118 1418 quod
1139 1362 1238 1402 satis
1259 1369 1392 1411 esset3

323 1429 493 1473 Scilicet
512 1439 561 1473 ut
580 1439 746 1473 ventres
767 1431 909 1472 lamna
929 1430 1135 1473 candente
1156 1438 1359 1486 nepotum

320 1501 499 1544 Diceret
518 1503 718 1554 urendos,
742 1515 957 1545 corrector
979 1502 1162 1544 Bestius.

1224 1502 1347 1544 Idem

324 1572 542 1631 Quicquid
563 1582 654 1616 erat
673 1582 821 1616 nactus
841 1573 1003 1630 praedae
1023 1573 1208 1630 majoris,
1230 1574 1305 1615 ubi
1325 1589 1451 1617 omne

322 1641 520 1685 Verterat
538 1644 584 1685 in
603 1643 768 1685 fumum
788 1651 832 1685 et
851 1643 1049 1693 cinerem,
1074 1641 1174 1684 Non
1193 1641 1366 1685 hercule
1386 1644 1532 1695 miror,

202 1789 241 1814 ut
255 1792 350 1822 supra
367 1783 431 1815 Od.
452 1784 482 1815 1.
501 1783 533 1816 7.
551 1783 603 1815 19.
620 1796 756 1822 mmm,
777 1786 876 1822 molle,
892 1795 970 1816 nos:

202 1828 307 1865 milde,
323 1828 421 1870 sarfi.

248 1881 278 1901 v.
305 1869 359 1902 21.
373 1871 539 1911 juvenem,
550 1871 733 1913 juveniliter
746 1871 920 1902 ardentem.

246 1924 275 1944 v.
298 1913 351 1945 22.
384 1916 519 1947 Tractus
533 1922 613 1954 uter,
629 1922 701 1946 utra
714 1915 813 1957 regio,
830 1915 975 1946 Veliaene

203 1969 245 1990 an
263 1957 408 1989 Salerni?

247 2011 277 2030 v.
302 2000 444 2033 23-26.
464 2004 597 2039 echinos,
614 2002 655 2033 cf.
674 2013 770 2042 supra
784 2002 825 2034 ad
842 2002 907 2033 Sat.
925 2002 974 2033 ΙΙ.

203 2045 235 2077 4.
254 2044 308 2076 33.
399 2049 585 2087 Phaeaoeque,
610 2053 641 2076 et
664 2045 775 2076 similis
803 2046 977 2078 Phaeacum

202 2089 281 2131 regi,
308 2089 456 2127 Alcinoo,
483 2090 648 2120 luxuriosa
665 2090 729 2121 vita
753 2089 862 2125 nobili,
887 2089 973 2120 conf.

202 2143 298 2173 supra
312 2133 351 2164 ad
370 2133 472 2173 Epist.
493 2133 522 2164 1.
540 2132 571 2163 2.
590 2132 644 2164 28.
734 2135 883 2170 Maenius,
904 2133 974 2174 jam

202 2186 299 2216 supra
331 2177 488 2208 Horatius
517 2179 674 2209 Moenium
705 2183 743 2208 ut
770 2187 905 2217 vappam
943 2182 975 2207 et

202 2220 395 2251 nebulonem
425 2220 584 2261 produxit,
618 2221 682 2251 Sat.
718 2220 747 2251 1.
783 2219 812 2251 l.
843 2218 915 2251 101.
943 2226 976 2250 et

205 2264 270 2295 Sat.
291 2264 318 2295 1.
339 2263 370 2295 3.
389 2262 421 2296 2.
511 2265 602 2296 rebus
625 2266 774 2296 matemis
798 2271 894 2306 atque
913 2275 973 2304 pa-

203 2310 311 2344 ternis,
328 2307 527 2345 patrimonio.

247 2362 276 2382 v.
303 2350 356 2382 27.
382 2354 535 2388 urbanus,
562 2351 663 2388 dicax,
690 2351 817 2392 loquax,
844 2352 974 2382 urbanae

202 2395 369 2437 elegantiae
405 2394 531 2426 laudem
568 2394 669 2425 facete
702 2394 794 2425 dictis
823 2402 971 2434 captans3

201 2439 266 2469 huc
281 2438 416 2479 pertinet
430 2438 585 2478 imprimis
599 2438 688 2468 locus
702 2438 810 2469 Plauti
823 2439 970 2469 Trinum.

202 2482 233 2514 Ῑ.
252 2482 283 2513 2.
305 2480 368 2512 162
383 2492 467 2523 seqq.
526 2483 618 2513 Nihil
632 2488 674 2512 est
684 2483 820 2524 prefecto
835 2483 972 2518 stultius,

200 2537 301 2568 neque
314 2527 463 2560 stolidius,
481 2527 595 2566 Neque
615 2527 894 2566 mendaciloquius,
916 2537 974 2556 ne-

201 2581 263 2610 que
290 2575 443 2610 argutum
477 2570 586 2609 magis,
620 2571 734 2609 Neque
763 2570 973 2610 confidentilo-

201 2616 307 2654 quius,
322 2623 423 2654 neque
433 2612 605 2653 perjurius.
635 2614 738 2647 Quam
759 2613 876 2644 urbani
899 2614 973 2643 assin

201 2659 258 2688 dui
289 2659 428 2699 (semper
456 2667 489 2687 se
518 2654 735 2696 obtrudentes)
767 2657 857 2693 cives,
894 2666 970 2696 quos

200 2711 325 2732 scurras
339 2706 459 2731 vocant.

245 2754 274 2774 v.
300 2743 353 2774 28.
386 2755 452 2775 non
480 2749 552 2774 cert.
575 2753 713 2783 prcesepe
742 2748 869 2778 teneret,
899 2748 968 2772 tan-

200 2797 298 2828 quam
314 2798 408 2818 vorax
429 2786 545 2824 bellua,
568 2793 606 2817 ut
628 2785 663 2816 in
688 2787 890 2827 sequentibus
913 2786 968 2817 de-

200 2831 354 2862 scribitur.

243 2885 271 2905 v.
291 2874 345 2905 29.
371 2877 558 2915 Imprnnsus
579 2885 645 2905 mm
672 2875 727 2916 qui
749 2879 821 2904 cett.
843 2872 965 2913 junge:

199 2920 264 2956 qui,
287 2921 478 2960 impransus,
505 2917 682 2960 (impastus,
705 2917 790 2949 fame
818 2916 969 2948 exstimu-

1017 1784 1127 1826 latus,)
1150 1797 1216 1817 non
1240 1787 1336 1817 civem
1359 1788 1443 1818 hoste
1472 1787 1553 1823 (non
1581 1787 1719 1818 amicum
1748 1790 1795 1826 ab,

1017 1828 1163 1903 ilrzigiico)
1187 1830 1382 1870 dignosceret.
1418 1829 1503 1860 conf.
1535 1829 1670 1862 Theocr.
1705 1831 1786 1864 XV.

1061 1926 1090 1946 v.
1109 1915 1163 1951 30,
1179 1914 1233 1947 31.
1258 1927 1368 1953 saevus,
1394 1916 1630 1952 accommodate
1654 1917 1696 1949 nd
1719 1920 1792 1951 bea-

1017 1958 1107 1997 tiam,
1136 1970 1209 2001 quae
1238 1959 1372 2000 impasta
1401 1959 1512 1998 saevit3
1555 1992 1557 1994 ,
1616 1963 1793 2002 Pernicies„

1020 2003 1151 2045 (φθόρος,
1168 2003 1230 2034 vid.
1257 2005 1400 2036 Valcken.
1418 2003 1460 2035 ad
1477 2004 1610 2036 Theocr.
1631 2005 1803 2038 Adonim*

1019 2057 1050 2086 p.
1069 2045 1145 2077 310.
1167 2047 1223 2087 C.)
1240 2046 1285 2077 sic
1299 2047 1365 2078 fere
1389 2046 1486 2079 Thais
1498 2050 1607 2090 fundi
1629 2051 1789 2087 calamitas

1020 2090 1107 2129 apud
1132 2090 1260 2122 Terent.
1287 2090 1439 2122 Eunuch.
1469 2091 1498 2123 Ι.
1520 2089 1548 2122 1.
1567 2089 1620 2123 34.
1646 2099 1785 2124 vocatur.

1017 2151 1062 2159 —-
1075 2136 1327 2176 barathrumque,
1342 2141 1375 2166 et
1389 2144 1505 2177 vorago
1518 2134 1618 2176 quasi,
1633 2136 1740 2167 omnia
1753 2137 1789 2168 in

1018 2177 1152 2208 macello
1173 2179 1296 2208 venalia
1309 2179 1478 2209 absorbens
1491 2185 1524 2210 et
1537 2178 1725 2220 deglutiens
1741 2180 1783 2212 cf.

1022 2223 1086 2253 Sat.
1107 2221 1158 2252 11.
1175 2220 1207 2252 3.
1229 2220 1301 2252 167.

1062 2275 1091 2295 v.
1116 2264 1170 2296 32.
1206 2267 1383 2306 quaesierat,
1409 2264 1484 2296 hinc
1504 2265 1594 2296 illinc
1621 2265 1788 2298 dicacitate

1018 2318 1076 2339 sua
1090 2309 1269 2350 collegerat,
1284 2307 1533 2348 conquisiverat3
1555 2308 1596 2339 de
1610 2319 1686 2341 voce
1699 2322 1787 2352 quoe-

1017 2363 1085 2383 rere
1099 2352 1141 2382 cf.
1158 2362 1252 2391 supra
1267 2355 1307 2382 ad
1323 2351 1426 2391 Epist.
1447 2352 1476 2383 1.
1495 2351 1527 2383 7.
1544 2351 1597 2392 57.

1060 2406 1090 2425 v.
1116 2395 1170 2426 33.
1201 2396 1360 2436 nequitie,
1387 2405 1429 2425 sc.
1462 2396 1677 2434 scurrilitatis;
1709 2406 1786 2428 nam

1017 2448 1123 2470 scurra
1136 2445 1181 2470 est
1196 2439 1293 2469 homo
1307 2448 1453 2479 nequam.
1527 2441 1654 2477 timidis,
1670 2439 1786 2472 timen-

1016 2482 1100 2513 tibus
1114 2481 1174 2513 sibi
1188 2493 1207 2512 a
1220 2491 1335 2512 scurrae
1349 2481 1522 2514 dicacitate.

1060 2536 1089 2556 v.
1108 2524 1162 2557 34.
1185 2527 1293 2561 omasi,
1308 2535 1385 2556 nos:
1409 2526 1598 2558 kaldaunen.

1060 2579 1088 2599 v.
1107 2569 1160 2600 35.
1194 2571 1266 2600 Vilis
1286 2575 1318 2600 et
1338 2570 1475 2609 agnina»,
1498 2579 1573 2602 nos:
1609 2572 1783 2608 schlechtes.

1018 2614 1090 2644 oder
1101 2615 1221 2645 elendes
1234 2613 1431 2654 sclzqffleisch.

1055 2665 1085 2693 v,
1101 2656 1155 2694 36,
1172 2655 1225 2687 37.
1252 2657 1370 2687 Scilicet
1390 2661 1427 2687 ut
1450 2662 1536 2694 cett„
1560 2658 1620 2688 hac
1639 2657 1784 2689 30110111-

1012 2699 1126 2731 melica
1150 2699 1291 2731 Maenius
1317 2700 1496 2741 (corrector)
1521 2710 1647 2732 morum
1671 2711 1784 2733 censor

1014 2744 1142 2781 exstitit,
1156 2749 1306 2783 tanquam
1333 2742 1412 2773 alter
1440 2743 1578 2781 Bestius,
1604 2744 1722 2776 scilicet
1744 2751 1783 2776 ut

1013 2785 1140 2825 diceret,
1170 2785 1338 2817 hominum
1362 2785 1598 2818 luxuriosorum
1623 2788 1787 2820 ventribus

1013 2829 1166 2861 madente
1187 2829 1294 2860 lamna
1307 2835 1415 2860 notam
1441 2831 1491 2862 vel
1515 2832 1632 2873 stigma
1652 2832 1782 2863 111111011-
1799 2834 1802 2837 “

1013 2872 1092 2904 dum
1107 2883 1184 2905 esse.
1269 2875 1397 2905 Bestius
1419 2874 1542 2905 videtur
1561 2875 1660 2906 fuisse
1684 2875 1783 2906 1101110

1014 2927 1134 2956 avarus,
1149 2916 1204 2959 qui
1219 2920 1349 2957 nepotas
1362 2923 1394 2949 et
1415 2917 1564 2960 prodigos
1584 2918 1781 2956 acerbissime
