1904 3250
210 140 319 194 210‘

836 151 1139 196 HORATII

1578 157 1685 205 [Lm.
1708 167 1765 195 lv,

268 280 294 318 5
326 275 441 319 Olim
455 278 648 333 juventas
669 284 710 318 et
729 277 889 332 patrius
910 276 1028 333 vigor

326 345 441 389 Nido
459 346 651 388 laborum
670 345 858 402 propulit
877 345 1074 387 inscium:

441 419 667 475 Vernique,
683 419 773 473 jam
792 417 944 459 nimbis
965 414 1148 469 remotis,

555 490 752 532 Insolitos
772 490 953 533 docuere
973 491 1088 533 nisus

206 649 295 686 fines,
311 659 363 680 eas
376 647 473 689 igitur
486 653 592 685 terras,
606 657 683 689 quas
704 657 791 678 nunc
819 647 967 679 Grisones

207 700 239 723 et
269 692 445 723 Tirolenses
468 697 583 726 tenent,
608 691 670 722 vid.
706 691 805 722 Strab.
837 691 899 722 IV.
932 702 963 731 p.

205 735 279 766 315.
303 736 337 767 C.
352 735 384 765 hi
399 745 480 772 vero,
496 734 629 775 proximi
645 735 828 765 Rhaetorum
842 735 967 772 accolae,

205 790 242 810 ea
263 781 321 810 sub
345 777 482 818 Alpibus
502 778 742 818 septentrionem
761 788 866 808 versus
886 775 965 816 loca,

205 833 276 863 quae
304 833 323 853 a
352 821 423 853 lacu
454 822 627 852 Bodamico
654 832 709 861 per
729 821 966 853 meridionalem

207 865 348 897 Bavariae
362 872 394 896 et
407 865 679 905 septentrionalem
692 865 859 896 comitatus
874 865 966 896 Tiro-
986 890 989 893 Α

204 909 299 940 lensis
331 915 449 948 partem
478 908 518 939 ad
545 908 679 940 fluvium
711 909 835 939 OEnum
867 919 966 950 usque

203 953 417 1027 Εἶξιίςιὲιιιυι,
437 951 723 1028 ffmlebapt'cfid'
753 952 852 984 Strab.
871 952 964 1036 3331)

380 1001 412 1027 et
475 997 598 1027 annerti
656 1007 775 1028 erman.

204 1050 277 1070 cum
293 1039 436 1070 crebras
426 1049 460 1069 ιιι
486 1039 598 1070 Galliae
624 1039 787 1080 Italiaeque
807 1007 928 1080 iigros
919 1050 967 1070 in·

203 1083 362 1113 cursiones
389 1082 535 1118 facerent,
564 1088 596 1113 et
623 1083 878 1123 populationibus
901 1083 966 1113 suis

202 1125 305 1158 indies
323 1126 476 1157 Romanis
487 1126 662 1157 infestiores
675 1126 804 1157 fierent·
796 1151 805 1165 ‚
836 1127 966 1168 Augus-

203 1176 264 1206 tus,
279 1169 411 1201 modum
432 1169 559 1201 tandem
580 1180 690 1201 eorum
714 1170 838 1201 ferociae
864 1176 895 1200 et
916 1170 964 1200 in-

203 1213 343 1244 solentiae
377 1212 560 1253 ponendum
599 1224 664 1244 esse
705 1220 801 1250 ratus,
842 1214 883 1245 U.
925 1213 963 1244 C.

205 1257 487 1288 DCCXXXIX.
506 1256 676 1291 exercitum
691 1263 799 1287 contra
820 1267 872 1288 eos
893 1256 966 1287 mit-

203 1300 291 1331 tendi
305 1300 396 1341 eique
410 1299 590 1341 privignum
609 1311 703 1331 suum
727 1302 872 1333 Drusum
898 1302 966 1332 Ne-

201 1355 305 1376 ronem
334 1343 524 1384 praeficiendi
552 1344 634 1384 cepit
659 1344 836 1375 consilium.
904 1343 967 1375 Cui

202 1387 332 1428 quidem
354 1387 483 1418 consilio
504 1394 634 1418 eventus
654 1387 858 1427 respondebat
879 1394 967 1427 opta-

201 1431 348 1462 tissimus.
397 1431 524 1462 Drusus
545 1431 629 1461 enim
651 1441 716 1462 non
740 1431 842 1462 solum
870 1432 966 1462 Rhae-

201 1481 250 1506 tos
264 1475 299 1505 in
319 1474 421 1514 primo
442 1474 546 1505 statim
567 1473 685 1514 proelio,
708 1474 749 1505 ad
772 1475 871 1515 Alpes
893 1474 964 1506 Tri-

202 1517 347 1549 dentinas
356 1528 430 1549 cum
441 1517 479 1548 iis
489 1517 664 1555 commisso,
675 1517 759 1550 fudit
767 1518 962 1560 fugavitque,

203 1561 267 1594 vid.
286 1561 351 1593 Dio
366 1561 461 1592 LIV.
480 1560 533 1592 22.
551 1560 606 1592 sed
620 1562 687 1601 pari
700 1571 825 1603 quoque
838 1562 965 1592 fortuna

203 1605 386 1636 Vindelicos
408 1604 522 1635 deinde
549 1604 742 1646 conjunctim
770 1615 844 1636 cum
871 1605 965 1636 fratre

200 1658 260 1679 suo
276 1648 412 1686 Tiberio,
435 1658 529 1688 quem
550 1647 724 1689 adjutorem
746 1649 775 1679 ei
798 1649 968 1690 Augustus

199 1691 371 1729 addiderat,
400 1691 597 1742 perdomuit;
622 1691 684 1723 vid.
711 1691 796 1722 Vell.
830 1692 880 1723 11.
906 1691 959 1722 98.

201 1734 315 1777 Hujus
327 1735 462 1777 geminae
476 1735 574 1777 igitur
590 1735 755 1766 Neronum
776 1735 816 1767 de
843 1736 964 1766 Rhaetis

1008 647 1104 698 hujus
1139 647 1284 680 carminis
1320 649 1360 680 de
1396 649 1611 681 Romanorum
1644 649 1768 686 virtute,

1009 692 1092 722 vinei
1117 692 1246 723 omnino
1270 692 1383 727 nescia.
1409 694 1547 724 oratione
1570 693 1649 723 nihil
1674 693 1770 724 subli-

1011 735 1093 766 mius
1121 741 1153 766 et
1184 735 1338 766 Romanis
1365 736 1616 767 honorificentius
1642 736 1770 778 cogitari

1008 780 1135 819 potest)
1150 789 1237 819 spem
1252 789 1388 816 omnem,
1402 780 1563 810 Romanos
1577 779 1658 810 vinci
1667 790 1768 820 posse,

1009 823 1161 864 abjecerit,
1192 828 1230 854 ut
1257 823 1360 853 virum
1387 822 1512 864 egregie
1544 823 1583 853 de
1611 823 1770 864 republica

1009 866 1155 897 meritum
1170 865 1280 897 multis
1294 865 1418 897 extollit
1431 865 1586 896 laudibus.

1051 920 1080 940 v.
1101 908 1214 940 1-18.
1232 911 1361 945 Qualem
1374 910 1556 941 ministrum
1566 914 1637 940 cett.
1656 909 1770 940 Nexus

1009 958 1040 983 et
1054 963 1163 984 sensus
1175 953 1271 994 hujus
1284 952 1366 990 loci,
1377 962 1441 994 quo
1468 952 1576 990 Drusi,
1598 952 1770 984 admodum

1009 996 1111 1027 adhuc
1135 996 1270 1038 juvenis,
1300 1003 1409 1027 contra
1442 996 1571 1027 Rbaetos
1602 996 1772 1038 pugnantis

1010 1040 1099 1081 vigor
1126 1046 1219 1081 atque
1246 1041 1381 1079 impetus
1406 1049 1480 1070 cum
1505 1038 1629 1080 juvenis
1658 1039 1771 1080 aquilae

1009 1089 1040 1113 et
1061 1083 1159 1114 leonis
1180 1083 1286 1124 vigore
1308 1088 1340 1114 et
1359 1083 1478 1122 impetu
1500 1087 1705 1121 comparatur,
1726 1088 1772 1113 at

1007 1127 1073 1157 fere
1093 1127 1164 1158 hic:
1193 1126 1351 1158 Vindelici
1376 1127 1530 1162 Drusum,
1552 1133 1590 1157 ut
1608 1125 1770 1167 juvenem,

1009 1170 1063 1201 tali
1079 1170 1199 1210 impetu
1221 1177 1253 1201 et
1275 1171 1381 1211 vigore
1403 1175 1511 1200 contra
1537 1169 1667 1200 Rhaetos
1690 1179 1772 1210 pug-

1010 1221 1138 1244 nantem
1154 1213 1308 1251 viderunt,
1324 1213 1408 1254 quali
1422 1212 1549 1254 juvenis
1561 1211 1676 1262 aquila,
1697 1222 1772 1243 cum

1010 1257 1085 1288 nido
1095 1257 1227 1288 relicto
1217 1268 1250 1287 ιιι
1265 1257 1364 1288 altum
1379 1256 1521 1293 evolavit,
1535 1266 1610 1287 mox
1624 1255 1659 1286 in
1679 1254 1772 1286 ovilia

1009 1300 1083 1331 inde
1097 1307 1129 1331 et
1142 1300 1292 1331 dracones
1312 1300 1377 1330 ruit
1399 1306 1494 1341 atque
1515 1299 1699 1336 demittitur,
1722 1298 1773 1329 vel

1010 1344 1096 1385 quali
1111 1343 1290 1375 timendus‘
1277 1343 1403 1384 Juvenis
1415 1342 1467 1374 leo
1478 1353 1596 1383 capreae
1606 1342 1640 1373 in
1651 1341 1773 1392 pascuis

1010 1387 1208 1428 conspicitur.
1222 1387 1356 1418 —Uti
1346 1397 1382 1416 ιιι
1402 1386 1546 1427 plurimis
1566 1385 1771 1426 comparatio-

1009 1431 1103 1462 nibus
1117 1441 1155 1461 ea
1166 1437 1289 1461 tanturn
1303 1430 1349 1461 rei
1363 1436 1548 1470 comparatae
1569 1439 1649 1469 pars,
1675 1438 1771 1470 quam

1007 1474 1106 1505 solam
1120 1474 1257 1514 respexit
1277 1473 1408 1514 quisque
1429 1473 1719 1513 poeta‚⁷spectanda
1739 1478 1772 1503 et

1008 1519 1047 1549 ab
1060 1517 1108 1554 iis,
1123 1528 1194 1558 quae
1208 1517 1248 1548 ad
1262 1523 1406 1548 ornatum
1421 1516 1588 1556 pertinent,
1604 1515 1771 1557 diligenter

1008 1561 1211 1592 discernenda
1225 1567 1282 1599 est,
1298 1560 1342 1591 ita
1355 1560 1389 1590 in
1402 1560 1451 1590 his
1465 1559 1588 1590 duabus
1610 1568 1772 1599 compara-

1008 1604 1145 1635 tionibus
1173 1604 1266 1635 unice
1293 1603 1444 1644 juvenilis
1472 1604 1586 1645 aquilae
1614 1609 1644 1634 ee
1678 1604 1772 1634 teonis

1008 1649 1092 1689 vigor
1105 1654 1196 1689 aeque
1207 1649 1339 1688 impetun
1352 1646 1493 1687 spectari,
1508 1653 1540 1677 et
1553 1653 1655 1677 cetera
1665 1645 1773 1677 omnin

1005 1691 1046 1722 ad
1060 1697 1205 1722 ornatum
1221 1690 1328 1721 referri
1342 1689 1466 1721 debent.
1517 1691 1607 1726 Quat.
1633 1691 1766 1722 ministr.

991 1736 1094 1778 sulm.
1112 1736 1178 1766 alit.
1197 1736 1235 1766 ol.
1250 1734 1376 1775 juvent·
1393 1740 1421 1766 et
1433 1739 1515 1775 paer-
1531 1734 1590 1774 υἱε-
1615 1734 1685 1765 m'do
1706 1734 1767 1764 lab.

200 1784 233 1809 et
262 1778 436 1810 Vindelicis
463 1779 599 1809 vietoriae
629 1778 762 1820 gloriam
799 1779 961 1816 Horatius,
1001 1780 1125 1819 propul.
1157 1779 1244 1810 insci.
1277 1787 1335 1817 pro
1369 1776 1510 1818 vulgari.
1560 1775 1673 1813 Qualis
1702 1786 1770 1807 esse

199 1821 248 1853 uti
263 1822 384 1862 abipso
402 1823 560 1862 Augusto,
578 1821 750 1853 Suetonio
742 1832 774 1852 ιιι
798 1822 864 1852 Vit.
890 1823 962 1853 Ho
1007 1822 1086 1853 solet
1116 1821 1266 1863 juvenilis
1300 1827 1332 1852 et
1363 1821 1483 1860 panius
1518 1818 1607 1861 vigor
1644 1819 1769 1860 nquiln,

199 1870 257 1896 rat.
275 1871 362 1902 teste,
374 1865 482 1906 jussus
493 1864 607 1903 fuerat,
630 1865 754 1897 duobus
774 1866 964 1897 carminibus

200 1908 376 1945 celebravit,
391 1909 499 1946 altero,
514 1908 555 1939 de
574 1919 639 1950 quo
661 1919 748 1940 nunc
772 1910 907 1951 agimus,
929 1909 963 1939 in

1005 1875 1110 1915 quam·
1117 1865 1219 1907 (olim)
1234 1864 1315 1895 forte
1335 1863 1504 1905 aliquando
1525 1862 1663 1903 primurn
1684 1861 1771 1894 voln-

1007 1915 1078 1939 tum
1100 1908 1134 1939 in
1158 1918 1229 1939 aere
1249 1914 1370 1939 tentare
1390 1906 1546 1944 vidimus3
1632 1907 1768 1938 minim·-

199 1954 313 1990 Drusi,
341 1953 438 1983 altero
460 1952 557 1995 (infra
586 1952 651 1984 IV.
685 1951 754 1993 14.)
781 1953 816 1983 in
853 1954 965 1985 Tiberii
996 1953 1100 1996 sulm.
1118 1954 1184 1983 alie.
1202 1962 1340 1989 causam,
1361 1960 1401 1981 ex
1422 1960 1485 1992 qua
1505 1948 1612 1990 aquila
1633 1941 1772 1981 fulmina

200 1995 329 2027 laudem
358 1996 550 2035 composito.
552 2014 596 2021 —
609 1996 686 2027 Tria
712 2003 818 2027 autem
843 1996 965 2036 potissi-

200 2049 291 2070 mum
319 2040 378 2070 hoc
398 2049 533 2075 carmen,
557 2039 592 2070 in
618 2049 755 2080 quorum
782 2039 964 2071 tractatione

201 2083 305 2113 omnis
318 2083 386 2124 ejus
407 2093 456 2114 ars
477 2089 508 2113 et
528 2083 675 2122 splendor
695 2084 841 2120 cernitur,
864 2082 964 2114 conti·

201 2132 282 2157 net·-
304 2125 332 2157 l.
351 2126 484 2168 egregiae
505 2126 591 2158 illius
611 2126 805 2157 fortitudinis
823 2133 855 2158 et
872 2127 964 2168 juve-

200 2169 274 2200 nilis
286 2170 411 2212 vigoris,
434 2180 497 2210 quo
521 2170 647 2201 Drusus
672 2170 836 2210 inpugna
856 2177 965 2201 contra

288 2219 335 2244 tos
364 2224 397 2244 se
421 2214 678 2253 conspiciendum
701 2215 887 2253 praebuerat,
909 2213 964 2244 de-

201 2257 411 2297 scriptionem,
427 2257 500 2294 sive,
515 2257 548 2287 in
564 2268 627 2298 qua
640 2258 743 2287 omnis
753 2258 821 2288 haec
829 2257 963 2297 descrip-

201 2300 247 2332 tio
269 2306 417 2337 versatur,
446 2300 545 2331 Drusi
573 2311 647 2331 cum
667 2301 785 2340 juvene
809 2300 913 2340 aquila
934 2306 965 2331 et

200 2343 293 2376 leone
320 2344 604 2383 comparationem3
657 2343 687 2374 2.
717 2344 869 2385 Augusti,
893 2350 962 2374 tan-

202 2397 299 2429 quam
312 2386 398 2418 unici
412 2397 520 2417 earum
536 2386 697 2424 virtutum,
711 2387 825 2428 quibus
838 2388 964 2418 Drusus

202 2441 290 2462 nunc
297 2429 577 2470 exsplendescebat,
589 2432 722 2461 auctoris
732 2430 961 2468 laudationem;

203 2474 311 2506 laudat
323 2483 437 2514 nempe
450 2484 521 2505 vere
543 2480 707 2512 paternum
732 2474 873 2515 Augusti
897 2474 964 2504 ani·

202 2528 303 2556 mum,
317 2527 412 2559 quem
426 2517 503 2549 ille
494 2527 526 2547 ιιι
541 2517 692 2558 privignis
702 2517 766 2547 suis
783 2517 962 2548 Neronibus

201 2562 260 2593 rite
274 2561 444 2593 educandis
455 2562 646 2602 probaverat,
668 2560 834 2601 simulque,
860 2570 961 2601 quan-

200 2612 266 2636 tam
281 2605 344 2636 vim
358 2604 533 2636 inomnem
557 2603 654 2634 animi
675 2603 796 2635 cultum
818 2602 961 2634 educatio

200 2649 322 2686 habeat,
351 2648 482 2680 breviter
509 2647 664 2685 ostendit;
716 2646 746 2677 3.
772 2645 882 2677 veteris
920 2647 957 2677 C.

203 2692 331 2725 Claudii
348 2692 490 2728 Neronis,
513 2690 598 2722 unde
618 2690 771 2731 originem
796 2699 887 2720 suam
911 2699 961 2719 re-

198 2738 347 2776 petebant
373 2738 524 2772 Nemnes,
549 2734 752 2771 memoriam;
775 2743 868 2774 quem
890 2732 960 2773 qui-

199 2780 283 2817 dem,
298 2791 372 2813 cum
395 2790 434 2812 ex
455 2789 494 2811 eo
517 2777 592 2809 inde
613 2783 764 2816 tempore,
786 2786 849 2816 quo
876 2776 961 2806 Has-

198 2823 320 2860 drubal,
341 2821 532 2857 Hannibalis
545 2821 648 2858 frater,
673 2821 707 2850 in
727 2819 811 2851 bello
839 2819 962 2850 Punico

198 2868 338 2899 secundo
373 2871 413 2901 ab
449 2877 488 2897 eo
521 2864 660 2897 devictus
703 2863 816 2900 fuerat,
853 2872 962 2892 sereno

198 2920 319 2949 semper
339 2913 432 2944 vultu
458 2910 599 2943 Fortuna
624 2906 776 2938 Romanis
799 2905 962 2947 adfulgere

198 2954 332 2993 coeperit,
349 2956 461 2997 etipse
485 2950 660 2989 Hannibal,
687 2950 794 2993 (cujus
818 2950 877 2980 sub
898 2948 962 2979 fine

1009 1996 1084 2028 Jovi
1099 1995 1273 2026 ministrare
1288 1995 1360 2026 licta
1372 1994 1421 2031 sit,
1443 1993 1524 2024 inter
1545 1992 1608 2024 alia
1627 1992 1702 2024 inde
1722 2002 1770 2024 re-

1007 2045 1129 2080 petunt,
1144 2039 1230 2080 quod
1244 2038 1334 2069 nulla
1347 2047 1571 2078 unquamaqu
1509 2036 1615 2078 aquila
1635 2035 1770 2067 fulmine

1008 2089 1090 2114 tacta
1117 2082 1234 2120 fuerit3
1257 2082 1319 2113 vid.
1355 2081 1438 2112 Plin.
1473 2080 1519 2112 X.
1545 2079 1578 2111 3.
1605 2090 1630 2111 ι.
1653 2077 1770 2114 &aad

1007 2127 1122 2157 rectius
1135 2125 1286 2156 fortasse·
1277 2135 1312 2155 ιιι
1331 2124 1492 2160 altissimo,
1513 2134 1578 2165 quo
1598 2122 1640 2154 ad
1660 2121 1770 2154 nubila

1007 2169 1109 2201 tendit
1123 2168 1237 2211 aquila,
1260 2169 1366 2200 volatu
1386 2167 1483 2208 hujus
1502 2165 1670 2198 commenti
1694 2176 1769 2197 cau-
1799 2188 1801 2190 -

1008 2223 1074 2244 sam
1089 2223 1229 2254 quaeras3
1317 2213 1371 2243 cui
1393 2222 1447 2242 rea·
1466 2212 1528 2242 De.
1553 2221 1642 2250 regu.
1661 2211 1697 2242 in
1719 2221 1769 2240 av.

1007 2269 1074 2297 vag.
1101 2258 1226 2297 Jwrmis.
1265 2255 1401 2295 Jupiter,
1430 2253 1525 2291 enim,
1558 2259 1595 2284 ut
1629 2252 1766 2289 tradunt,

1008 2300 1131 2341 regium
1145 2298 1260 2339 aquilae
1281 2299 1362 2328 inter
1386 2306 1458 2328 aves
1482 2296 1592 2327 datum
1616 2296 1767 2328 honorem

1006 2353 1109 2382 operae
1122 2342 1218 2378 illius,
1232 2351 1326 2382 quam
1339 2339 1432 2372 Jovi’
1423 2349 1456 2369 ιιι
1471 2338 1664 2380 Ganymedis
1674 2345 1767 2379 raptu

1007 2385 1184 2426 praesiitisse
1196 2385 1294 2415 fertur
1307 2383 1423 2425 aquila,
1437 2383 1604 2422 praemium
1625 2393 1691 2413 esse
1713 2392 1768 2414 vo-

1006 2429 1076 2460 luit.
1126 2428 1274 2468 Sequitur
1308 2437 1422 2467 nempe
1458 2426 1576 2458 Noster
1609 2436 1672 2463 eos,
1711 2425 1767 2467 qui

1006 2472 1122 2505 Jovem
1156 2472 1192 2501 iu
1230 2471 1415 2511 Ganymede
1458 2469 1608 2509 rapiendo
1653 2469 1767 2511 aquilae

1003 2515 1176 2546 ministerio
1196 2524 1290 2545 usum
1314 2524 1380 2545 esse
1400 2519 1548 2551 ιιεπιιιιις
1573 2512 1635 2544 vid.
1664 2512 1767 2552 Apol-

1004 2559 1103 2590 lodor.
1122 2558 1194 2588 111.
1217 2556 1267 2588 12.
1285 2556 1316 2588 2.
1334 2556 1427 2588 etibi
1441 2558 1560 2598 Heyn.
1586 2556 1767 2587 Secundum

1003 2601 1103 2633 alios’
1094 2611 1159 2641 ipse
1172 2601 1322 2641 Jupiter·
1313 2611 1347 2630 ιιι
1371 2599 1508 2640 aquilam
1533 2605 1675 2630 mutatus
1697 2605 1765 2637 est3

1004 2645 1084 2681 vide,
1113 2654 1207 2685 quem
1236 2643 1344 2675 laudat
1376 2643 1504 2684 Boettig.
1494 2663 1518 2680 .‚
1548 2643 1762 2675 Hernsterltus

1005 2688 1045 2719 ad
1069 2687 1200 2718 Lucian.
1229 2687 1268 2719 Τ.
1305 2687 1383 2726 Lp
1425 2684 1586 2717 210-15.
1698 2697 1764 2720 αυο,

1005 2730 1124 2771 pulcro,
1140 2737 1178 2761 ut
1190 2741 1274 2770 supr.
1298 2730 1345 2761 11.
1363 2728 1395 2760 4ι.
1424 2728 1473 2760 14.
1498 2735 1531 2760 et
1557 2729 1628 2760 111.
1678 2727 1762 2759 ..19

1005 2781 1037 2806 et
1061 2773 1231 2805 sexcenties
1250 2773 1333 2804 alibi.
1380 2774 1414 2805 τὸ
1435 2775 1506 2804 olim
1524 2772 1578 2803 alii
1602 2782 1676 2812 pro:
1701 2773 1766 2812 pri-

1005 2827 1106 2854 mum,
1135 2816 1301 2856 explicant,
1328 2823 1366 2847 ut
1393 2815 1552 2856 particulis
1579 2827 1648 2847 moa·
1675 2827 1705 2847 v.
1732 2815 1763 2847 9.

1005 2871 1080 2901 pro:
1107 2860 1230 2899 deinde,
1245 2867 1276 2892 et
1290 2872 1379 2892 nunc
1392 2871 1422 2890 v.
1443 2858 1494 2890 ll.
1518 2869 1594 2900 pro:
1620 2859 1765 2900 denique,

1005 2904 1207 2944 respondeat3
1238 2903 1302 2940 sed,
1339 2910 1376 2934 ut
1411 2904 1492 2935 hanc
1529 2902 1766 2943 explicationem

1005 2958 1082 2979 usus
1096 2946 1244 2988 loquendi
1257 2947 1348 2985 ferat,
1364 2947 1454 2978 valde
1469 2946 1616 2988 equidem
1638 2955 1764 2983 vereor;
