<?xml version="1.0" encoding="UTF-8"?>
<!DOCTYPE html PUBLIC "-//W3C//DTD XHTML 1.0 Transitional//EN"
    "http://www.w3.org/TR/xhtml1/DTD/xhtml1-transitional.dtd">
<html xmlns="http://www.w3.org/1999/xhtml" xml:lang="en" lang="en">
 <head>
  <title>
</title>
<meta http-equiv="Content-Type" content="text/html;charset=utf-8" />
  <meta name='ocr-system' content='tesseract 3.04.00' />
  <meta name='ocr-capabilities' content='ocr_page ocr_carea ocr_par ocr_line ocrx_word'/>
</head>
<body>
  <div class='ocr_page' id='page_1' title='image "./operaomniacumind00horauoft_0500.png"; bbox 0 0 1904 3250; ppageno 0'>
   <div class='ocr_carea' id='block_1_1' title="bbox 208 177 293 215">
    <p class='ocr_par' dir='ltr' id='par_1_1' title="bbox 208 177 293 215">
     <span class='ocr_line' id='line_1_1' title="bbox 208 177 293 215; baseline 0 -1"><span class='ocrx_word' id='word_1_1' title='bbox 208 177 293 215; x_wconf 81' lang='lat'>460</span> 
     </span>
    </p>
   </div>
   <div class='ocr_carea' id='block_1_2' title="bbox 843 172 1154 216">
    <p class='ocr_par' dir='ltr' id='par_1_2' title="bbox 843 172 1154 216">
     <span class='ocr_line' id='line_1_2' title="bbox 843 172 1154 216; baseline 0 -1"><span class='ocrx_word' id='word_1_2' title='bbox 843 172 1154 216; x_wconf 89' lang='lat' dir='ltr'><strong>HORATII</strong></span> 
     </span>
    </p>
   </div>
   <div class='ocr_carea' id='block_1_3' title="bbox 1626 181 1791 229">
    <p class='ocr_par' dir='ltr' id='par_1_3' title="bbox 1626 181 1791 229">
     <span class='ocr_line' id='line_1_3' title="bbox 1626 181 1791 229; baseline 0.006 -10"><span class='ocrx_word' id='word_1_3' title='bbox 1626 181 1737 229; x_wconf 74' lang='lat' dir='ltr'>[mn.</span> <span class='ocrx_word' id='word_1_4' title='bbox 1747 192 1791 220; x_wconf 58' lang='lat' dir='ltr'>v1.</span> 
     </span>
    </p>
   </div>
   <div class='ocr_carea' id='block_1_4' title="bbox 327 298 1428 497">
    <p class='ocr_par' dir='ltr' id='par_1_4' title="bbox 327 298 1428 497">
     <span class='ocr_line' id='line_1_4' title="bbox 328 298 1424 357; baseline 0.002 -16"><span class='ocrx_word' id='word_1_5' title='bbox 328 299 524 342; x_wconf 87' lang='lat' dir='ltr'>Porticus</span> <span class='ocrx_word' id='word_1_6' title='bbox 547 298 768 355; x_wconf 88' lang='lat' dir='ltr'>Agrippae,</span> <span class='ocrx_word' id='word_1_7' title='bbox 790 305 834 340; x_wconf 90' lang='lat' dir='ltr'>et</span> <span class='ocrx_word' id='word_1_8' title='bbox 852 298 921 339; x_wconf 84' lang='lat' dir='ltr'>via</span> <span class='ocrx_word' id='word_1_9' title='bbox 939 304 982 340; x_wconf 90' lang='lat' dir='ltr'>te</span> <span class='ocrx_word' id='word_1_10' title='bbox 1003 300 1272 354; x_wconf 88' lang='lat' dir='ltr'>conspexerit</span> <span class='ocrx_word' id='word_1_11' title='bbox 1293 300 1424 357; x_wconf 77' lang='lat' dir='ltr'>Appi,</span> 
     </span>
     <span class='ocr_line' id='line_1_5' title="bbox 327 369 1428 427; baseline 0.002 -13"><span class='ocrx_word' id='word_1_12' title='bbox 327 373 397 414; x_wconf 89' lang='lat' dir='ltr'>Ire</span> <span class='ocrx_word' id='word_1_13' title='bbox 418 381 558 414; x_wconf 87' lang='lat' dir='ltr'>tamen</span> <span class='ocrx_word' id='word_1_14' title='bbox 580 377 723 420; x_wconf 88' lang='lat' dir='ltr'>restat,</span> <span class='ocrx_word' id='word_1_15' title='bbox 747 369 891 412; x_wconf 87' lang='lat' dir='ltr'><strong>Numa</strong></span> <span class='ocrx_word' id='word_1_16' title='bbox 910 385 996 427; x_wconf 93' lang='lat' dir='ltr'>quo</span> <span class='ocrx_word' id='word_1_17' title='bbox 1016 370 1186 413; x_wconf 89' lang='lat' dir='ltr'>devenit</span> <span class='ocrx_word' id='word_1_18' title='bbox 1205 380 1248 414; x_wconf 88' lang='lat' dir='ltr'>et</span> <span class='ocrx_word' id='word_1_19' title='bbox 1269 373 1428 416; x_wconf 89' lang='lat' dir='ltr'>Ancus.</span> 
     </span>
     <span class='ocr_line' id='line_1_6' title="bbox 327 443 1307 497; baseline -0.001 -9"><span class='ocrx_word' id='word_1_20' title='bbox 327 446 373 489; x_wconf 91' lang='lat' dir='ltr'>Si</span> <span class='ocrx_word' id='word_1_21' title='bbox 393 446 502 487; x_wconf 85' lang='lat' dir='ltr'>latus</span> <span class='ocrx_word' id='word_1_22' title='bbox 523 451 597 486; x_wconf 88' lang='lat' dir='ltr'>aut</span> <span class='ocrx_word' id='word_1_23' title='bbox 616 458 739 485; x_wconf 88' lang='lat' dir='ltr'>renes</span> <span class='ocrx_word' id='word_1_24' title='bbox 759 443 912 486; x_wconf 92' lang='lat' dir='ltr'>morbo</span> <span class='ocrx_word' id='word_1_25' title='bbox 933 451 1150 486; x_wconf 84' lang='lat' dir='ltr'>tentantur</span> <span class='ocrx_word' id='word_1_26' title='bbox 1169 453 1307 497; x_wconf 87' lang='lat' dir='ltr'>acuto,</span> 
     </span>
    </p>
   </div>
   <div class='ocr_carea' id='block_1_5' title="bbox 234 514 823 714">
    <p class='ocr_par' dir='ltr' id='par_1_5' title="bbox 234 514 823 714">
     <span class='ocr_line' id='line_1_7' title="bbox 326 514 823 572; baseline -0.004 -15"><span class='ocrx_word' id='word_1_27' title='bbox 326 515 486 566; x_wconf 85' lang='lat' dir='ltr'>Quaere</span> <span class='ocrx_word' id='word_1_28' title='bbox 504 514 651 572; x_wconf 87' lang='lat' dir='ltr'>fugam</span> <span class='ocrx_word' id='word_1_29' title='bbox 671 514 823 556; x_wconf 90' lang='lat' dir='ltr'><strong>morbi.</strong></span> 
     </span>
     <span class='ocr_line' id='line_1_8' title="bbox 234 590 291 627; baseline 0 0"><span class='ocrx_word' id='word_1_30' title='bbox 234 590 291 627; x_wconf 88' lang='grc'>30</span> 
     </span>
     <span class='ocr_line' id='line_1_9' title="bbox 324 656 718 714; baseline 0 -16"><span class='ocrx_word' id='word_1_31' title='bbox 324 657 425 699; x_wconf 91' lang='lat' dir='ltr'>Hoc</span> <span class='ocrx_word' id='word_1_32' title='bbox 444 672 523 714; x_wconf 85' lang='lat' dir='ltr'>age</span> <span class='ocrx_word' id='word_1_33' title='bbox 543 656 718 699; x_wconf 89' lang='lat' dir='ltr'>deliciis.</span> 
     </span>
    </p>
   </div>
   <div class='ocr_carea' id='block_1_6' title="bbox 325 513 1555 714">
    <p class='ocr_par' dir='ltr' id='par_1_6' title="bbox 325 513 1555 714">
     <span class='ocr_line' id='line_1_10' title="bbox 886 513 1555 573; baseline 0.004 -18"><span class='ocrx_word' id='word_1_34' title='bbox 886 513 963 555; x_wconf 91' lang='lat' dir='ltr'>Vis</span> <span class='ocrx_word' id='word_1_35' title='bbox 984 522 1098 556; x_wconf 88' lang='lat' dir='ltr'>recte</span> <span class='ocrx_word' id='word_1_36' title='bbox 1118 514 1291 557; x_wconf 86' lang='lat' dir='ltr'>vivere?</span> <span class='ocrx_word' id='word_1_37' title='bbox 1319 517 1413 573; x_wconf 85' lang='lat' dir='ltr'>quis</span> <span class='ocrx_word' id='word_1_38' title='bbox 1437 516 1555 559; x_wconf 82' lang='lat' dir='ltr'>non?</span> 
     </span>
     <span class='ocr_line' id='line_1_11' title="bbox 325 583 1359 640; baseline 0 -13"><span class='ocrx_word' id='word_1_39' title='bbox 325 586 371 628; x_wconf 86' lang='lat' dir='ltr'>Si</span> <span class='ocrx_word' id='word_1_40' title='bbox 391 585 524 626; x_wconf 90' lang='lat' dir='ltr'>virtus</span> <span class='ocrx_word' id='word_1_41' title='bbox 544 583 628 626; x_wconf 93' lang='lat' dir='ltr'>hoc</span> <span class='ocrx_word' id='word_1_42' title='bbox 648 599 735 626; x_wconf 89' lang='lat' dir='ltr'>una</span> <span class='ocrx_word' id='word_1_43' title='bbox 753 591 894 640; x_wconf 89' lang='lat' dir='ltr'>potest</span> <span class='ocrx_word' id='word_1_44' title='bbox 914 583 1031 635; x_wconf 85' lang='lat' dir='ltr'>dare,</span> <span class='ocrx_word' id='word_1_45' title='bbox 1053 583 1173 626; x_wconf 88' lang='lat' dir='ltr'>fortis</span> <span class='ocrx_word' id='word_1_46' title='bbox 1194 585 1359 627; x_wconf 90' lang='lat' dir='ltr'>omissis</span> 
     </span>
     <span class='ocr_line' id='line_1_12' title="bbox 781 656 1371 714; baseline 0.002 -16"><span class='ocrx_word' id='word_1_47' title='bbox 781 656 995 699; x_wconf 82' lang='lat' dir='ltr'>Virtutem</span> <span class='ocrx_word' id='word_1_48' title='bbox 1015 657 1145 699; x_wconf 90' lang='lat' dir='ltr'>verba</span> <span class='ocrx_word' id='word_1_49' title='bbox 1163 665 1301 714; x_wconf 86' lang='lat' dir='ltr'>putes,</span> <span class='ocrx_word' id='word_1_50' title='bbox 1323 665 1371 699; x_wconf 89' lang='lat' dir='ltr'>ut</span> 
     </span>
    </p>
   </div>
   <div class='ocr_carea' id='block_1_7' title="bbox 322 725 1542 930">
    <p class='ocr_par' dir='ltr' id='par_1_7' title="bbox 322 725 1542 930">
     <span class='ocr_line' id='line_1_13' title="bbox 323 725 1389 785; baseline 0.001 -17"><span class='ocrx_word' id='word_1_51' title='bbox 323 726 492 768; x_wconf 90' lang='lat' dir='ltr'>Lucum</span> <span class='ocrx_word' id='word_1_52' title='bbox 511 725 659 785; x_wconf 84' lang='lat' dir='ltr'>ligna?</span> <span class='ocrx_word' id='word_1_53' title='bbox 694 742 794 769; x_wconf 89' lang='lat' dir='ltr'>cave</span> <span class='ocrx_word' id='word_1_54' title='bbox 814 742 870 769; x_wconf 90' lang='lat' dir='ltr'>ne</span> <span class='ocrx_word' id='word_1_55' title='bbox 890 734 1040 783; x_wconf 87' lang='lat' dir='ltr'>portus</span> <span class='ocrx_word' id='word_1_56' title='bbox 1060 736 1242 783; x_wconf 90' lang='lat' dir='ltr'>occupet</span> <span class='ocrx_word' id='word_1_57' title='bbox 1260 727 1366 770; x_wconf 88' lang='lat' dir='ltr'>alter</span> <span class='ocrx_word' id='word_1_58' title='bbox 1377 745 1389 778; x_wconf 86' lang='lat'><em>3</em></span> 
     </span>
     <span class='ocr_line' id='line_1_14' title="bbox 322 799 1347 859; baseline 0.001 -18"><span class='ocrx_word' id='word_1_59' title='bbox 322 799 391 842; x_wconf 89' lang='lat' dir='ltr'>Ne</span> <span class='ocrx_word' id='word_1_60' title='bbox 414 800 670 857; x_wconf 84' lang='lat' dir='ltr'>Cibyratica,</span> <span class='ocrx_word' id='word_1_61' title='bbox 693 815 747 842; x_wconf 89' lang='lat' dir='ltr'>ne</span> <span class='ocrx_word' id='word_1_62' title='bbox 770 799 958 857; x_wconf 88' lang='lat' dir='ltr'>Bithyna</span> <span class='ocrx_word' id='word_1_63' title='bbox 978 801 1149 859; x_wconf 86' lang='lat' dir='ltr'>negotia</span> <span class='ocrx_word' id='word_1_64' title='bbox 1167 800 1322 857; x_wconf 87' lang='lat' dir='ltr'>perdas</span> <span class='ocrx_word' id='word_1_65' title='bbox 1334 817 1347 851; x_wconf 94' lang='lat'>;</span> 
     </span>
     <span class='ocr_line' id='line_1_15' title="bbox 323 872 1542 930; baseline 0.002 -16"><span class='ocrx_word' id='word_1_66' title='bbox 323 872 448 915; x_wconf 89' lang='lat' dir='ltr'>Mille</span> <span class='ocrx_word' id='word_1_67' title='bbox 468 873 626 915; x_wconf 81' lang='lat' dir='ltr'>talenta</span> <span class='ocrx_word' id='word_1_68' title='bbox 647 873 953 924; x_wconf 84' lang='lat' dir='ltr'>rotundentur3</span> <span class='ocrx_word' id='word_1_69' title='bbox 985 873 1162 916; x_wconf 86' lang='lat' dir='ltr'>totidem</span> <span class='ocrx_word' id='word_1_70' title='bbox 1183 873 1317 916; x_wconf 89' lang='lat' dir='ltr'>altera</span> <span class='ocrx_word' id='word_1_71' title='bbox 1335 889 1478 930; x_wconf 90' lang='lat' dir='ltr'>porro,</span> <span class='ocrx_word' id='word_1_72' title='bbox 1500 883 1542 917; x_wconf 86' lang='lat' dir='ltr'>et</span> 
     </span>
    </p>
   </div>
   <div class='ocr_carea' id='block_1_8' title="bbox 321 945 1470 1004">
    <p class='ocr_par' dir='ltr' id='par_1_8' title="bbox 321 945 1470 1004">
     <span class='ocr_line' id='line_1_16' title="bbox 321 945 1470 1004; baseline 0.002 -18"><span class='ocrx_word' id='word_1_73' title='bbox 321 945 472 987; x_wconf 88' lang='lat' dir='ltr'>Tertia</span> <span class='ocrx_word' id='word_1_74' title='bbox 492 946 735 997; x_wconf 82' lang='lat' dir='ltr'>succedant,</span> <span class='ocrx_word' id='word_1_75' title='bbox 757 953 801 988; x_wconf 89' lang='lat' dir='ltr'>et</span> <span class='ocrx_word' id='word_1_76' title='bbox 820 962 917 1003; x_wconf 88' lang='lat' dir='ltr'>quae</span> <span class='ocrx_word' id='word_1_77' title='bbox 938 961 1037 1002; x_wconf 87' lang='lat' dir='ltr'>pars</span> <span class='ocrx_word' id='word_1_78' title='bbox 1059 946 1240 1004; x_wconf 85' lang='lat' dir='ltr'>quadret</span> <span class='ocrx_word' id='word_1_79' title='bbox 1260 961 1470 988; x_wconf 89' lang='lat' dir='ltr'>acervum.</span> 
     </span>
    </p>
   </div>
   <div class='ocr_carea' id='block_1_9' title="bbox 319 1015 1481 1216">
    <p class='ocr_par' dir='ltr' id='par_1_9' title="bbox 319 1015 1481 1216">
     <span class='ocr_line' id='line_1_17' title="bbox 322 1015 1455 1073; baseline 0 -15"><span class='ocrx_word' id='word_1_80' title='bbox 322 1015 493 1058; x_wconf 89' lang='lat' dir='ltr'>Scilicet</span> <span class='ocrx_word' id='word_1_81' title='bbox 512 1031 694 1058; x_wconf 87' lang='lat' dir='ltr'>uxorem</span> <span class='ocrx_word' id='word_1_82' title='bbox 713 1031 812 1058; x_wconf 90' lang='lat' dir='ltr'>cum</span> <span class='ocrx_word' id='word_1_83' title='bbox 833 1016 946 1067; x_wconf 86' lang='lat' dir='ltr'>dote,</span> <span class='ocrx_word' id='word_1_84' title='bbox 969 1016 1198 1073; x_wconf 89' lang='lat' dir='ltr'>fidemque,</span> <span class='ocrx_word' id='word_1_85' title='bbox 1221 1024 1264 1058; x_wconf 90' lang='lat' dir='ltr'>et</span> <span class='ocrx_word' id='word_1_86' title='bbox 1283 1016 1455 1067; x_wconf 87' lang='lat' dir='ltr'>amicos,</span> 
     </span>
     <span class='ocr_line' id='line_1_18' title="bbox 321 1087 1349 1146; baseline 0.001 -16"><span class='ocrx_word' id='word_1_87' title='bbox 321 1088 379 1130; x_wconf 87' lang='lat' dir='ltr'>Et</span> <span class='ocrx_word' id='word_1_88' title='bbox 397 1103 533 1145; x_wconf 85' lang='lat' dir='ltr'>genus</span> <span class='ocrx_word' id='word_1_89' title='bbox 554 1096 597 1130; x_wconf 90' lang='lat' dir='ltr'>et</span> <span class='ocrx_word' id='word_1_90' title='bbox 615 1087 797 1130; x_wconf 84' lang='lat' dir='ltr'>formam</span> <span class='ocrx_word' id='word_1_91' title='bbox 817 1089 966 1146; x_wconf 87' lang='lat' dir='ltr'>regina</span> <span class='ocrx_word' id='word_1_92' title='bbox 988 1089 1177 1131; x_wconf 88' lang='lat' dir='ltr'>Pecunia</span> <span class='ocrx_word' id='word_1_93' title='bbox 1195 1089 1349 1132; x_wconf 88' lang='lat' dir='ltr'>donat:</span> 
     </span>
     <span class='ocr_line' id='line_1_19' title="bbox 319 1157 1481 1216; baseline 0 -17"><span class='ocrx_word' id='word_1_94' title='bbox 319 1157 385 1199; x_wconf 94' lang='lat' dir='ltr'>Ac</span> <span class='ocrx_word' id='word_1_95' title='bbox 405 1158 514 1199; x_wconf 88' lang='lat' dir='ltr'>bene</span> <span class='ocrx_word' id='word_1_96' title='bbox 534 1165 800 1200; x_wconf 89' lang='lat' dir='ltr'>nummatum</span> <span class='ocrx_word' id='word_1_97' title='bbox 820 1157 995 1200; x_wconf 89' lang='lat' dir='ltr'>decorat</span> <span class='ocrx_word' id='word_1_98' title='bbox 1017 1157 1214 1209; x_wconf 84' lang='lat' dir='ltr'>Suadela,</span> <span class='ocrx_word' id='word_1_99' title='bbox 1237 1158 1481 1216; x_wconf 86' lang='lat' dir='ltr'>Venusque.</span> 
     </span>
    </p>
   </div>
   <div class='ocr_carea' id='block_1_10' title="bbox 319 1229 1446 1289">
    <p class='ocr_par' dir='ltr' id='par_1_10' title="bbox 319 1229 1446 1289">
     <span class='ocr_line' id='line_1_20' title="bbox 319 1229 1446 1289; baseline 0.002 -17"><span class='ocrx_word' id='word_1_100' title='bbox 319 1229 549 1287; x_wconf 88' lang='lat' dir='ltr'>Mancipiis</span> <span class='ocrx_word' id='word_1_101' title='bbox 570 1231 759 1287; x_wconf 88' lang='lat' dir='ltr'>locuples</span> <span class='ocrx_word' id='word_1_102' title='bbox 780 1239 877 1289; x_wconf 86' lang='lat' dir='ltr'>eget</span> <span class='ocrx_word' id='word_1_103' title='bbox 897 1231 994 1273; x_wconf 85' lang='lat' dir='ltr'>aeris</span> <span class='ocrx_word' id='word_1_104' title='bbox 1018 1231 1326 1288; x_wconf 86' lang='lat' dir='ltr'>Cappadocum</span> <span class='ocrx_word' id='word_1_105' title='bbox 1345 1247 1446 1274; x_wconf 86' lang='lat' dir='ltr'>rex:</span> 
     </span>
    </p>
   </div>
   <div class='ocr_carea' id='block_1_11' title="bbox 197 1356 975 1782">
    <p class='ocr_par' dir='ltr' id='par_1_11' title="bbox 197 1356 975 1782">
     <span class='ocr_line' id='line_1_21' title="bbox 242 1356 972 1401; baseline 0.003 -13"><span class='ocrx_word' id='word_1_106' title='bbox 242 1369 270 1389; x_wconf 88' lang='lat' dir='ltr'>v.</span> <span class='ocrx_word' id='word_1_107' title='bbox 290 1356 431 1390; x_wconf 72' lang='lat'><strong>24-26.</strong></span> <span class='ocrx_word' id='word_1_108' title='bbox 449 1370 523 1391; x_wconf 87' lang='lat' dir='ltr'>cum</span> <span class='ocrx_word' id='word_1_109' title='bbox 537 1360 613 1392; x_wconf 80' lang='lat' dir='ltr'>bene</span> <span class='ocrx_word' id='word_1_110' title='bbox 627 1365 738 1391; x_wconf 81' lang='lat' dir='ltr'>notum</span> <span class='ocrx_word' id='word_1_111' title='bbox 759 1364 846 1397; x_wconf 69' lang='lat' dir='ltr'>cett„</span> <span class='ocrx_word' id='word_1_112' title='bbox 861 1369 972 1401; x_wconf 89' lang='lat' dir='ltr'>quam-</span> 
     </span>
     <span class='ocr_line' id='line_1_22' title="bbox 199 1401 972 1445; baseline 0.003 -14"><span class='ocrx_word' id='word_1_113' title='bbox 199 1401 246 1432; x_wconf 85' lang='lat' dir='ltr'>vis</span> <span class='ocrx_word' id='word_1_114' title='bbox 261 1408 292 1433; x_wconf 88' lang='lat' dir='ltr'>te</span> <span class='ocrx_word' id='word_1_115' title='bbox 309 1403 399 1445; x_wconf 79' lang='lat' dir='ltr'>(bene</span> <span class='ocrx_word' id='word_1_116' title='bbox 414 1402 539 1443; x_wconf 80' lang='lat' dir='ltr'>notum)</span> <span class='ocrx_word' id='word_1_117' title='bbox 556 1408 588 1433; x_wconf 87' lang='lat' dir='ltr'>et</span> <span class='ocrx_word' id='word_1_118' title='bbox 606 1403 778 1434; x_wconf 86' lang='lat' dir='ltr'>honoribus</span> <span class='ocrx_word' id='word_1_119' title='bbox 793 1408 826 1433; x_wconf 88' lang='lat' dir='ltr'>et</span> <span class='ocrx_word' id='word_1_120' title='bbox 847 1403 972 1444; x_wconf 86' lang='lat' dir='ltr'>magni-</span> 
     </span>
     <span class='ocr_line' id='line_1_23' title="bbox 199 1445 974 1488; baseline 0.001 -13"><span class='ocrx_word' id='word_1_121' title='bbox 199 1445 326 1477; x_wconf 77' lang='lat' dir='ltr'>ficentia</span> <span class='ocrx_word' id='word_1_122' title='bbox 351 1446 490 1478; x_wconf 85' lang='lat' dir='ltr'>nobilem</span> <span class='ocrx_word' id='word_1_123' title='bbox 504 1446 539 1476; x_wconf 91' lang='lat' dir='ltr'>in</span> <span class='ocrx_word' id='word_1_124' title='bbox 557 1445 710 1488; x_wconf 83' lang='lat' dir='ltr'>Agrippae</span> <span class='ocrx_word' id='word_1_125' title='bbox 731 1446 856 1487; x_wconf 80' lang='lat' dir='ltr'>porticu</span> <span class='ocrx_word' id='word_1_126' title='bbox 878 1452 910 1477; x_wconf 89' lang='lat' dir='ltr'>et</span> <span class='ocrx_word' id='word_1_127' title='bbox 924 1445 974 1477; x_wconf 87' lang='lat' dir='ltr'>via</span> 
     </span>
     <span class='ocr_line' id='line_1_24' title="bbox 201 1489 974 1530; baseline 0.001 -11"><span class='ocrx_word' id='word_1_128' title='bbox 201 1490 310 1529; x_wconf 88' lang='lat' dir='ltr'>Appia</span> <span class='ocrx_word' id='word_1_129' title='bbox 345 1489 604 1530; x_wconf 87' lang='lat' dir='ltr'>conspiciendum</span> <span class='ocrx_word' id='word_1_130' title='bbox 639 1489 821 1530; x_wconf 68' lang='lat' dir='ltr'>praebueris.</span> <span class='ocrx_word' id='word_1_131' title='bbox 846 1507 890 1514; x_wconf 90' lang='lat'>-·</span> <span class='ocrx_word' id='word_1_132' title='bbox 919 1489 974 1520; x_wconf 85' lang='lat' dir='ltr'>Ad</span> 
     </span>
     <span class='ocr_line' id='line_1_25' title="bbox 199 1532 975 1574; baseline 0 -11"><span class='ocrx_word' id='word_1_133' title='bbox 199 1533 422 1572; x_wconf 86' lang='lat' dir='ltr'>pretiosissima</span> <span class='ocrx_word' id='word_1_134' title='bbox 432 1543 536 1573; x_wconf 80' lang='lat' dir='ltr'>opera,</span> <span class='ocrx_word' id='word_1_135' title='bbox 546 1543 619 1574; x_wconf 82' lang='lat' dir='ltr'>quae</span> <span class='ocrx_word' id='word_1_136' title='bbox 630 1533 680 1564; x_wconf 88' lang='lat' dir='ltr'>M.</span> <span class='ocrx_word' id='word_1_137' title='bbox 694 1532 841 1573; x_wconf 84' lang='lat' dir='ltr'>Vipsanii</span> <span class='ocrx_word' id='word_1_138' title='bbox 854 1533 975 1574; x_wconf 83' lang='lat' dir='ltr'>Agrip-</span> 
     </span>
     <span class='ocr_line' id='line_1_26' title="bbox 199 1576 973 1617; baseline 0.001 -11"><span class='ocrx_word' id='word_1_139' title='bbox 199 1587 249 1616; x_wconf 82' lang='lat' dir='ltr'>pae</span> <span class='ocrx_word' id='word_1_140' title='bbox 260 1576 488 1608; x_wconf 74' lang='lat' dir='ltr'>munificentiae</span> <span class='ocrx_word' id='word_1_141' title='bbox 499 1577 634 1608; x_wconf 81' lang='lat' dir='ltr'>debebat</span> <span class='ocrx_word' id='word_1_142' title='bbox 643 1576 782 1617; x_wconf 87' lang='lat' dir='ltr'>populus</span> <span class='ocrx_word' id='word_1_143' title='bbox 796 1577 973 1614; x_wconf 86' lang='lat' dir='ltr'>Romanus,</span> 
     </span>
     <span class='ocr_line' id='line_1_27' title="bbox 197 1619 971 1662; baseline 0 -12"><span class='ocrx_word' id='word_1_144' title='bbox 197 1619 373 1659; x_wconf 83' lang='lat' dir='ltr'>pertinebat</span> <span class='ocrx_word' id='word_1_145' title='bbox 386 1631 512 1662; x_wconf 88' lang='lat' dir='ltr'>quoque</span> <span class='ocrx_word' id='word_1_146' title='bbox 522 1622 663 1662; x_wconf 82' lang='lat' dir='ltr'>porticus</span> <span class='ocrx_word' id='word_1_147' title='bbox 678 1631 776 1660; x_wconf 84' lang='lat' dir='ltr'>prope</span> <span class='ocrx_word' id='word_1_148' title='bbox 794 1619 971 1658; x_wconf 82' lang='lat' dir='ltr'>Pantheon,</span> 
     </span>
     <span class='ocr_line' id='line_1_28' title="bbox 197 1663 971 1705; baseline 0 -11"><span class='ocrx_word' id='word_1_149' title='bbox 197 1665 238 1694; x_wconf 89' lang='lat' dir='ltr'>ab</span> <span class='ocrx_word' id='word_1_150' title='bbox 253 1663 365 1694; x_wconf 83' lang='lat' dir='ltr'>eodem</span> <span class='ocrx_word' id='word_1_151' title='bbox 382 1664 528 1705; x_wconf 77' lang='lat' dir='ltr'>Agrippa</span> <span class='ocrx_word' id='word_1_152' title='bbox 541 1670 758 1702; x_wconf 79' lang='lat' dir='ltr'>exstructum3</span> <span class='ocrx_word' id='word_1_153' title='bbox 775 1663 809 1694; x_wconf 90' lang='lat' dir='ltr'>in</span> <span class='ocrx_word' id='word_1_154' title='bbox 824 1664 884 1695; x_wconf 86' lang='lat' dir='ltr'>hac</span> <span class='ocrx_word' id='word_1_155' title='bbox 898 1665 971 1695; x_wconf 90' lang='lat' dir='ltr'>bea-</span> 
     </span>
     <span class='ocr_line' id='line_1_29' title="bbox 197 1707 975 1748; baseline 0 -10"><span class='ocrx_word' id='word_1_156' title='bbox 197 1708 294 1741; x_wconf 77' lang='lat' dir='ltr'>tiores</span> <span class='ocrx_word' id='word_1_157' title='bbox 307 1707 520 1745; x_wconf 76' lang='lat' dir='ltr'>deambulare,</span> <span class='ocrx_word' id='word_1_158' title='bbox 533 1707 568 1738; x_wconf 87' lang='lat' dir='ltr'>in</span> <span class='ocrx_word' id='word_1_159' title='bbox 578 1709 628 1740; x_wconf 85' lang='lat' dir='ltr'>via</span> <span class='ocrx_word' id='word_1_160' title='bbox 639 1710 746 1748; x_wconf 83' lang='lat' dir='ltr'>Appia</span> <span class='ocrx_word' id='word_1_161' title='bbox 756 1714 864 1738; x_wconf 83' lang='lat' dir='ltr'>autem</span> <span class='ocrx_word' id='word_1_162' title='bbox 878 1717 975 1738; x_wconf 87' lang='lat' dir='ltr'>curru</span> 
     </span>
     <span class='ocr_line' id='line_1_30' title="bbox 197 1750 974 1782; baseline 0.001 -1"><span class='ocrx_word' id='word_1_163' title='bbox 197 1750 337 1782; x_wconf 83' lang='lat' dir='ltr'>maxime</span> <span class='ocrx_word' id='word_1_164' title='bbox 361 1750 442 1782; x_wconf 83' lang='lat' dir='ltr'>vecti</span> <span class='ocrx_word' id='word_1_165' title='bbox 466 1751 596 1782; x_wconf 76' lang='lat' dir='ltr'>volitare</span> <span class='ocrx_word' id='word_1_166' title='bbox 611 1757 644 1782; x_wconf 90' lang='lat' dir='ltr'>et</span> <span class='ocrx_word' id='word_1_167' title='bbox 658 1761 691 1782; x_wconf 95' lang='lat' dir='ltr'>se</span> <span class='ocrx_word' id='word_1_168' title='bbox 705 1751 871 1782; x_wconf 78' lang='lat' dir='ltr'>ostendere</span> <span class='ocrx_word' id='word_1_169' title='bbox 892 1750 974 1782; x_wconf 88' lang='lat' dir='ltr'>sole-</span> 
     </span>
    </p>
   </div>
   <div class='ocr_carea' id='block_1_12' title="bbox 132 1792 974 1835">
    <p class='ocr_par' dir='ltr' id='par_1_12' title="bbox 132 1792 974 1835">
     <span class='ocr_line' id='line_1_31' title="bbox 132 1792 974 1835; baseline 0.001 -11"><span class='ocrx_word' id='word_1_170' title='bbox 132 1815 134 1817; x_wconf 95' lang='grc'>-</span> <span class='ocrx_word' id='word_1_171' title='bbox 195 1792 294 1831; x_wconf 85' lang='lat' dir='ltr'>bant;</span> <span class='ocrx_word' id='word_1_172' title='bbox 321 1793 397 1825; x_wconf 87' lang='lat' dir='ltr'>hinc</span> <span class='ocrx_word' id='word_1_173' title='bbox 422 1805 519 1835; x_wconf 85' lang='lat' dir='ltr'>supra</span> <span class='ocrx_word' id='word_1_174' title='bbox 553 1794 659 1835; x_wconf 87' lang='lat' dir='ltr'>Epod.</span> <span class='ocrx_word' id='word_1_175' title='bbox 683 1793 715 1825; x_wconf 71' lang='lat'>4«.</span> <span class='ocrx_word' id='word_1_176' title='bbox 738 1793 788 1826; x_wconf 73' lang='lat'>14.</span> <span class='ocrx_word' id='word_1_177' title='bbox 817 1796 974 1834; x_wconf 81' lang='lat' dir='ltr'>superbus</span> 
     </span>
    </p>
   </div>
   <div class='ocr_carea' id='block_1_13' title="bbox 191 1837 973 3013">
    <p class='ocr_par' dir='ltr' id='par_1_13' title="bbox 194 1837 973 2010">
     <span class='ocr_line' id='line_1_32' title="bbox 194 1837 973 1879; baseline 0.001 -12"><span class='ocrx_word' id='word_1_178' title='bbox 194 1837 326 1878; x_wconf 85' lang='lat' dir='ltr'>quidam</span> <span class='ocrx_word' id='word_1_179' title='bbox 350 1839 447 1868; x_wconf 84' lang='lat' dir='ltr'>homo</span> <span class='ocrx_word' id='word_1_180' title='bbox 469 1839 610 1879; x_wconf 80' lang='lat' dir='ltr'>Appiam</span> <span class='ocrx_word' id='word_1_181' title='bbox 632 1841 761 1870; x_wconf 79' lang='lat' dir='ltr'>mannis</span> <span class='ocrx_word' id='word_1_182' title='bbox 783 1845 879 1870; x_wconf 72' lang='lat' dir='ltr'>terere</span> <span class='ocrx_word' id='word_1_183' title='bbox 894 1837 973 1869; x_wconf 86' lang='lat' dir='ltr'>dici-</span> 
     </span>
     <span class='ocr_line' id='line_1_33' title="bbox 195 1881 973 1922; baseline 0.003 -11"><span class='ocrx_word' id='word_1_184' title='bbox 195 1888 268 1918; x_wconf 81' lang='lat' dir='ltr'>tur;</span> <span class='ocrx_word' id='word_1_185' title='bbox 294 1881 334 1912; x_wconf 92' lang='lat' dir='ltr'>de</span> <span class='ocrx_word' id='word_1_186' title='bbox 348 1883 397 1913; x_wconf 85' lang='lat' dir='ltr'>via</span> <span class='ocrx_word' id='word_1_187' title='bbox 412 1883 529 1922; x_wconf 80' lang='lat' dir='ltr'>Appia,</span> <span class='ocrx_word' id='word_1_188' title='bbox 549 1882 655 1912; x_wconf 86' lang='lat' dir='ltr'>Roma</span> <span class='ocrx_word' id='word_1_189' title='bbox 672 1882 829 1922; x_wconf 80' lang='lat' dir='ltr'>Capuam,</span> <span class='ocrx_word' id='word_1_190' title='bbox 853 1887 885 1912; x_wconf 83' lang='lat' dir='ltr'>et</span> <span class='ocrx_word' id='word_1_191' title='bbox 898 1881 973 1913; x_wconf 85' lang='lat' dir='ltr'>inde</span> 
     </span>
     <span class='ocr_line' id='line_1_34' title="bbox 200 1924 973 1966; baseline 0 -11"><span class='ocrx_word' id='word_1_192' title='bbox 200 1924 422 1955; x_wconf 85' lang='lat' dir='ltr'>Brundusium</span> <span class='ocrx_word' id='word_1_193' title='bbox 437 1925 583 1963; x_wconf 68' lang='lat' dir='ltr'>ducente,</span> <span class='ocrx_word' id='word_1_194' title='bbox 600 1926 640 1956; x_wconf 88' lang='lat' dir='ltr'>ab</span> <span class='ocrx_word' id='word_1_195' title='bbox 652 1927 754 1966; x_wconf 81' lang='lat' dir='ltr'>Appio</span> <span class='ocrx_word' id='word_1_196' title='bbox 769 1929 867 1963; x_wconf 80' lang='lat' dir='ltr'>Caeco,</span> <span class='ocrx_word' id='word_1_197' title='bbox 887 1925 973 1956; x_wconf 70' lang='lat' dir='ltr'>Cen.-</span> 
     </span>
     <span class='ocr_line' id='line_1_35' title="bbox 195 1967 915 2010; baseline 0.001 -11"><span class='ocrx_word' id='word_1_198' title='bbox 195 1978 274 2006; x_wconf 89' lang='lat' dir='ltr'>sore,</span> <span class='ocrx_word' id='word_1_199' title='bbox 291 1968 460 2010; x_wconf 84' lang='lat' dir='ltr'>magnifice</span> <span class='ocrx_word' id='word_1_200' title='bbox 475 1975 580 2007; x_wconf 85' lang='lat' dir='ltr'>strata,</span> <span class='ocrx_word' id='word_1_201' title='bbox 597 1968 660 1999; x_wconf 88' lang='lat' dir='ltr'>vid.</span> <span class='ocrx_word' id='word_1_202' title='bbox 680 1968 752 2000; x_wconf 81' lang='lat' dir='ltr'>Liv.</span> <span class='ocrx_word' id='word_1_203' title='bbox 773 1969 844 2000; x_wconf 86' lang='lat' dir='ltr'>IX.</span> <span class='ocrx_word' id='word_1_204' title='bbox 860 1967 915 2000; x_wconf 80' lang='grc'><strong>29.</strong></span> 
     </span>
    </p>

    <p class='ocr_par' dir='ltr' id='par_1_14' title="bbox 239 2011 973 2054">
     <span class='ocr_line' id='line_1_36' title="bbox 239 2011 973 2054; baseline 0.004 -13"><span class='ocrx_word' id='word_1_205' title='bbox 239 2023 267 2042; x_wconf 88' lang='grc' dir='ltr'>ν.</span> <span class='ocrx_word' id='word_1_206' title='bbox 288 2011 341 2043; x_wconf 82' lang='grc'><strong>27.</strong></span> <span class='ocrx_word' id='word_1_207' title='bbox 371 2014 485 2044; x_wconf 83' lang='lat' dir='ltr'>Numa</span> <span class='ocrx_word' id='word_1_208' title='bbox 510 2024 571 2054; x_wconf 84' lang='lat' dir='ltr'>quo</span> <span class='ocrx_word' id='word_1_209' title='bbox 593 2014 714 2044; x_wconf 75' lang='lat' dir='ltr'>devenit</span> <span class='ocrx_word' id='word_1_210' title='bbox 735 2019 764 2044; x_wconf 79' lang='lat' dir='ltr'>et</span> <span class='ocrx_word' id='word_1_211' title='bbox 787 2015 911 2050; x_wconf 82' lang='lat' dir='ltr'>Ancus,</span> <span class='ocrx_word' id='word_1_212' title='bbox 934 2018 973 2044; x_wconf 89' lang='lat' dir='ltr'>ut</span> 
     </span>
    </p>

    <p class='ocr_par' dir='ltr' id='par_1_15' title="bbox 191 2054 971 2751">
     <span class='ocr_line' id='line_1_37' title="bbox 195 2054 970 2096; baseline 0.001 -10"><span class='ocrx_word' id='word_1_213' title='bbox 195 2066 290 2096; x_wconf 86' lang='lat' dir='ltr'>supra</span> <span class='ocrx_word' id='word_1_214' title='bbox 307 2055 373 2087; x_wconf 83' lang='lat' dir='ltr'>Od.</span> <span class='ocrx_word' id='word_1_215' title='bbox 392 2055 457 2087; x_wconf 88' lang='lat' dir='ltr'>IV.</span> <span class='ocrx_word' id='word_1_216' title='bbox 476 2054 507 2087; x_wconf 81' lang='lat'>7:</span> <span class='ocrx_word' id='word_1_217' title='bbox 529 2054 580 2087; x_wconf 91' lang='grc'>15.</span> <span class='ocrx_word' id='word_1_218' title='bbox 617 2058 697 2093; x_wconf 79' lang='lat' dir='ltr'>Nos,</span> <span class='ocrx_word' id='word_1_219' title='bbox 712 2057 767 2088; x_wconf 82' lang='lat' dir='ltr'>ubi</span> <span class='ocrx_word' id='word_1_220' title='bbox 788 2058 970 2095; x_wconf 73' lang='lat' dir='ltr'>decidimus,</span> 
     </span>
     <span class='ocr_line' id='line_1_38' title="bbox 200 2101 970 2142; baseline 0.003 -12"><span class='ocrx_word' id='word_1_221' title='bbox 200 2101 269 2135; x_wconf 81' lang='lat' dir='ltr'>Quo</span> <span class='ocrx_word' id='word_1_222' title='bbox 291 2101 366 2140; x_wconf 81' lang='lat' dir='ltr'>pius</span> <span class='ocrx_word' id='word_1_223' title='bbox 380 2101 516 2137; x_wconf 75' lang='lat' dir='ltr'>AEneas,</span> <span class='ocrx_word' id='word_1_224' title='bbox 540 2112 602 2142; x_wconf 85' lang='lat' dir='ltr'>quo</span> <span class='ocrx_word' id='word_1_225' title='bbox 616 2101 699 2132; x_wconf 73' lang='lat' dir='ltr'>dives</span> <span class='ocrx_word' id='word_1_226' title='bbox 718 2102 831 2132; x_wconf 80' lang='lat' dir='ltr'>Tullus</span> <span class='ocrx_word' id='word_1_227' title='bbox 844 2107 873 2132; x_wconf 76' lang='lat' dir='ltr'>et</span> <span class='ocrx_word' id='word_1_228' title='bbox 896 2102 970 2132; x_wconf 81' lang='lat' dir='ltr'>An-</span> 
     </span>
     <span class='ocr_line' id='line_1_39' title="bbox 194 2145 698 2181; baseline 0.002 -6"><span class='ocrx_word' id='word_1_229' title='bbox 194 2154 262 2181; x_wconf 73' lang='lat' dir='ltr'>cu8,</span> <span class='ocrx_word' id='word_1_230' title='bbox 279 2145 389 2175; x_wconf 78' lang='lat' dir='ltr'>Pulvis</span> <span class='ocrx_word' id='word_1_231' title='bbox 403 2150 432 2175; x_wconf 81' lang='lat' dir='ltr'>et</span> <span class='ocrx_word' id='word_1_232' title='bbox 447 2145 561 2175; x_wconf 85' lang='lat' dir='ltr'>umbra</span> <span class='ocrx_word' id='word_1_233' title='bbox 575 2155 698 2176; x_wconf 71' lang='lat' dir='ltr'>sumus.</span> 
     </span>
     <span class='ocr_line' id='line_1_40' title="bbox 191 2186 970 2220; baseline 0.001 -3"><span class='ocrx_word' id='word_1_234' title='bbox 191 2196 199 2202; x_wconf 91' lang='lat'><strong>·</strong></span> <span class='ocrx_word' id='word_1_235' title='bbox 239 2197 268 2217; x_wconf 90' lang='lat' dir='ltr'>v.</span> <span class='ocrx_word' id='word_1_236' title='bbox 287 2186 429 2218; x_wconf 73' lang='lat'><strong>28-38.</strong></span> <span class='ocrx_word' id='word_1_237' title='bbox 459 2189 493 2220; x_wconf 68' lang='lat' dir='ltr'>Sa·</span> <span class='ocrx_word' id='word_1_238' title='bbox 513 2189 598 2219; x_wconf 76' lang='lat' dir='ltr'>latus</span> <span class='ocrx_word' id='word_1_239' title='bbox 612 2193 684 2218; x_wconf 80' lang='lat' dir='ltr'>cett.</span> <span class='ocrx_word' id='word_1_240' title='bbox 726 2187 839 2218; x_wconf 82' lang='lat' dir='ltr'>Nexus</span> <span class='ocrx_word' id='word_1_241' title='bbox 854 2192 887 2218; x_wconf 83' lang='lat' dir='ltr'>et</span> <span class='ocrx_word' id='word_1_242' title='bbox 900 2197 970 2218; x_wconf 86' lang='lat' dir='ltr'>sen-</span> 
     </span>
     <span class='ocr_line' id='line_1_41' title="bbox 196 2230 971 2272; baseline 0 -11"><span class='ocrx_word' id='word_1_243' title='bbox 196 2241 268 2262; x_wconf 88' lang='lat' dir='ltr'>sus:</span> <span class='ocrx_word' id='word_1_244' title='bbox 294 2230 326 2263; x_wconf 90' lang='lat' dir='ltr'>Si</span> <span class='ocrx_word' id='word_1_245' title='bbox 342 2238 486 2272; x_wconf 79' lang='lat' dir='ltr'>aegrotas,</span> <span class='ocrx_word' id='word_1_246' title='bbox 501 2232 650 2262; x_wconf 87' lang='lat' dir='ltr'>morbum</span> <span class='ocrx_word' id='word_1_247' title='bbox 664 2230 748 2271; x_wconf 87' lang='lat' dir='ltr'>pelle</span> <span class='ocrx_word' id='word_1_248' title='bbox 762 2231 909 2262; x_wconf 84' lang='lat' dir='ltr'>remediis</span> <span class='ocrx_word' id='word_1_249' title='bbox 918 2243 928 2268; x_wconf 90' lang='lat'>;</span> <span class='ocrx_word' id='word_1_250' title='bbox 944 2230 971 2262; x_wconf 91' lang='lat' dir='ltr'>si</span> 
     </span>
     <span class='ocr_line' id='line_1_42' title="bbox 195 2274 970 2316; baseline 0.001 -12"><span class='ocrx_word' id='word_1_251' title='bbox 195 2274 244 2305; x_wconf 85' lang='lat' dir='ltr'>vis</span> <span class='ocrx_word' id='word_1_252' title='bbox 258 2281 342 2306; x_wconf 86' lang='lat' dir='ltr'>recte</span> <span class='ocrx_word' id='word_1_253' title='bbox 355 2275 470 2312; x_wconf 86' lang='lat' dir='ltr'>vivere,</span> <span class='ocrx_word' id='word_1_254' title='bbox 496 2285 567 2316; x_wconf 79' lang='lat' dir='ltr'>age,</span> <span class='ocrx_word' id='word_1_255' title='bbox 590 2274 702 2314; x_wconf 81' lang='lat' dir='ltr'>spretis</span> <span class='ocrx_word' id='word_1_256' title='bbox 715 2274 886 2314; x_wconf 80' lang='lat' dir='ltr'>voluptatis</span> <span class='ocrx_word' id='word_1_257' title='bbox 900 2274 970 2306; x_wconf 69' lang='lat' dir='ltr'>illo-</span> 
     </span>
     <span class='ocr_line' id='line_1_43' title="bbox 194 2317 971 2360; baseline 0.001 -12"><span class='ocrx_word' id='word_1_258' title='bbox 194 2318 305 2356; x_wconf 87' lang='lat' dir='ltr'>cebris,</span> <span class='ocrx_word' id='word_1_259' title='bbox 321 2318 482 2354; x_wconf 79' lang='lat' dir='ltr'>virtutem,</span> <span class='ocrx_word' id='word_1_260' title='bbox 505 2328 579 2360; x_wconf 84' lang='lat' dir='ltr'>quae</span> <span class='ocrx_word' id='word_1_261' title='bbox 601 2318 668 2349; x_wconf 86' lang='lat' dir='ltr'>sola</span> <span class='ocrx_word' id='word_1_262' title='bbox 689 2324 721 2349; x_wconf 84' lang='lat' dir='ltr'>te</span> <span class='ocrx_word' id='word_1_263' title='bbox 742 2317 855 2349; x_wconf 88' lang='lat' dir='ltr'>docere</span> <span class='ocrx_word' id='word_1_264' title='bbox 867 2325 971 2358; x_wconf 81' lang='lat' dir='ltr'>potest</span> 
     </span>
     <span class='ocr_line' id='line_1_44' title="bbox 195 2360 969 2403; baseline 0.001 -12"><span class='ocrx_word' id='word_1_265' title='bbox 195 2362 337 2400; x_wconf 80' lang='lat' dir='ltr'>rectiora,</span> <span class='ocrx_word' id='word_1_266' title='bbox 364 2371 504 2403; x_wconf 84' lang='lat' dir='ltr'>sequere.</span> <span class='ocrx_word' id='word_1_267' title='bbox 556 2360 681 2397; x_wconf 86' lang='lat' dir='ltr'>Quodsi</span> <span class='ocrx_word' id='word_1_268' title='bbox 705 2371 778 2392; x_wconf 88' lang='lat' dir='ltr'>vero</span> <span class='ocrx_word' id='word_1_269' title='bbox 799 2362 969 2399; x_wconf 83' lang='lat' dir='ltr'>existimas,</span> 
     </span>
     <span class='ocr_line' id='line_1_45' title="bbox 196 2405 970 2445; baseline 0.001 -10"><span class='ocrx_word' id='word_1_270' title='bbox 196 2405 344 2436; x_wconf 85' lang='lat' dir='ltr'>virtutem</span> <span class='ocrx_word' id='word_1_271' title='bbox 371 2405 472 2436; x_wconf 83' lang='lat' dir='ltr'>verbis</span> <span class='ocrx_word' id='word_1_272' title='bbox 497 2411 635 2442; x_wconf 77' lang='lat' dir='ltr'>tantum,</span> <span class='ocrx_word' id='word_1_273' title='bbox 662 2415 727 2435; x_wconf 84' lang='lat' dir='ltr'>non</span> <span class='ocrx_word' id='word_1_274' title='bbox 753 2405 822 2445; x_wconf 89' lang='lat' dir='ltr'>ipso</span> <span class='ocrx_word' id='word_1_275' title='bbox 846 2405 970 2436; x_wconf 78' lang='lat' dir='ltr'>virtutis</span> 
     </span>
     <span class='ocr_line' id='line_1_46' title="bbox 195 2448 970 2486; baseline 0 -7"><span class='ocrx_word' id='word_1_276' title='bbox 195 2449 355 2486; x_wconf 86' lang='lat' dir='ltr'>exercitio,</span> <span class='ocrx_word' id='word_1_277' title='bbox 371 2455 408 2479; x_wconf 88' lang='lat' dir='ltr'>ut</span> <span class='ocrx_word' id='word_1_278' title='bbox 430 2448 540 2479; x_wconf 88' lang='lat' dir='ltr'>lucum</span> <span class='ocrx_word' id='word_1_279' title='bbox 562 2448 726 2479; x_wconf 85' lang='lat' dir='ltr'>arboribus</span> <span class='ocrx_word' id='word_1_280' title='bbox 747 2455 884 2486; x_wconf 78' lang='lat' dir='ltr'>tantum,</span> <span class='ocrx_word' id='word_1_281' title='bbox 905 2459 970 2480; x_wconf 88' lang='lat' dir='ltr'>non</span> 
     </span>
     <span class='ocr_line' id='line_1_47' title="bbox 195 2491 970 2532; baseline 0.001 -10"><span class='ocrx_word' id='word_1_282' title='bbox 195 2492 250 2531; x_wconf 83' lang='lat' dir='ltr'>pio</span> <span class='ocrx_word' id='word_1_283' title='bbox 264 2492 396 2523; x_wconf 84' lang='lat' dir='ltr'>deorum</span> <span class='ocrx_word' id='word_1_284' title='bbox 411 2492 513 2529; x_wconf 89' lang='lat' dir='ltr'>cultu,</span> <span class='ocrx_word' id='word_1_285' title='bbox 528 2498 681 2529; x_wconf 89' lang='lat' dir='ltr'>constare,</span> <span class='ocrx_word' id='word_1_286' title='bbox 698 2492 718 2528; x_wconf 83' lang='lat' dir='ltr'>i,</span> <span class='ocrx_word' id='word_1_287' title='bbox 735 2492 848 2532; x_wconf 85' lang='lat' dir='ltr'>praefer</span> <span class='ocrx_word' id='word_1_288' title='bbox 862 2491 970 2524; x_wconf 84' lang='lat' dir='ltr'>virtuti</span> 
     </span>
     <span class='ocr_line' id='line_1_48' title="bbox 195 2535 970 2575; baseline 0 -9"><span class='ocrx_word' id='word_1_289' title='bbox 195 2535 330 2573; x_wconf 82' lang='lat' dir='ltr'>divitias,</span> <span class='ocrx_word' id='word_1_290' title='bbox 345 2535 475 2566; x_wconf 80' lang='lat' dir='ltr'>intende</span> <span class='ocrx_word' id='word_1_291' title='bbox 489 2545 630 2571; x_wconf 87' lang='lat' dir='ltr'>cursum,</span> <span class='ocrx_word' id='word_1_292' title='bbox 646 2545 687 2565; x_wconf 89' lang='lat' dir='ltr'>ne</span> <span class='ocrx_word' id='word_1_293' title='bbox 697 2535 777 2566; x_wconf 82' lang='lat' dir='ltr'>alter</span> <span class='ocrx_word' id='word_1_294' title='bbox 791 2535 884 2566; x_wconf 88' lang='lat' dir='ltr'>citius</span> <span class='ocrx_word' id='word_1_295' title='bbox 898 2545 970 2575; x_wconf 90' lang='lat' dir='ltr'>por-</span> 
     </span>
     <span class='ocr_line' id='line_1_49' title="bbox 196 2578 966 2619; baseline 0 -9"><span class='ocrx_word' id='word_1_296' title='bbox 196 2586 249 2610; x_wconf 79' lang='lat' dir='ltr'>tus</span> <span class='ocrx_word' id='word_1_297' title='bbox 262 2585 418 2619; x_wconf 87' lang='lat' dir='ltr'>occupet;</span> <span class='ocrx_word' id='word_1_298' title='bbox 432 2589 518 2615; x_wconf 86' lang='lat' dir='ltr'>cave,</span> <span class='ocrx_word' id='word_1_299' title='bbox 535 2589 576 2609; x_wconf 90' lang='lat' dir='ltr'>ne</span> <span class='ocrx_word' id='word_1_300' title='bbox 589 2578 666 2619; x_wconf 87' lang='lat' dir='ltr'>quid</span> <span class='ocrx_word' id='word_1_301' title='bbox 676 2578 810 2619; x_wconf 83' lang='lat' dir='ltr'>jacturae</span> <span class='ocrx_word' id='word_1_302' title='bbox 825 2579 921 2609; x_wconf 82' lang='lat' dir='ltr'>facias</span> <span class='ocrx_word' id='word_1_303' title='bbox 931 2578 966 2610; x_wconf 89' lang='lat' dir='ltr'>in</span> 
     </span>
     <span class='ocr_line' id='line_1_50' title="bbox 195 2621 967 2665; baseline 0 -13"><span class='ocrx_word' id='word_1_304' title='bbox 195 2623 331 2665; x_wconf 86' lang='lat' dir='ltr'>negotiis</span> <span class='ocrx_word' id='word_1_305' title='bbox 345 2623 430 2661; x_wconf 83' lang='lat' dir='ltr'>tuis;</span> <span class='ocrx_word' id='word_1_306' title='bbox 453 2621 541 2653; x_wconf 86' lang='lat' dir='ltr'>mille</span> <span class='ocrx_word' id='word_1_307' title='bbox 556 2622 674 2653; x_wconf 78' lang='lat' dir='ltr'>talenta</span> <span class='ocrx_word' id='word_1_308' title='bbox 688 2621 825 2653; x_wconf 86' lang='lat' dir='ltr'>rotunda</span> <span class='ocrx_word' id='word_1_309' title='bbox 833 2634 844 2660; x_wconf 89' lang='lat'>;</span> <span class='ocrx_word' id='word_1_310' title='bbox 860 2622 967 2661; x_wconf 81' lang='lat' dir='ltr'>accipe</span> 
     </span>
     <span class='ocr_line' id='line_1_51' title="bbox 195 2665 966 2708; baseline -0.001 -10"><span class='ocrx_word' id='word_1_311' title='bbox 195 2677 234 2698; x_wconf 89' lang='lat' dir='ltr'>ex</span> <span class='ocrx_word' id='word_1_312' title='bbox 249 2667 398 2698; x_wconf 84' lang='lat' dir='ltr'>manibus</span> <span class='ocrx_word' id='word_1_313' title='bbox 421 2666 556 2708; x_wconf 82' lang='lat' dir='ltr'>Reginae</span> <span class='ocrx_word' id='word_1_314' title='bbox 574 2665 725 2696; x_wconf 85' lang='lat' dir='ltr'>Pecuniae</span> <span class='ocrx_word' id='word_1_315' title='bbox 739 2665 858 2707; x_wconf 86' lang='lat' dir='ltr'>quaevis</span> <span class='ocrx_word' id='word_1_316' title='bbox 872 2665 966 2702; x_wconf 84' lang='lat' dir='ltr'>dona,</span> 
     </span>
     <span class='ocr_line' id='line_1_52' title="bbox 195 2710 524 2751; baseline -0.003 -9"><span class='ocrx_word' id='word_1_317' title='bbox 195 2718 227 2742; x_wconf 86' lang='lat' dir='ltr'>et</span> <span class='ocrx_word' id='word_1_318' title='bbox 241 2710 280 2740; x_wconf 78' lang='lat' dir='ltr'>iis</span> <span class='ocrx_word' id='word_1_319' title='bbox 293 2710 524 2751; x_wconf 80' lang='lat' dir='ltr'>exsp1endesce.</span> 
     </span>
    </p>

    <p class='ocr_par' dir='ltr' id='par_1_16' title="bbox 195 2751 965 2838">
     <span class='ocr_line' id='line_1_53' title="bbox 238 2751 965 2794; baseline 0 -10"><span class='ocrx_word' id='word_1_320' title='bbox 238 2765 267 2785; x_wconf 81' lang='lat' dir='ltr'>v.</span> <span class='ocrx_word' id='word_1_321' title='bbox 286 2753 340 2785; x_wconf 77' lang='lat'>28.</span> <span class='ocrx_word' id='word_1_322' title='bbox 359 2760 535 2792; x_wconf 77' lang='lat' dir='ltr'>tentantur,</span> <span class='ocrx_word' id='word_1_323' title='bbox 550 2751 736 2794; x_wconf 79' lang='lat' dir='ltr'>affliguntur</span> <span class='ocrx_word' id='word_1_324' title='bbox 746 2764 757 2791; x_wconf 88' lang='lat'>;</span> <span class='ocrx_word' id='word_1_325' title='bbox 784 2752 829 2784; x_wconf 88' lang='lat' dir='ltr'>sic</span> <span class='ocrx_word' id='word_1_326' title='bbox 843 2758 965 2784; x_wconf 80' lang='lat' dir='ltr'>tentare</span> 
     </span>
     <span class='ocr_line' id='line_1_54' title="bbox 195 2798 469 2838; baseline -0.004 -9"><span class='ocrx_word' id='word_1_327' title='bbox 195 2808 278 2838; x_wconf 85' lang='lat' dir='ltr'>saepe</span> <span class='ocrx_word' id='word_1_328' title='bbox 293 2798 333 2829; x_wconf 86' lang='lat' dir='ltr'>de</span> <span class='ocrx_word' id='word_1_329' title='bbox 348 2799 469 2829; x_wconf 86' lang='lat' dir='ltr'>morbo.</span> 
     </span>
    </p>

    <p class='ocr_par' dir='ltr' id='par_1_17' title="bbox 195 2840 962 2927">
     <span class='ocr_line' id='line_1_55' title="bbox 239 2840 962 2885; baseline -0.003 -14"><span class='ocrx_word' id='word_1_330' title='bbox 239 2853 268 2872; x_wconf 87' lang='lat' dir='ltr'>v.</span> <span class='ocrx_word' id='word_1_331' title='bbox 286 2840 340 2873; x_wconf 81' lang='lat'>29.</span> <span class='ocrx_word' id='word_1_332' title='bbox 363 2844 474 2877; x_wconf 77' lang='lat' dir='ltr'>Quaere</span> <span class='ocrx_word' id='word_1_333' title='bbox 483 2841 604 2885; x_wconf 82' lang='lat' dir='ltr'>sugam</span> <span class='ocrx_word' id='word_1_334' title='bbox 618 2841 728 2875; x_wconf 86' lang='lat' dir='ltr'>morbi,</span> <span class='ocrx_word' id='word_1_335' title='bbox 744 2849 850 2880; x_wconf 88' lang='lat' dir='ltr'>quaere</span> <span class='ocrx_word' id='word_1_336' title='bbox 865 2849 962 2870; x_wconf 84' lang='lat' dir='ltr'>reme-</span> 
     </span>
     <span class='ocr_line' id='line_1_56' title="bbox 195 2883 961 2927; baseline -0.004 -11"><span class='ocrx_word' id='word_1_337' title='bbox 195 2884 257 2922; x_wconf 86' lang='lat' dir='ltr'>dia,</span> <span class='ocrx_word' id='word_1_338' title='bbox 274 2885 391 2927; x_wconf 85' lang='lat' dir='ltr'>quibus</span> <span class='ocrx_word' id='word_1_339' title='bbox 406 2886 437 2915; x_wconf 87' lang='lat' dir='ltr'>in</span> <span class='ocrx_word' id='word_1_340' title='bbox 459 2885 572 2926; x_wconf 80' lang='lat' dir='ltr'>fugam</span> <span class='ocrx_word' id='word_1_341' title='bbox 594 2883 801 2924; x_wconf 80' lang='lat' dir='ltr'>compellatur</span> <span class='ocrx_word' id='word_1_342' title='bbox 822 2884 961 2914; x_wconf 87' lang='lat' dir='ltr'>morbus.</span> 
     </span>
    </p>

    <p class='ocr_par' dir='ltr' id='par_1_18' title="bbox 193 2925 965 3013">
     <span class='ocr_line' id='line_1_57' title="bbox 240 2925 965 2972; baseline -0.004 -13"><span class='ocrx_word' id='word_1_343' title='bbox 240 2940 266 2959; x_wconf 83' lang='lat' dir='ltr'>v.</span> <span class='ocrx_word' id='word_1_344' title='bbox 286 2928 340 2960; x_wconf 88' lang='grc'><strong>31.</strong></span> <span class='ocrx_word' id='word_1_345' title='bbox 356 2931 455 2972; x_wconf 82' lang='lat' dir='ltr'>sortis</span> <span class='ocrx_word' id='word_1_346' title='bbox 470 2947 513 2953; x_wconf 90' lang='lat'><strong>—</strong></span> <span class='ocrx_word' id='word_1_347' title='bbox 530 2930 602 2960; x_wconf 87' lang='lat' dir='ltr'>Hoc</span> <span class='ocrx_word' id='word_1_348' title='bbox 623 2938 689 2968; x_wconf 82' lang='lat' dir='ltr'>age,</span> <span class='ocrx_word' id='word_1_349' title='bbox 712 2925 834 2957; x_wconf 78' lang='lat' dir='ltr'>fortiter</span> <span class='ocrx_word' id='word_1_350' title='bbox 852 2937 965 2967; x_wconf 83' lang='lat' dir='ltr'>aggre-</span> 
     </span>
     <span class='ocr_line' id='line_1_58' title="bbox 193 2970 965 3013; baseline -0.001 -11"><span class='ocrx_word' id='word_1_351' title='bbox 193 2971 267 3003; x_wconf 82' lang='lat' dir='ltr'>dere</span> <span class='ocrx_word' id='word_1_352' title='bbox 292 2973 415 3004; x_wconf 78' lang='lat' dir='ltr'>virtutis</span> <span class='ocrx_word' id='word_1_353' title='bbox 440 2982 531 3013; x_wconf 67' lang='lat' dir='ltr'>opuS,</span> <span class='ocrx_word' id='word_1_354' title='bbox 559 2973 675 3005; x_wconf 69' lang='lat' dir='ltr'>omissis</span> <span class='ocrx_word' id='word_1_355' title='bbox 698 2972 824 3008; x_wconf 80' lang='lat' dir='ltr'>deliciis,</span> <span class='ocrx_word' id='word_1_356' title='bbox 850 2970 965 3011; x_wconf 83' lang='lat' dir='ltr'>rejecto</span> 
     </span>
    </p>
   </div>
   <div class='ocr_carea' id='block_1_14' title="bbox 1016 1359 1791 1488">
    <p class='ocr_par' dir='ltr' id='par_1_19' title="bbox 1016 1359 1791 1488">
     <span class='ocr_line' id='line_1_59' title="bbox 1016 1359 1790 1402; baseline 0.003 -12"><span class='ocrx_word' id='word_1_357' title='bbox 1016 1359 1155 1401; x_wconf 87' lang='lat' dir='ltr'>corporis</span> <span class='ocrx_word' id='word_1_358' title='bbox 1179 1359 1350 1402; x_wconf 84' lang='lat' dir='ltr'>voluptatis</span> <span class='ocrx_word' id='word_1_359' title='bbox 1374 1366 1407 1392; x_wconf 80' lang='lat' dir='ltr'>et</span> <span class='ocrx_word' id='word_1_360' title='bbox 1431 1359 1585 1392; x_wconf 87' lang='lat' dir='ltr'>mollioris</span> <span class='ocrx_word' id='word_1_361' title='bbox 1609 1359 1681 1393; x_wconf 69' lang='lat' dir='ltr'>vite</span> <span class='ocrx_word' id='word_1_362' title='bbox 1705 1360 1790 1392; x_wconf 77' lang='lat' dir='ltr'>fruc·</span> 
     </span>
     <span class='ocr_line' id='line_1_60' title="bbox 1016 1409 1791 1488; baseline 0.005 -12"><span class='ocrx_word' id='word_1_363' title='bbox 1016 1409 1052 1434; x_wconf 68' lang='lat' dir='ltr'>tu</span> <span class='ocrx_word' id='word_1_364' title='bbox 1060 1456 1089 1477; x_wconf 86' lang='lat' dir='ltr'>v.</span> <span class='ocrx_word' id='word_1_365' title='bbox 1107 1445 1160 1478; x_wconf 81' lang='grc'><strong>32.</strong></span> <span class='ocrx_word' id='word_1_366' title='bbox 1177 1453 1288 1487; x_wconf 72' lang='lat' dir='ltr'>portus</span> <span class='ocrx_word' id='word_1_367' title='bbox 1311 1453 1437 1488; x_wconf 79' lang='lat' dir='ltr'>occupet</span> <span class='ocrx_word' id='word_1_368' title='bbox 1451 1465 1494 1473; x_wconf 90' lang='lat'>—-</span> <span class='ocrx_word' id='word_1_369' title='bbox 1504 1454 1618 1488; x_wconf 65' lang='lat' dir='ltr'>portur</span> <span class='ocrx_word' id='word_1_370' title='bbox 1642 1459 1791 1488; x_wconf 79' lang='lat' dir='ltr'>occupare</span> 
     </span>
    </p>
   </div>
   <div class='ocr_carea' id='block_1_15' title="bbox 1011 1490 1791 1534">
    <p class='ocr_par' dir='ltr' id='par_1_20' title="bbox 1011 1490 1791 1534">
     <span class='ocr_line' id='line_1_61' title="bbox 1011 1490 1791 1534; baseline 0.003 -14"><span class='ocrx_word' id='word_1_371' title='bbox 1011 1490 1080 1531; x_wconf 87' lang='lat' dir='ltr'>jam</span> <span class='ocrx_word' id='word_1_372' title='bbox 1097 1496 1162 1521; x_wconf 88' lang='lat' dir='ltr'>est:</span> <span class='ocrx_word' id='word_1_373' title='bbox 1182 1496 1291 1530; x_wconf 87' lang='lat' dir='ltr'>portus</span> <span class='ocrx_word' id='word_1_374' title='bbox 1306 1491 1393 1531; x_wconf 85' lang='lat' dir='ltr'>prius</span> <span class='ocrx_word' id='word_1_375' title='bbox 1406 1490 1506 1522; x_wconf 86' lang='lat' dir='ltr'>altero</span> <span class='ocrx_word' id='word_1_376' title='bbox 1519 1501 1683 1531; x_wconf 82' lang='lat' dir='ltr'>occupare,</span> <span class='ocrx_word' id='word_1_377' title='bbox 1701 1493 1791 1534; x_wconf 67' lang='grc' dir='ltr'>(φθόι-</span> 
     </span>
    </p>
   </div>
   <div class='ocr_carea' id='block_1_16' title="bbox 1008 1532 1791 3014">
    <p class='ocr_par' dir='ltr' id='par_1_21' title="bbox 1017 1532 1791 1834">
     <span class='ocr_line' id='line_1_62' title="bbox 1020 1532 1787 1574; baseline 0.003 -11"><span class='ocrx_word' id='word_1_378' title='bbox 1020 1532 1083 1573; x_wconf 74' lang='grc' dir='ltr'>νειι)</span> <span class='ocrx_word' id='word_1_379' title='bbox 1100 1534 1132 1564; x_wconf 86' lang='lat' dir='ltr'>h.</span> <span class='ocrx_word' id='word_1_380' title='bbox 1150 1543 1178 1564; x_wconf 86' lang='lat' dir='ltr'>e.</span> <span class='ocrx_word' id='word_1_381' title='bbox 1197 1544 1426 1573; x_wconf 82' lang='lat' dir='ltr'>praeoccupare.</span> <span class='ocrx_word' id='word_1_382' title='bbox 1451 1544 1547 1574; x_wconf 79' lang='lat' dir='ltr'>supra</span> <span class='ocrx_word' id='word_1_383' title='bbox 1573 1533 1638 1566; x_wconf 89' lang='lat' dir='ltr'>Od.</span> <span class='ocrx_word' id='word_1_384' title='bbox 1663 1534 1714 1565; x_wconf 87' lang='lat'>11.</span> <span class='ocrx_word' id='word_1_385' title='bbox 1735 1533 1787 1565; x_wconf 82' lang='lat'>12.</span> 
     </span>
     <span class='ocr_line' id='line_1_63' title="bbox 1019 1575 1786 1620; baseline 0.001 -13"><span class='ocrx_word' id='word_1_386' title='bbox 1019 1575 1072 1607; x_wconf 79' lang='grc'><strong>28.</strong></span> <span class='ocrx_word' id='word_1_387' title='bbox 1091 1579 1262 1608; x_wconf 78' lang='lat' dir='ltr'>Interdum</span> <span class='ocrx_word' id='word_1_388' title='bbox 1275 1589 1385 1618; x_wconf 81' lang='lat' dir='ltr'>rapere</span> <span class='ocrx_word' id='word_1_389' title='bbox 1402 1577 1540 1620; x_wconf 79' lang='lat' dir='ltr'>(oscula)</span> <span class='ocrx_word' id='word_1_390' title='bbox 1555 1584 1694 1619; x_wconf 77' lang='lat' dir='ltr'>occupat.</span> <span class='ocrx_word' id='word_1_391' title='bbox 1713 1579 1786 1610; x_wconf 80' lang='lat' dir='ltr'>Liv.</span> 
     </span>
     <span class='ocr_line' id='line_1_64' title="bbox 1019 1618 1786 1663; baseline 0.003 -12"><span class='ocrx_word' id='word_1_392' title='bbox 1019 1620 1048 1651; x_wconf 87' lang='lat' dir='ltr'>I.</span> <span class='ocrx_word' id='word_1_393' title='bbox 1070 1618 1120 1651; x_wconf 79' lang='grc'><strong>14·.</strong></span> <span class='ocrx_word' id='word_1_394' title='bbox 1139 1622 1253 1652; x_wconf 85' lang='lat' dir='ltr'>bellum</span> <span class='ocrx_word' id='word_1_395' title='bbox 1262 1622 1378 1663; x_wconf 84' lang='lat' dir='ltr'>facere</span> <span class='ocrx_word' id='word_1_396' title='bbox 1393 1627 1560 1662; x_wconf 80' lang='lat' dir='ltr'>occupant.</span> <span class='ocrx_word' id='word_1_397' title='bbox 1594 1621 1690 1652; x_wconf 83' lang='lat' dir='ltr'>ldem&#39;</span> <span class='ocrx_word' id='word_1_398' title='bbox 1707 1621 1735 1652; x_wconf 93' lang='lat'>1.</span> <span class='ocrx_word' id='word_1_399' title='bbox 1754 1622 1786 1653; x_wconf 89' lang='lat'>3.</span> 
     </span>
     <span class='ocr_line' id='line_1_65' title="bbox 1020 1665 1791 1705; baseline 0.003 -10"><span class='ocrx_word' id='word_1_400' title='bbox 1020 1665 1162 1704; x_wconf 82' lang='lat' dir='ltr'>Occupat</span> <span class='ocrx_word' id='word_1_401' title='bbox 1182 1665 1296 1696; x_wconf 77' lang='lat' dir='ltr'>Tullus</span> <span class='ocrx_word' id='word_1_402' title='bbox 1309 1666 1344 1696; x_wconf 88' lang='lat' dir='ltr'>in</span> <span class='ocrx_word' id='word_1_403' title='bbox 1358 1676 1475 1705; x_wconf 78' lang='lat' dir='ltr'>agrum</span> <span class='ocrx_word' id='word_1_404' title='bbox 1489 1666 1642 1697; x_wconf 80' lang='lat' dir='ltr'>Sabinum</span> <span class='ocrx_word' id='word_1_405' title='bbox 1656 1668 1791 1698; x_wconf 79' lang='lat' dir='ltr'>transire</span> 
     </span>
     <span class='ocr_line' id='line_1_66' title="bbox 1017 1707 1791 1748; baseline 0 -11"><span class='ocrx_word' id='word_1_406' title='bbox 1017 1725 1062 1736; x_wconf 89' lang='lat'><em>-</em></span> <span class='ocrx_word' id='word_1_407' title='bbox 1077 1708 1247 1742; x_wconf 75' lang='lat' dir='ltr'>Mercator,</span> <span class='ocrx_word' id='word_1_408' title='bbox 1273 1707 1330 1748; x_wconf 89' lang='lat' dir='ltr'>qui</span> <span class='ocrx_word' id='word_1_409' title='bbox 1352 1707 1436 1748; x_wconf 83' lang='lat' dir='ltr'>prior</span> <span class='ocrx_word' id='word_1_410' title='bbox 1455 1708 1555 1740; x_wconf 85' lang='lat' dir='ltr'>altero</span> <span class='ocrx_word' id='word_1_411' title='bbox 1574 1708 1611 1738; x_wconf 86' lang='lat' dir='ltr'>in</span> <span class='ocrx_word' id='word_1_412' title='bbox 1624 1716 1719 1748; x_wconf 77' lang='lat' dir='ltr'>portu</span> <span class='ocrx_word' id='word_1_413' title='bbox 1733 1710 1791 1741; x_wconf 73' lang='lat' dir='ltr'>ad-</span> 
     </span>
     <span class='ocr_line' id='line_1_67' title="bbox 1018 1750 1791 1794; baseline 0.004 -13"><span class='ocrx_word' id='word_1_414' title='bbox 1018 1750 1172 1788; x_wconf 82' lang='lat' dir='ltr'>veniebat,</span> <span class='ocrx_word' id='word_1_415' title='bbox 1205 1751 1352 1782; x_wconf 76' lang='lat' dir='ltr'>advectas</span> <span class='ocrx_word' id='word_1_416' title='bbox 1386 1761 1507 1783; x_wconf 81' lang='lat' dir='ltr'>merces</span> <span class='ocrx_word' id='word_1_417' title='bbox 1541 1751 1662 1794; x_wconf 83' lang='lat' dir='ltr'>majore</span> <span class='ocrx_word' id='word_1_418' title='bbox 1689 1753 1791 1792; x_wconf 80' lang='lat' dir='ltr'>pretio</span> 
     </span>
     <span class='ocr_line' id='line_1_68' title="bbox 1017 1794 1298 1834; baseline 0 -9"><span class='ocrx_word' id='word_1_419' title='bbox 1017 1794 1153 1825; x_wconf 79' lang='lat' dir='ltr'>vendere</span> <span class='ocrx_word' id='word_1_420' title='bbox 1167 1800 1298 1834; x_wconf 81' lang='lat' dir='ltr'>poterat.</span> 
     </span>
    </p>

    <p class='ocr_par' dir='ltr' id='par_1_22' title="bbox 1014 1837 1790 2097">
     <span class='ocr_line' id='line_1_69' title="bbox 1060 1837 1790 1880; baseline 0.004 -12"><span class='ocrx_word' id='word_1_421' title='bbox 1060 1848 1090 1868; x_wconf 87' lang='lat' dir='ltr'>v.</span> <span class='ocrx_word' id='word_1_422' title='bbox 1109 1837 1163 1868; x_wconf 91' lang='lat'>33.</span> <span class='ocrx_word' id='word_1_423' title='bbox 1191 1839 1367 1880; x_wconf 76' lang='lat' dir='ltr'>Cibyratica</span> <span class='ocrx_word' id='word_1_424' title='bbox 1380 1855 1426 1864; x_wconf 92' lang='lat'>—</span> <span class='ocrx_word' id='word_1_425' title='bbox 1439 1839 1584 1880; x_wconf 71' lang='lat' dir='ltr'>Bithyna</span> <span class='ocrx_word' id='word_1_426' title='bbox 1603 1850 1685 1880; x_wconf 64' lang='lat' dir='ltr'>neg„</span> <span class='ocrx_word' id='word_1_427' title='bbox 1706 1849 1790 1871; x_wconf 85' lang='lat' dir='ltr'>mer-</span> 
     </span>
     <span class='ocr_line' id='line_1_70' title="bbox 1015 1881 1790 1923; baseline -0.001 -11"><span class='ocrx_word' id='word_1_428' title='bbox 1015 1887 1135 1912; x_wconf 63' lang='lat' dir='ltr'>catores</span> <span class='ocrx_word' id='word_1_429' title='bbox 1150 1881 1237 1912; x_wconf 88' lang='lat' dir='ltr'>enim</span> <span class='ocrx_word' id='word_1_430' title='bbox 1255 1882 1393 1923; x_wconf 78' lang='lat' dir='ltr'>Romani</span> <span class='ocrx_word' id='word_1_431' title='bbox 1408 1891 1447 1912; x_wconf 86' lang='lat' dir='ltr'>ex</span> <span class='ocrx_word' id='word_1_432' title='bbox 1462 1883 1541 1913; x_wconf 85' lang='lat' dir='ltr'>urbe</span> <span class='ocrx_word' id='word_1_433' title='bbox 1558 1882 1716 1923; x_wconf 62' lang='lat' dir='ltr'>Phrygia,</span> <span class='ocrx_word' id='word_1_434' title='bbox 1734 1883 1790 1914; x_wconf 84' lang='lat' dir='ltr'>Ci-</span> 
     </span>
     <span class='ocr_line' id='line_1_71' title="bbox 1015 1925 1790 1968; baseline 0.006 -13"><span class='ocrx_word' id='word_1_435' title='bbox 1015 1925 1103 1964; x_wconf 85' lang='lat' dir='ltr'>byra,</span> <span class='ocrx_word' id='word_1_436' title='bbox 1119 1930 1151 1956; x_wconf 85' lang='lat' dir='ltr'>et</span> <span class='ocrx_word' id='word_1_437' title='bbox 1164 1935 1182 1956; x_wconf 90' lang='lat' dir='ltr'>e</span> <span class='ocrx_word' id='word_1_438' title='bbox 1199 1925 1353 1965; x_wconf 83' lang='lat' dir='ltr'>Bithynia</span> <span class='ocrx_word' id='word_1_439' title='bbox 1367 1925 1467 1968; x_wconf 80' lang='lat' dir='ltr'>(conf.</span> <span class='ocrx_word' id='word_1_440' title='bbox 1487 1935 1585 1965; x_wconf 81' lang='lat' dir='ltr'>supra</span> <span class='ocrx_word' id='word_1_441' title='bbox 1601 1925 1664 1959; x_wconf 85' lang='lat' dir='ltr'>od.</span> <span class='ocrx_word' id='word_1_442' title='bbox 1686 1925 1715 1957; x_wconf 88' lang='grc' dir='ltr'>Ι.</span> <span class='ocrx_word' id='word_1_443' title='bbox 1735 1926 1790 1960; x_wconf 89' lang='lat'>35.</span> 
     </span>
     <span class='ocr_line' id='line_1_72' title="bbox 1015 1967 1788 2011; baseline 0.004 -12"><span class='ocrx_word' id='word_1_444' title='bbox 1015 1967 1066 2008; x_wconf 83' lang='lat'>7.)</span> <span class='ocrx_word' id='word_1_445' title='bbox 1081 1978 1201 2000; x_wconf 88' lang='lat' dir='ltr'>merces</span> <span class='ocrx_word' id='word_1_446' title='bbox 1215 1979 1289 1999; x_wconf 89' lang='lat' dir='ltr'>suas</span> <span class='ocrx_word' id='word_1_447' title='bbox 1303 1973 1408 2009; x_wconf 77' lang='lat' dir='ltr'>petere</span> <span class='ocrx_word' id='word_1_448' title='bbox 1429 1969 1573 2000; x_wconf 72' lang='lat' dir='ltr'>solebant</span> <span class='ocrx_word' id='word_1_449' title='bbox 1582 1981 1593 2007; x_wconf 93' lang='lat'>;</span> <span class='ocrx_word' id='word_1_450' title='bbox 1617 1979 1696 2010; x_wconf 76' lang='lat' dir='ltr'>quas</span> <span class='ocrx_word' id='word_1_451' title='bbox 1715 1972 1788 2011; x_wconf 89' lang='lat' dir='ltr'>qui-</span> 
     </span>
     <span class='ocr_line' id='line_1_73' title="bbox 1015 2011 1788 2053; baseline 0.005 -11"><span class='ocrx_word' id='word_1_452' title='bbox 1015 2011 1090 2042; x_wconf 87' lang='lat' dir='ltr'>dem</span> <span class='ocrx_word' id='word_1_453' title='bbox 1099 2011 1154 2053; x_wconf 86' lang='lat' dir='ltr'>qui</span> <span class='ocrx_word' id='word_1_454' title='bbox 1164 2022 1230 2043; x_wconf 88' lang='lat' dir='ltr'>non</span> <span class='ocrx_word' id='word_1_455' title='bbox 1241 2011 1399 2044; x_wconf 73' lang='lat' dir='ltr'>maturius</span> <span class='ocrx_word' id='word_1_456' title='bbox 1412 2011 1612 2045; x_wconf 80' lang='lat' dir='ltr'>advehendas</span> <span class='ocrx_word' id='word_1_457' title='bbox 1625 2015 1788 2053; x_wconf 80' lang='lat' dir='ltr'>curabant,</span> 
     </span>
     <span class='ocr_line' id='line_1_74' title="bbox 1014 2056 1683 2097; baseline 0 -9"><span class='ocrx_word' id='word_1_458' title='bbox 1014 2057 1136 2096; x_wconf 73' lang='lat' dir='ltr'>negocia</span> <span class='ocrx_word' id='word_1_459' title='bbox 1151 2066 1221 2093; x_wconf 77' lang='lat' dir='ltr'>sua,</span> <span class='ocrx_word' id='word_1_460' title='bbox 1238 2056 1270 2086; x_wconf 83' lang='lat' dir='ltr'>b.</span> <span class='ocrx_word' id='word_1_461' title='bbox 1288 2066 1316 2088; x_wconf 79' lang='lat' dir='ltr'>e.</span> <span class='ocrx_word' id='word_1_462' title='bbox 1334 2062 1491 2097; x_wconf 83' lang='lat' dir='ltr'>quaestum</span> <span class='ocrx_word' id='word_1_463' title='bbox 1502 2058 1683 2097; x_wconf 76' lang='lat' dir='ltr'>perdebant.</span> 
     </span>
    </p>

    <p class='ocr_par' dir='ltr' id='par_1_23' title="bbox 1013 2097 1788 2402">
     <span class='ocr_line' id='line_1_75' title="bbox 1058 2097 1787 2137; baseline 0.001 -7"><span class='ocrx_word' id='word_1_464' title='bbox 1058 2110 1088 2130; x_wconf 89' lang='lat' dir='ltr'>v.</span> <span class='ocrx_word' id='word_1_465' title='bbox 1102 2097 1156 2130; x_wconf 75' lang='lat'>34«.</span> <span class='ocrx_word' id='word_1_466' title='bbox 1174 2101 1400 2137; x_wconf 75' lang='lat' dir='ltr'>rotundentur,</span> <span class='ocrx_word' id='word_1_467' title='bbox 1416 2099 1631 2137; x_wconf 81' lang='lat' dir='ltr'>corradantur,</span> <span class='ocrx_word' id='word_1_468' title='bbox 1647 2107 1685 2131; x_wconf 87' lang='lat' dir='ltr'>ut</span> <span class='ocrx_word' id='word_1_469' title='bbox 1699 2111 1787 2131; x_wconf 85' lang='lat' dir='ltr'>sum-</span> 
     </span>
     <span class='ocr_line' id='line_1_76' title="bbox 1016 2142 1781 2182; baseline 0.004 -9"><span class='ocrx_word' id='word_1_470' title='bbox 1016 2152 1070 2174; x_wconf 89' lang='lat' dir='ltr'>ma</span> <span class='ocrx_word' id='word_1_471' title='bbox 1084 2142 1212 2174; x_wconf 86' lang='lat' dir='ltr'>rotundi</span> <span class='ocrx_word' id='word_1_472' title='bbox 1227 2142 1353 2174; x_wconf 88' lang='lat' dir='ltr'>numeri</span> <span class='ocrx_word' id='word_1_473' title='bbox 1367 2143 1543 2182; x_wconf 85' lang='lat' dir='ltr'>efficiatur;</span> <span class='ocrx_word' id='word_1_474' title='bbox 1611 2144 1721 2180; x_wconf 80' lang='lat' dir='ltr'>altera.</span> <span class='ocrx_word' id='word_1_475' title='bbox 1737 2154 1781 2176; x_wconf 82' lang='lat' dir='ltr'>sc.</span> 
     </span>
     <span class='ocr_line' id='line_1_77' title="bbox 1015 2185 1786 2228; baseline 0.005 -12"><span class='ocrx_word' id='word_1_476' title='bbox 1015 2186 1104 2217; x_wconf 87' lang='lat' dir='ltr'>mille</span> <span class='ocrx_word' id='word_1_477' title='bbox 1118 2186 1255 2225; x_wconf 80' lang='lat' dir='ltr'>talema3</span> <span class='ocrx_word' id='word_1_478' title='bbox 1275 2186 1366 2228; x_wconf 85' lang='lat' dir='ltr'>Virg.</span> <span class='ocrx_word' id='word_1_479' title='bbox 1383 2186 1498 2228; x_wconf 81' lang='lat' dir='ltr'>Eclog.</span> <span class='ocrx_word' id='word_1_480' title='bbox 1514 2186 1587 2218; x_wconf 91' lang='lat'>111.</span> <span class='ocrx_word' id='word_1_481' title='bbox 1601 2185 1656 2218; x_wconf 89' lang='grc'><strong>71.</strong></span> <span class='ocrx_word' id='word_1_482' title='bbox 1674 2188 1786 2220; x_wconf 77' lang='lat' dir='ltr'>Aurea</span> 
     </span>
     <span class='ocr_line' id='line_1_78' title="bbox 1013 2229 1786 2272; baseline -0.001 -10"><span class='ocrx_word' id='word_1_483' title='bbox 1013 2232 1099 2262; x_wconf 86' lang='lat' dir='ltr'>mala</span> <span class='ocrx_word' id='word_1_484' title='bbox 1121 2233 1226 2263; x_wconf 82' lang='lat' dir='ltr'>decem</span> <span class='ocrx_word' id='word_1_485' title='bbox 1249 2231 1340 2268; x_wconf 69' lang='grc' dir='ltr'><em>πιίεἰς</em></span> <span class='ocrx_word' id='word_1_486' title='bbox 1364 2241 1436 2262; x_wconf 70' lang='lat' dir='ltr'>cras</span> <span class='ocrx_word' id='word_1_487' title='bbox 1460 2232 1557 2262; x_wconf 78' lang='lat' dir='ltr'>altera</span> <span class='ocrx_word' id='word_1_488' title='bbox 1584 2231 1642 2271; x_wconf 79' lang='lat' dir='ltr'>(sc.</span> <span class='ocrx_word' id='word_1_489' title='bbox 1659 2229 1786 2272; x_wconf 84' lang='lat' dir='ltr'>decem)</span> 
     </span>
     <span class='ocr_line' id='line_1_79' title="bbox 1014 2271 1788 2309; baseline 0.003 -4"><span class='ocrx_word' id='word_1_490' title='bbox 1014 2276 1148 2305; x_wconf 76' lang='lat' dir='ltr'>mittam.</span> <span class='ocrx_word' id='word_1_491' title='bbox 1175 2274 1304 2306; x_wconf 85' lang='lat' dir='ltr'>Terent.</span> <span class='ocrx_word' id='word_1_492' title='bbox 1325 2274 1446 2305; x_wconf 79' lang='lat' dir='ltr'>Heaut.</span> <span class='ocrx_word' id='word_1_493' title='bbox 1473 2273 1537 2304; x_wconf 86' lang='lat' dir='ltr'>lv.</span> <span class='ocrx_word' id='word_1_494' title='bbox 1555 2271 1588 2309; x_wconf 61' lang='grc' dir='ltr'><strong>ᾦ.</strong></span> <span class='ocrx_word' id='word_1_495' title='bbox 1605 2272 1638 2305; x_wconf 77' lang='lat'>3-</span> <span class='ocrx_word' id='word_1_496' title='bbox 1676 2276 1788 2309; x_wconf 75' lang='lat' dir='ltr'>Minas</span> 
     </span>
     <span class='ocr_line' id='line_1_80' title="bbox 1013 2317 1786 2360; baseline 0.001 -11"><span class='ocrx_word' id='word_1_497' title='bbox 1013 2317 1221 2359; x_wconf 76' lang='lat' dir='ltr'>quidemjam</span> <span class='ocrx_word' id='word_1_498' title='bbox 1229 2320 1335 2350; x_wconf 82' lang='lat' dir='ltr'>decem</span> <span class='ocrx_word' id='word_1_499' title='bbox 1348 2319 1439 2349; x_wconf 76' lang='lat' dir='ltr'>habet</span> <span class='ocrx_word' id='word_1_500' title='bbox 1451 2329 1472 2348; x_wconf 89' lang='lat' dir='ltr'>a</span> <span class='ocrx_word' id='word_1_501' title='bbox 1485 2328 1535 2349; x_wconf 85' lang='lat' dir='ltr'>me</span> <span class='ocrx_word' id='word_1_502' title='bbox 1536 2318 1612 2360; x_wconf 76' lang='lat' dir='ltr'>filia</span> <span class='ocrx_word' id='word_1_503' title='bbox 1622 2337 1668 2343; x_wconf 97' lang='lat'>—</span> <span class='ocrx_word' id='word_1_504' title='bbox 1678 2319 1786 2350; x_wconf 74' lang='lat' dir='ltr'>Hasce</span> 
     </span>
     <span class='ocr_line' id='line_1_81' title="bbox 1013 2360 1739 2402; baseline 0 -9"><span class='ocrx_word' id='word_1_505' title='bbox 1013 2379 1058 2385; x_wconf 97' lang='lat'><strong>—</strong></span> <span class='ocrx_word' id='word_1_506' title='bbox 1068 2367 1301 2402; x_wconf 81' lang='lat' dir='ltr'>consequentur</span> <span class='ocrx_word' id='word_1_507' title='bbox 1313 2362 1429 2398; x_wconf 80' lang='lat' dir='ltr'>alterae,</span> <span class='ocrx_word' id='word_1_508' title='bbox 1445 2370 1487 2392; x_wconf 83' lang='lat' dir='ltr'>sc.</span> <span class='ocrx_word' id='word_1_509' title='bbox 1505 2360 1618 2392; x_wconf 82' lang='lat' dir='ltr'>decem</span> <span class='ocrx_word' id='word_1_510' title='bbox 1631 2360 1739 2393; x_wconf 79' lang='lat' dir='ltr'>minae.</span> 
     </span>
    </p>

    <p class='ocr_par' dir='ltr' id='par_1_24' title="bbox 1012 2403 1786 2522">
     <span class='ocr_line' id='line_1_82' title="bbox 1056 2403 1786 2449; baseline 0.005 -15"><span class='ocrx_word' id='word_1_511' title='bbox 1056 2415 1085 2435; x_wconf 90' lang='lat' dir='ltr'>v.</span> <span class='ocrx_word' id='word_1_512' title='bbox 1103 2403 1158 2435; x_wconf 88' lang='lat'>35.</span> <span class='ocrx_word' id='word_1_513' title='bbox 1176 2411 1204 2436; x_wconf 76' lang='lat' dir='ltr'>et</span> <span class='ocrx_word' id='word_1_514' title='bbox 1221 2415 1292 2445; x_wconf 87' lang='lat' dir='ltr'>quae</span> <span class='ocrx_word' id='word_1_515' title='bbox 1306 2415 1385 2444; x_wconf 73' lang='lat' dir='ltr'>pars</span> <span class='ocrx_word' id='word_1_516' title='bbox 1399 2405 1510 2445; x_wconf 81' lang='lat' dir='ltr'>quadr.</span> <span class='ocrx_word' id='word_1_517' title='bbox 1527 2414 1644 2442; x_wconf 84' lang='lat' dir='ltr'>acerv·,</span> <span class='ocrx_word' id='word_1_518' title='bbox 1666 2412 1699 2436; x_wconf 79' lang='lat' dir='ltr'>et</span> <span class='ocrx_word' id='word_1_519' title='bbox 1712 2415 1786 2449; x_wconf 81' lang='lat' dir='ltr'>quae</span> 
     </span>
     <span class='ocr_line' id='line_1_83' title="bbox 1012 2446 1786 2489; baseline 0.001 -10"><span class='ocrx_word' id='word_1_520' title='bbox 1012 2458 1084 2488; x_wconf 83' lang='lat' dir='ltr'>pars</span> <span class='ocrx_word' id='word_1_521' title='bbox 1106 2447 1212 2486; x_wconf 85' lang='lat' dir='ltr'>efficit,</span> <span class='ocrx_word' id='word_1_522' title='bbox 1236 2453 1275 2479; x_wconf 78' lang='lat' dir='ltr'>ut</span> <span class='ocrx_word' id='word_1_523' title='bbox 1294 2454 1430 2489; x_wconf 80' lang='lat' dir='ltr'>quatuor</span> <span class='ocrx_word' id='word_1_524' title='bbox 1442 2446 1635 2480; x_wconf 81' lang='lat' dir='ltr'>talentorum</span> <span class='ocrx_word' id='word_1_525' title='bbox 1655 2458 1786 2481; x_wconf 78' lang='lat' dir='ltr'>acervus</span> 
     </span>
     <span class='ocr_line' id='line_1_84' title="bbox 1014 2492 1079 2522; baseline 0 0"><span class='ocrx_word' id='word_1_526' title='bbox 1014 2492 1079 2522; x_wconf 80' lang='lat' dir='ltr'>fiat.</span> 
     </span>
    </p>

    <p class='ocr_par' dir='ltr' id='par_1_25' title="bbox 1009 2533 1785 2655">
     <span class='ocr_line' id='line_1_85' title="bbox 1057 2533 1785 2578; baseline 0 -12"><span class='ocrx_word' id='word_1_527' title='bbox 1057 2546 1087 2566; x_wconf 87' lang='lat' dir='ltr'>v.</span> <span class='ocrx_word' id='word_1_528' title='bbox 1104 2534 1159 2572; x_wconf 89' lang='grc'>36,</span> <span class='ocrx_word' id='word_1_529' title='bbox 1175 2533 1229 2567; x_wconf 90' lang='grc'><strong>37.</strong></span> <span class='ocrx_word' id='word_1_530' title='bbox 1242 2536 1418 2578; x_wconf 81' lang='lat' dir='ltr'>fidemque,</span> <span class='ocrx_word' id='word_1_531' title='bbox 1433 2543 1510 2566; x_wconf 82' lang='lat' dir='ltr'>nos:</span> <span class='ocrx_word' id='word_1_532' title='bbox 1541 2536 1654 2567; x_wconf 72' lang='lat' dir='ltr'>Credit.</span> <span class='ocrx_word' id='word_1_533' title='bbox 1671 2552 1717 2561; x_wconf 89' lang='lat'><strong>—</strong></span> <span class='ocrx_word' id='word_1_534' title='bbox 1727 2547 1785 2577; x_wconf 78' lang='lat' dir='ltr'>ge-</span> 
     </span>
     <span class='ocr_line' id='line_1_86' title="bbox 1009 2577 1785 2620; baseline 0.003 -10"><span class='ocrx_word' id='word_1_535' title='bbox 1009 2590 1081 2615; x_wconf 79' lang='lat' dir='ltr'>nus.</span> <span class='ocrx_word' id='word_1_536' title='bbox 1097 2578 1315 2616; x_wconf 86' lang='lat' dir='ltr'>nobilitatem;</span> <span class='ocrx_word' id='word_1_537' title='bbox 1390 2578 1550 2620; x_wconf 73' lang='lat' dir='ltr'>firmam,</span> <span class='ocrx_word' id='word_1_538' title='bbox 1574 2577 1785 2618; x_wconf 53' lang='lat' dir='ltr'>pulchritudb</span> 
     </span>
     <span class='ocr_line' id='line_1_87' title="bbox 1011 2631 1423 2655; baseline 0 -1"><span class='ocrx_word' id='word_1_539' title='bbox 1011 2632 1095 2655; x_wconf 82' lang='lat' dir='ltr'>nem.</span> <span class='ocrx_word' id='word_1_540' title='bbox 1422 2631 1423 2634; x_wconf 75' lang='grc'>’</span> 
     </span>
    </p>

    <p class='ocr_par' dir='ltr' id='par_1_26' title="bbox 1008 2663 1781 2882">
     <span class='ocr_line' id='line_1_88' title="bbox 1054 2663 1781 2706; baseline 0.003 -11"><span class='ocrx_word' id='word_1_541' title='bbox 1054 2675 1084 2696; x_wconf 83' lang='lat' dir='ltr'>v.</span> <span class='ocrx_word' id='word_1_542' title='bbox 1098 2664 1152 2696; x_wconf 86' lang='lat'>37.</span> <span class='ocrx_word' id='word_1_543' title='bbox 1165 2676 1228 2706; x_wconf 85' lang='lat' dir='ltr'>reg.</span> <span class='ocrx_word' id='word_1_544' title='bbox 1248 2667 1337 2702; x_wconf 63' lang='lat' dir='ltr'>Pera,</span> <span class='ocrx_word' id='word_1_545' title='bbox 1352 2663 1497 2705; x_wconf 84' lang='lat' dir='ltr'>pecunia,</span> <span class='ocrx_word' id='word_1_546' title='bbox 1509 2664 1573 2702; x_wconf 89' lang='lat' dir='ltr'>cui,</span> <span class='ocrx_word' id='word_1_547' title='bbox 1586 2670 1622 2696; x_wconf 87' lang='lat' dir='ltr'>ut</span> <span class='ocrx_word' id='word_1_548' title='bbox 1631 2665 1781 2704; x_wconf 69' lang='lat' dir='ltr'>domine,</span> 
     </span>
     <span class='ocr_line' id='line_1_89' title="bbox 1012 2707 1780 2752; baseline 0.001 -11"><span class='ocrx_word' id='word_1_549' title='bbox 1012 2711 1066 2752; x_wconf 90' lang='lat' dir='ltr'>(ut</span> <span class='ocrx_word' id='word_1_550' title='bbox 1081 2709 1237 2740; x_wconf 84' lang='lat' dir='ltr'>Horatius</span> <span class='ocrx_word' id='word_1_551' title='bbox 1250 2707 1390 2750; x_wconf 85' lang='lat' dir='ltr'>loquitur</span> <span class='ocrx_word' id='word_1_552' title='bbox 1404 2718 1499 2748; x_wconf 85' lang='lat' dir='ltr'>supra</span> <span class='ocrx_word' id='word_1_553' title='bbox 1513 2709 1577 2740; x_wconf 86' lang='lat' dir='ltr'>Sat.</span> <span class='ocrx_word' id='word_1_554' title='bbox 1598 2708 1648 2740; x_wconf 89' lang='lat'>11.</span> <span class='ocrx_word' id='word_1_555' title='bbox 1663 2708 1695 2740; x_wconf 89' lang='grc'><strong>3.</strong></span> <span class='ocrx_word' id='word_1_556' title='bbox 1710 2709 1780 2751; x_wconf 78' lang='lat'><strong>96.)</strong></span> 
     </span>
     <span class='ocr_line' id='line_1_90' title="bbox 1008 2752 1778 2794; baseline 0.003 -9"><span class='ocrx_word' id='word_1_557' title='bbox 1008 2754 1114 2785; x_wconf 81' lang='lat' dir='ltr'>omnia</span> <span class='ocrx_word' id='word_1_558' title='bbox 1137 2758 1261 2793; x_wconf 79' lang='lat' dir='ltr'>parent,</span> <span class='ocrx_word' id='word_1_559' title='bbox 1285 2753 1426 2792; x_wconf 82' lang='lat' dir='ltr'>apposite</span> <span class='ocrx_word' id='word_1_560' title='bbox 1447 2752 1623 2792; x_wconf 77' lang='lat' dir='ltr'>appellatur</span> <span class='ocrx_word' id='word_1_561' title='bbox 1640 2755 1778 2794; x_wconf 66' lang='lat' dir='ltr'>regina,-</span> 
     </span>
     <span class='ocr_line' id='line_1_91' title="bbox 1008 2794 1780 2841; baseline 0.001 -14"><span class='ocrx_word' id='word_1_562' title='bbox 1008 2801 1192 2837; x_wconf 78' lang='lat' dir='ltr'>comparant</span> <span class='ocrx_word' id='word_1_563' title='bbox 1210 2795 1343 2827; x_wconf 78' lang='lat' dir='ltr'>Hesiod.</span> <span class='ocrx_word' id='word_1_564' title='bbox 1356 2794 1432 2827; x_wconf 80' lang='grc'><strong>686.</strong></span> <span class='ocrx_word' id='word_1_565' title='bbox 1445 2796 1596 2839; x_wconf 64' lang='grc' dir='ltr'>χρήματα</span> <span class='ocrx_word' id='word_1_566' title='bbox 1611 2797 1672 2841; x_wconf 55' lang='grc' dir='ltr'>γὰρ</span> <span class='ocrx_word' id='word_1_567' title='bbox 1686 2797 1780 2839; x_wconf 63' lang='grc' dir='ltr'>ψυχὴ</span> 
     </span>
     <span class='ocr_line' id='line_1_92' title="bbox 1010 2839 1414 2882; baseline -0.005 -9"><span class='ocrx_word' id='word_1_568' title='bbox 1010 2840 1136 2873; x_wconf 57' lang='lat' dir='ltr'>‘arii-wat</span> <span class='ocrx_word' id='word_1_569' title='bbox 1150 2839 1265 2871; x_wconf 68' lang='grc' dir='ltr'>δειλοῖσι</span> <span class='ocrx_word' id='word_1_570' title='bbox 1279 2842 1414 2882; x_wconf 55' lang='grc' dir='ltr'>βροτοῖσι.</span> 
     </span>
    </p>

    <p class='ocr_par' dir='ltr' id='par_1_27' title="bbox 1009 2882 1781 3014">
     <span class='ocr_line' id='line_1_93' title="bbox 1051 2882 1780 2919; baseline 0.003 -5"><span class='ocrx_word' id='word_1_571' title='bbox 1051 2894 1080 2914; x_wconf 85' lang='lat' dir='ltr'>v.</span> <span class='ocrx_word' id='word_1_572' title='bbox 1097 2882 1152 2915; x_wconf 87' lang='lat'>38.</span> <span class='ocrx_word' id='word_1_573' title='bbox 1169 2885 1219 2915; x_wconf 89' lang='lat' dir='ltr'>Ac</span> <span class='ocrx_word' id='word_1_574' title='bbox 1234 2883 1310 2915; x_wconf 80' lang='lat' dir='ltr'>bene</span> <span class='ocrx_word' id='word_1_575' title='bbox 1323 2894 1446 2915; x_wconf 84' lang='lat' dir='ltr'>numm.</span> <span class='ocrx_word' id='word_1_576' title='bbox 1460 2885 1526 2914; x_wconf 85' lang='lat' dir='ltr'>dec.</span> <span class='ocrx_word' id='word_1_577' title='bbox 1540 2885 1634 2916; x_wconf 80' lang='lat' dir='ltr'>Suad.</span> <span class='ocrx_word' id='word_1_578' title='bbox 1661 2885 1780 2919; x_wconf 65' lang='lat' dir='ltr'>Venus-</span> 
     </span>
     <span class='ocr_line' id='line_1_94' title="bbox 1009 2925 1781 2969; baseline -0.001 -9"><span class='ocrx_word' id='word_1_579' title='bbox 1009 2938 1079 2969; x_wconf 80' lang='lat' dir='ltr'>que,</span> <span class='ocrx_word' id='word_1_580' title='bbox 1093 2926 1149 2968; x_wconf 90' lang='lat' dir='ltr'>qui</span> <span class='ocrx_word' id='word_1_581' title='bbox 1163 2925 1250 2957; x_wconf 74' lang='lat' dir='ltr'>dives</span> <span class='ocrx_word' id='word_1_582' title='bbox 1264 2932 1319 2963; x_wconf 64' lang='lat' dir='ltr'>est,</span> <span class='ocrx_word' id='word_1_583' title='bbox 1343 2926 1377 2956; x_wconf 89' lang='lat' dir='ltr'>in</span> <span class='ocrx_word' id='word_1_584' title='bbox 1391 2927 1461 2968; x_wconf 89' lang='lat' dir='ltr'>ejus</span> <span class='ocrx_word' id='word_1_585' title='bbox 1474 2926 1627 2960; x_wconf 72' lang='lat' dir='ltr'>comitatu</span> <span class='ocrx_word' id='word_1_586' title='bbox 1643 2926 1781 2959; x_wconf 77' lang='lat' dir='ltr'>Suadela</span> 
     </span>
     <span class='ocr_line' id='line_1_95' title="bbox 1009 2969 1778 3014; baseline 0.003 -12"><span class='ocrx_word' id='word_1_587' title='bbox 1009 2977 1040 3002; x_wconf 83' lang='lat' dir='ltr'>et</span> <span class='ocrx_word' id='word_1_588' title='bbox 1067 2971 1178 3002; x_wconf 88' lang='lat' dir='ltr'>Venus</span> <span class='ocrx_word' id='word_1_589' title='bbox 1207 2969 1457 3014; x_wconf 80' lang='lat' dir='ltr'>conspiciuntur,</span> <span class='ocrx_word' id='word_1_590' title='bbox 1487 2971 1519 3003; x_wconf 88' lang='lat' dir='ltr'>h.</span> <span class='ocrx_word' id='word_1_591' title='bbox 1549 2981 1578 3003; x_wconf 86' lang='lat' dir='ltr'>e.</span> <span class='ocrx_word' id='word_1_592' title='bbox 1602 2970 1632 3002; x_wconf 84' lang='lat' dir='ltr'>ei</span> <span class='ocrx_word' id='word_1_593' title='bbox 1662 2969 1778 3005; x_wconf 70' lang='lat' dir='ltr'>divitia</span> 
     </span>
    </p>
   </div>
  </div>
 </body>
</html>
