1904 3250
234 179 321 216 194⁷

285 305 312 343 5
342 302 439 345 Jam
459 303 621 346 dudum
642 305 757 362 apud
776 320 844 346 me
866 313 940 346 est.

860 179 1193 230 HORATII¹

1596 185 1704 233 [Lm.
1731 194 1797 220 ιιι.

1004 304 1135 361 Eripe
1155 313 1197 347 te
1216 320 1370 348 moroe:

344 373 411 416 Ne
431 389 597 431 semper
616 375 750 416 udum
771 373 910 416 Tibur
929 381 972 415 et
992 372 1158 415 AEsulae

457 444 634 486 Declive
655 444 951 500 contempleris
972 458 1132 495 arvum,
1154 452 1197 486 et

575 516 783 574 Telegoni
797 517 903 574 juga
921 516 1158 573 parricidae.

342 589 378 630 F
378 589 619 630 astidiosam
639 589 787 631 desere
808 590 987 646 copiam,
1009 598 1052 631 et

257 666 307 704 10
340 662 504 703 Molem
525 662 807 719 propinquam
828 663 1012 705 nubibus
1033 663 1198 704 arduis:

454 730 615 772 Omitte
636 732 779 773 mirari
799 732 936 781 beatae

572 799 758 854 Fumum
776 808 819 842 et
839 816 941 857 opes
963 801 1267 859 strepitumque
1291 801 1453 844 Romae.

338 872 594 930 Plerumque
614 882 747 932 gratae
766 874 966 917 divitibus
987 872 1112 926 vices,

336 946 599 1004 Mundaeque
620 963 752 1004 parvo
774 948 853 989 sub
873 947 962 1007 lare
981 963 1215 1004 pauperum

253 1022 302 1061 15

454 1019 614 1072 Coenae,
638 1021 728 1063 sine
747 1021 892 1063 aulaeis
914 1029 956 1063 et
976 1030 1104 1072 ostro,

570 1093 802 1136 Sollicitam
822 1094 1064 1151 explicuere
1075 1093 1279 1136 frontem.

208 1244 302 1287 fragii
315 1250 455 1286 tempore
469 1245 510 1277 de
529 1246 686 1277 bonorum
708 1256 839 1277 suorum
856 1247 982 1288 jactura

208 1295 362 1319 mercator
390 1289 598 1329 expallescere
625 1289 733 1320 soleat.
749 1308 793 1315 —
817 1291 901 1321 Cum
930 1300 980 1321 ar-

210 1339 400 1373 gumentum
415 1334 512 1375 hujus
525 1333 681 1370 carminis,
701 1334 787 1374 quod
810 1333 843 1363 in
865 1334 980 1365 hones-

209 1375 321 1406 tissimi
343 1376 415 1407 vitae
439 1377 562 1408 fructus
587 1377 859 1408 commendatione
881 1388 983 1408 versa-

210 1425 272 1456 tur,
284 1420 351 1461 jam
367 1430 424 1460 per
438 1431 471 1451 se
485 1421 529 1451 ita
544 1427 759 1460 comparatum
772 1420 822 1457 sit,
838 1427 875 1452 ut
889 1420 982 1452 facile

207 1464 363 1505 cujusque
377 1463 500 1494 lectoris
514 1464 658 1495 animum
672 1463 806 1495 delectet
819 1471 852 1495 et
875 1465 979 1495 suavi-

210 1512 258 1538 ter
271 1506 412 1544 deliniat,
427 1507 505 1548 quid
519 1507 647 1543 mirum,
663 1507 688 1538 si
703 1513 826 1538 tantum
842 1507 922 1538 illud
934 1509 981 1538 ‘ab

208 1551 358 1581 omnibus
370 1550 518 1591 plausum
533 1550 651 1589 tulerit,
672 1556 709 1582 ut
730 1550 764 1580 in
789 1551 978 1590 praestantis-

207 1594 296 1624 simis
318 1604 392 1625 cum
418 1594 548 1625 Horatii
570 1601 640 1625 tum
661 1594 765 1626 omnis
785 1594 980 1636 antiquitatis

208 1638 376 1669 haberetur
404 1638 616 1670 carminibus!
658 1638 807 1670 Ceterum
838 1640 976 1673 observa,

206 1691 303 1722 quam
318 1681 394 1712 scite
417 1682 535 1712 Noster
555 1689 621 1713 tam
645 1682 757 1713 Stoicae
774 1692 870 1722 quam
897 1682 978 1721 Epi-

206 1734 311 1755 cureae
339 1725 544 1766 philosophiae
571 1726 644 1756 vitae
665 1732 820 1765 praecepta
844 1725 926 1756 inter
947 1736 980 1756 se

205 1768 413 1810 conjunxerit,
431 1776 462 1799 et
476 1770 521 1800 sic
536 1769 639 1800 neutri
654 1768 818 1809 utriusque
839 1768 978 1808 discipli-

204 1821 256 1842 nae
269 1822 303 1842 se
324 1813 418 1842 unice
439 1812 601 1844 addictum
623 1823 690 1843 esse
713 1813 748 1842 in
769 1813 830 1843 hoc
851 1822 978 1854 quoque

203 1856 343 1886 camnine
357 1856 537 1887 ostenderit.

245 1909 274 1929 v.
297 1898 388 1930 1-8.
418 1902 532 1941 Tyrrlz.
554 1912 619 1941 reg.
642 1911 729 1941 prag.
750 1898 792 1930 cf.
818 1909 913 1939 supra
933 1899 976 1930 ad

205 1942 234 1973 1.
265 1941 292 1973 l.
326 1941 353 1973 l.
444 1945 507 1981 tibi,
529 1944 564 1974 in
585 1951 678 1974 tuum
701 1944 864 1979 honorem,
886 1944 917 1973 h.
943 1954 971 1974 e.

202 1986 244 2017 ad
259 1993 291 2017 te
305 1987 563 2018 honorificentius
577 1989 610 2018 in
625 1987 700 2018 villa
721 1997 792 2017 mea
815 1987 975 2026 excipien-

202 2029 291 2060 dum.
381 2033 462 2068 lene,
486 2037 522 2062 ut
543 2041 639 2071 supra
664 2030 692 2061 Ι.
727 2029 757 2061 7.
789 2028 838 2060 19.
872 2032 974 2068 molle,

202 2073 296 2115 quale
325 2080 371 2105 est
400 2074 510 2105 vinum
540 2075 701 2105 vetustius.
805 2086 870 2106 mn
899 2081 974 2106 ante

201 2128 286 2149 verso
300 2121 388 2155 cado,
404 2118 490 2158 quod
505 2118 632 2149 condidi
647 2118 679 2148 in
696 2117 785 2154 cado,
808 2118 863 2159 qui
889 2128 975 2148 nun-

201 2171 296 2202 quam
318 2168 410 2191 antea
432 2161 471 2192 ad
502 2162 612 2192 vinum
643 2161 717 2192 inde
745 2160 975 2192 effundendum

201 2216 307 2236 versus
332 2205 363 2235 h.
390 2215 417 2235 e.
438 2205 618 2243 inclinatm,
643 2211 675 2236 et
699 2204 823 2239 deinde,
850 2211 888 2235 ut
907 2204 975 2235 fieri

200 2247 328 2286 solebat,
344 2250 485 2280 inversus
500 2249 580 2287 fuit3
609 2250 663 2291 (cf.
683 2248 766 2280 infra
784 2250 846 2279 Sat.
868 2249 918 2279 II.
937 2247 969 2279 8.

200 2290 273 2332 39.)
298 2292 367 2322 vult
391 2291 489 2333 igitur
510 2292 697 2333 significare,
727 2293 843 2324 cadum
868 2292 972 2330 illum,

200 2345 295 2376 quem
312 2345 404 2365 >nunc
426 2335 563 2374 primum
590 2336 631 2366 ad
658 2337 768 2366 vinum
796 2336 870 2366 inde
893 2336 972 2366 hau-

199 2378 346 2410 riendum
373 2385 502 2416 vertere,
525 2379 556 2409 h.
585 2390 612 2410 e.
640 2380 801 2417 inclinare,
825 2379 908 2417 velit,
932 2379 974 2410 ad

199 2422 392 2464 singularem
417 2433 510 2453 usum
533 2423 703 2462 repositum
723 2423 830 2454 fuisse.
919 2424 972 2453 ba-

198 2468 306 2503 lanus,
320 2477 339 2497 e
352 2466 468 2508 glande
483 2466 568 2496 enim
591 2468 699 2498 balano
724 2467 804 2509 (sive
828 2467 973 2508 myroba-

196 2512 281 2546 lano,
298 2520 376 2541 nos:
402 2510 554 2548 bennuss)
570 2511 603 2539 in
627 2511 744 2541 Arabia
766 2510 908 2550 inprimis
929 2510 970 2541 ad

197 2553 348 2584 avellanae
375 2554 467 2584 nucis
493 2553 560 2583 fere
593 2554 846 2594 magnitudinem
885 2560 968 2591 nata,

194 2596 369 2628 suavissimi
383 2596 488 2628 odoris
502 2604 704 2637 unguentum
719 2598 963 2637 exprimebatur.

194 2652 354 2678 —morae,
370 2640 517 2671 omnibus
530 2639 578 2677 iis,
601 2640 635 2669 in
658 2642 735 2670 urbe
761 2647 792 2671 te
815 2640 965 2671 moranti-

196 2686 277 2722 bus;
301 2683 505 2725 cogitandum
519 2690 626 2714 autem
642 2693 707 2713 non
722 2690 846 2714 tantum
862 2684 902 2715 de
915 2684 965 2722 iis,

194 2728 311 2769 quibus
327 2728 489 2758 Maeceuas
507 2727 540 2757 in
567 2728 644 2757 urbe
666 2726 888 2764 delectabatur,
913 2729 967 2758 sed

193 2771 289 2802 etiam
311 2771 352 2802 de
372 2771 457 2802 curis
476 2770 629 2805 civilibus,
660 2771 774 2810 quibus
795 2770 849 2800 ille
878 2781 964 2801 nunc

192 2825 266 2845 cum
283 2815 430 2852 maxime,
447 2821 484 2846 ut
507 2813 579 2845 infr.
598 2824 628 2844 v.
649 2812 701 2844 26.
728 2813 852 2851 dicitur,
887 2816 964 2846 Urbi

192 2860 341 2890 sollicitus
363 2860 498 2890 timebat.
566 2860 619 2890 Ne
641 2868 760 2897 semper
782 2859 880 2887 udum
909 2860 963 2888 Ti-

191 2905 251 2933 bur
266 2909 339 2933 cett.
357 2913 397 2933 ne
414 2904 446 2933 in
467 2901 591 2933 easdem
613 2910 735 2940 semper
756 2907 852 2930 terras
877 2901 962 2941 adja-

193 2954 298 2976 centes
312 2958 330 2976 e
344 2946 441 2976 domo
454 2952 510 2977 tua
523 2944 700 2986 prospicias.
751 2943 826 2974 Fuit
849 2953 963 2982 nempe

192 2987 315 3023 domus,
332 3000 427 3029 quarn
445 2989 604 3022 Maecenas
618 2989 728 3020 habuit
742 2987 773 3018 in
784 3021 786 3023 ,
799 2986 960 3028 Esquiliis,

1023 1252 1089 1278 tam
1103 1246 1166 1278 alte
1179 1251 1347 1284 exstructa,
1363 1243 1465 1288 (uude
1489 1244 1544 1277 iu·
1565 1255 1595 1277 ν.
1624 1244 1675 1277 10.
1686 1248 1793 1279 'moles

1018 1290 1638 1374 ffifffflgzffffiffitsmm
1629 1289 1722 1371 1:355?
1722 1290 1794 1365 253

1024 1377 1127 1409 vicina
1161 1387 1288 1419 quoque
1315 1376 1441 1418 oppida,
1476 1378 1583 1415 Tibur,
1614 1379 1732 1410 AEsula
1761 1383 1794 1408 et

1030 1422 1219 1459 Tusculum,
1245 1421 1517 1459 οὴνετεαῐειιωτ;’
1522 1420 1627 1462 juncti
1652 1421 1682 1451 ei
1704 1420 1794 1451 fuere

1022 1465 1103 1496 horti
1118 1463 1371 1504 splendidissimi,
1383 1466 1543 1503 hortorum
1552 1465 1792 1506 Esqm'linorum

1023 1508 1153 1539 nomine
1181 1507 1337 1538 celebrati.
1431 1509 1543 1543 udum,
1573 1509 1613 1539 ob
1641 1507 1791 1545 rivorum,

1021 1552 1137 1593 quibus
1151 1551 1313 1593 rigabatur
1334 1550 1503 1582 Tiburtina
1522 1549 1621 1592 regio,
1647 1551 1791 1590 copiam3

1021 1596 1064 1626 cf.
1081 1605 1176 1635 supra
1191 1595 1219 1625 1.
1243 1593 1273 1625 7.
1302 1593 1353 1625 14.
1439 1595 1563 1626 AEsulae
1586 1595 1700 1626 declive
1721 1605 1788 1626 arv.

1024 1638 1182 1675 AEsulam,
1199 1638 1232 1668 in
1247 1637 1329 1668 colle
1353 1636 1500 1669 deorsum
1521 1648 1555 1668 se
1577 1643 1724 1679 vergente
1749 1638 1791 1668 si·

1022 1688 1098 1713 tam.
1180 1683 1326 1722 Telegoni
1335 1681 1422 1722 juga
1435 1682 1581 1721 parricid.
1602 1680 1790 1717 Tusculum.

1022 1736 1110 1757 nnnc
1139 1726 1294 1761 Promoti,
1324 1725 1417 1767 cujus
1440 1724 1636 1755 conditorem
1670 1724 1792 1763 faciunt

1023 1769 1236 1811 Telegonum,
1261 1767 1394 1808 Ulyssis'
1405 1777 1444 1799 ex
1473 1767 1566 1799 ciroe
1586 1766 1700 1805 filium,
1722 1767 1809 1809 qui„

1021 1812 1108 1854 quod
1121 1819 1253 1852 patrem,
1275 1812 1367 1853 cujus
1387 1811 1487 1851 ipsius
1509 1810 1671 1852 querendi
1695 1821 1791 1849 eausa
1808 1844 1809 1847 ,

1018 1856 1053 1886 in
1083 1856 1229 1891 Ithacam
1256 1855 1400 1892 venisset,
1429 1865 1464 1886 se
1490 1853 1600 1893 inscio,
1637 1854 1789 1897 trygonis,

1018 1899 1111 1940 piscis
1134 1899 1258 1937 marini,
1279 1898 1377 1935 radio,
1401 1898 1523 1940 mgittae
1541 1898 1680 1938 praeflxo.
1706 1898 1790 1930 oeci-

1019 1943 1101 1974 disse
1116 1942 1240 1978 dicitur,
1252 1944 1412 1983 parricida
1427 1941 1534 1980 nudit3
1564 1940 1627 1973 vid.
1645 1943 1772 1983 Boemg.

1066 1998 1094 2017 v.
1114 1985 1232 2017 9-16.
1259 1987 1477 2023 Fastidio-som,
1491 1984 1626 2027 egregie
1638 1984 1680 2021 sd
1700 1985 1791 2027 inge-

1019 2030 1109 2066 nium
1123 2030 1302 2067 hominum,
1316 2039 1397 2071 quos
1407 2038 1527 2068 rerum,
1549 2028 1664 2070 quibus
1689 2029 1788 2060 abun-

1018 2073 1106 2112 dant,
1123 2084 1206 2114 saepe
1227 2083 1338 2113 capere
1358 2072 1439 2104 solet
1457 2071 1619 2113 fastidium
1640 2078 1673 2103 et
1696 2071 1789 2112 satie-

1018 2124 1076 2149 ωε.
1165 2119 1235 2149 mol.
1249 2118 1417 2158 propinqu-
1434 2117 1510 2148 nub.
1528 2117 1596 2147 ord.
1613 2113 1786 2156 infiava

1019 2168 1066 2191 ter
1097 2160 1284 2192 Maeeenatis
1313 2159 1446 2199 domum
1474 2158 1672 2198 simplicite«,
1690 2160 1789 2191 naam

1018 2210 1118 2243 vocat,
1140 2211 1173 2236 et
1196 2205 1324 2235 Sueton-
1352 2203 1429 2234 Ner.
1450 2213 1478 2234 c.
1503 2201 1557 2233 38.
1586 2203 1789 2235 Maenada-

1017 2260 1092 2280 nam
1122 2250 1272 2284 turrim;‹
1291 2247 1355 2278 alta
1383 2246 1501 2285 scilieet
1528 2244 1652 2286 palatia.
1681 2245 1788 2287 qualia

1016 2302 1107 2334 reges
1121 2291 1171 2322 vel
1184 2291 1336 2322 beatiores
1348 2289 1503 2326 incolunt,
1517 2295 1619 2321 turres
1637 2287 1787 2329 appellari

1015 2336 1134 2374 solent;
1165 2334 1206 2365 cf.
1237 2335 1363 2375 Emere.
1395 2332 1435 2364 ad
1459 2333 1567 2364 locum
1598 2331 1730 2365 Sueton.
1755 2339 1788 2364 et

1016 2389 1101 2418 supr.
1122 2379 1148 2408 1.
1166 2377 1197 2408 4⁴.
1224 2375 1274 2408 14.
1363 2378 1469 2415 beatae,
1490 2375 1579 2407 omni
1600 2386 1707 2413 rerum
1732 2385 1785 2407 co-

1015 2423 1068 2462 pia
1082 2421 1259 2453 adfluentis.
1336 2421 1485 2463 firmum,
1507 2418 1679 2451 Maecenati
1690 2419 1785 2462 ‚enim

1015 2476 1054 2496 ex
1077 2465 1141 2496 alta
1162 2465 1258 2496 domo
1278 2474 1336 2495 sua
1356 2473 1450 2504 super
1470 2470 1572 2495 cetera
1597 2463 1683 2495 urbis
1702 2469 1786 2494 tecta

1014 2509 1214 2549 prospicienti
1227 2508 1408 2550 jucundum
1429 2517 1505 2539 sane
1512 2507 1634 2550 fiamus
1654 2505 1730 2538 inde
1749 2506 1784 2537 in

1013 2553 1114 2584 altum
1140 2562 1273 2594 surgens
1300 2552 1438 2592 praebere
1459 2550 1599 2587 ,debebu
1621 2556 1783 2590 spectacu-

1010 2597 1089 2627 lum.
1180 2607 1259 2637 opes,
1294 2594 1500 2635 opulentiam,
1533 2593 1628 2624 luxus
1662 2592 1781 2624 instru-

1010 2647 1127 2671 menta.
1226 2641 1389 2680 strepitum
1405 2648 1483 2670 nos:
1505 2637 1637 2678 gewiilil.
1708 2636 1782 2668 Pte·
1807 2670 1810 2674 ,

1011 2695 1148 2725 rumque
1174 2690 1276 2724 gratae
1304 2684 1389 2714 divit.
1421 2684 1498 2714 vices
1518 2687 1591 2711 cett.
1619 2679 1783 2711 Lubenter

1012 2737 1095 2767 saepe
1126 2727 1237 2758 divites
1261 2726 1334 2757 vitae
1361 2723 1582 2757 vicissitudinis
1612 2733 1706 2755 causa
1740 2733 1781 2754 ex

1008 2772 1086 2802 urbe
1105 2770 1142 2801 in
1163 2779 1277 2812 agrum
1302 2769 1456 2806 secedere,
1478 2767 1585 2808 ibique
1606 2767 1641 2797 in
1663 2766 1778 2798 humili
1807 2803 1809 2805 ¹

1008 2824 1183 2854 pauperum
1199 2813 1294 2844 domo
1308 2812 1349 2843 ad
1363 2821 1484 2842 ooenntn
1503 2810 1688 2851 simplicem,
1712 2819 1778 2841 non

1007 2858 1040 2887 in
1057 2857 1193 2888 triclinio
1205 2855 1343 2898 quodam
1358 2853 1525 2896 magnifice
1538 2853 1698 2890 adornato,
1722 2852 1778 2884 sed

1007 2901 1040 2930 in
1064 2901 1184 2932 munda
1206 2910 1314 2930 mensa
1334 2898 1518 2939 appositam,
1543 2907 1653 2929 omnes
1677 2896 1776 2927 animi

1006 2954 1097 2975 curas
1125 2944 1281 2984 deponere
1309 2941 1420 2972 solent.
1511 2942 1576 2972 sine
1604 2942 1714 2972 oulaeis
1745 2947 1775 2971 et

1006 2994 1094 3025 ostro,
1111 2987 1192 3018 refer
1206 2985 1246 3018 ad
1268 2991 1428 3017 externam
1453 2984 1659 3017 tricliniorum
1685 2993 1774 3024 mag-
