<?xml version="1.0" encoding="UTF-8"?>
<!DOCTYPE html PUBLIC "-//W3C//DTD XHTML 1.0 Transitional//EN"
    "http://www.w3.org/TR/xhtml1/DTD/xhtml1-transitional.dtd">
<html xmlns="http://www.w3.org/1999/xhtml" xml:lang="en" lang="en">
 <head>
  <title>
</title>
<meta http-equiv="Content-Type" content="text/html;charset=utf-8" />
  <meta name='ocr-system' content='tesseract 3.04.00' />
  <meta name='ocr-capabilities' content='ocr_page ocr_carea ocr_par ocr_line ocrx_word'/>
</head>
<body>
  <div class='ocr_page' id='page_1' title='image "./operaomniacumind00horauoft_0484.png"; bbox 0 0 1904 3250; ppageno 0'>
   <div class='ocr_carea' id='block_1_1' title="bbox 206 214 291 251">
    <p class='ocr_par' dir='ltr' id='par_1_1' title="bbox 206 214 291 251">
     <span class='ocr_line' id='line_1_1' title="bbox 206 214 291 251; baseline 0.012 -1"><span class='ocrx_word' id='word_1_1' title='bbox 206 214 291 251; x_wconf 69' lang='lat'>444</span> 
     </span>
    </p>
   </div>
   <div class='ocr_carea' id='block_1_2' title="bbox 843 206 1151 252">
    <p class='ocr_par' dir='ltr' id='par_1_2' title="bbox 843 206 1151 252">
     <span class='ocr_line' id='line_1_2' title="bbox 843 206 1151 252; baseline 0.013 -4"><span class='ocrx_word' id='word_1_2' title='bbox 843 206 1151 252; x_wconf 84' lang='lat' dir='ltr'><strong>HORATH</strong></span> 
     </span>
    </p>
   </div>
   <div class='ocr_carea' id='block_1_3' title="bbox 1593 218 1784 266">
    <p class='ocr_par' dir='ltr' id='par_1_3' title="bbox 1593 218 1784 266">
     <span class='ocr_line' id='line_1_3' title="bbox 1593 218 1784 266; baseline 0 -11"><span class='ocrx_word' id='word_1_3' title='bbox 1593 230 1601 240; x_wconf 83' lang='grc'><em>·</em></span> <span class='ocrx_word' id='word_1_4' title='bbox 1623 218 1737 266; x_wconf 77' lang='lat' dir='ltr'>[Lm.</span> <span class='ocrx_word' id='word_1_5' title='bbox 1754 228 1784 255; x_wconf 79' lang='lat'>1.</span> 
     </span>
    </p>
   </div>
   <div class='ocr_carea' id='block_1_4' title="bbox 323 333 1443 466">
    <p class='ocr_par' dir='ltr' id='par_1_4' title="bbox 323 333 1443 466">
     <span class='ocr_line' id='line_1_4' title="bbox 325 333 1324 391; baseline 0.002 -15"><span class='ocrx_word' id='word_1_6' title='bbox 325 336 369 377; x_wconf 91' lang='lat' dir='ltr'>Si</span> <span class='ocrx_word' id='word_1_7' title='bbox 390 333 708 391; x_wconf 84' lang='lat' dir='ltr'>quadringentis</span> <span class='ocrx_word' id='word_1_8' title='bbox 730 346 805 373; x_wconf 88' lang='lat' dir='ltr'>sex</span> <span class='ocrx_word' id='word_1_9' title='bbox 826 340 988 388; x_wconf 84' lang='lat' dir='ltr'><strong>septem</strong></span> <span class='ocrx_word' id='word_1_10' title='bbox 1008 333 1140 375; x_wconf 86' lang='lat' dir='ltr'>millia</span> <span class='ocrx_word' id='word_1_11' title='bbox 1159 334 1324 388; x_wconf 84' lang='lat' dir='ltr'><strong>desunt,</strong></span> 
     </span>
     <span class='ocr_line' id='line_1_5' title="bbox 323 404 1443 466; baseline 0.004 -18"><span class='ocrx_word' id='word_1_12' title='bbox 323 408 401 448; x_wconf 88' lang='lat' dir='ltr'>Est</span> <span class='ocrx_word' id='word_1_13' title='bbox 421 407 583 448; x_wconf 83' lang='lat' dir='ltr'>animus</span> <span class='ocrx_word' id='word_1_14' title='bbox 604 404 694 455; x_wconf 88' lang='lat' dir='ltr'>tibi,</span> <span class='ocrx_word' id='word_1_15' title='bbox 718 411 816 445; x_wconf 87' lang='lat' dir='ltr'>sunt</span> <span class='ocrx_word' id='word_1_16' title='bbox 836 419 989 456; x_wconf 85' lang='lat' dir='ltr'>mores,</span> <span class='ocrx_word' id='word_1_17' title='bbox 1012 413 1055 447; x_wconf 89' lang='lat' dir='ltr'>et</span> <span class='ocrx_word' id='word_1_18' title='bbox 1074 405 1220 464; x_wconf 86' lang='lat' dir='ltr'>lingua</span> <span class='ocrx_word' id='word_1_19' title='bbox 1239 407 1443 466; x_wconf 86' lang='lat' dir='ltr'>fidesque,</span> 
     </span>
    </p>
   </div>
   <div class='ocr_carea' id='block_1_5' title="bbox 324 477 566 520">
    <p class='ocr_par' dir='ltr' id='par_1_5' title="bbox 324 477 566 520">
     <span class='ocr_line' id='line_1_6' title="bbox 324 477 566 520; baseline -0.012 0"><span class='ocrx_word' id='word_1_20' title='bbox 324 479 449 520; x_wconf 90' lang='lat' dir='ltr'>Plebs</span> <span class='ocrx_word' id='word_1_21' title='bbox 471 477 566 518; x_wconf 88' lang='lat' dir='ltr'>eris.</span> 
     </span>
    </p>
   </div>
   <div class='ocr_carea' id='block_1_6' title="bbox 233 546 662 591">
    <p class='ocr_par' dir='ltr' id='par_1_6' title="bbox 233 546 662 591">
     <span class='ocr_line' id='line_1_7' title="bbox 233 546 662 591; baseline -0.009 0"><span class='ocrx_word' id='word_1_22' title='bbox 233 554 288 590; x_wconf 87' lang='grc'>60</span> <span class='ocrx_word' id='word_1_23' title='bbox 323 550 367 591; x_wconf 86' lang='lat' dir='ltr'>Si</span> <span class='ocrx_word' id='word_1_24' title='bbox 389 555 501 589; x_wconf 88' lang='lat' dir='ltr'>recte</span> <span class='ocrx_word' id='word_1_25' title='bbox 521 546 662 588; x_wconf 89' lang='lat' dir='ltr'>facies.</span> 
     </span>
    </p>
   </div>
   <div class='ocr_carea' id='block_1_7' title="bbox 629 476 1449 602">
    <p class='ocr_par' dir='ltr' id='par_1_7' title="bbox 629 476 1449 602">
     <span class='ocr_line' id='line_1_8' title="bbox 629 476 1449 533; baseline 0.01 -16"><span class='ocrx_word' id='word_1_26' title='bbox 629 476 689 518; x_wconf 92' lang='lat' dir='ltr'>At</span> <span class='ocrx_word' id='word_1_27' title='bbox 708 477 830 532; x_wconf 89' lang='lat' dir='ltr'>pueri</span> <span class='ocrx_word' id='word_1_28' title='bbox 850 476 1057 528; x_wconf 82' lang='lat' dir='ltr'>ludentes,</span> <span class='ocrx_word' id='word_1_29' title='bbox 1084 477 1182 522; x_wconf 81' lang='lat' dir='ltr'>Rex</span> <span class='ocrx_word' id='word_1_30' title='bbox 1201 479 1296 531; x_wconf 81' lang='lat' dir='ltr'>eris,</span> <span class='ocrx_word' id='word_1_31' title='bbox 1319 482 1449 533; x_wconf 84' lang='lat' dir='ltr'>aiunt,</span> 
     </span>
     <span class='ocr_line' id='line_1_9' title="bbox 726 546 1314 602; baseline 0.005 -14"><span class='ocrx_word' id='word_1_32' title='bbox 726 546 813 588; x_wconf 88' lang='lat' dir='ltr'>Hic</span> <span class='ocrx_word' id='word_1_33' title='bbox 833 563 980 589; x_wconf 88' lang='lat' dir='ltr'>murus</span> <span class='ocrx_word' id='word_1_34' title='bbox 1002 548 1188 591; x_wconf 83' lang='lat' dir='ltr'>aheneus</span> <span class='ocrx_word' id='word_1_35' title='bbox 1210 558 1314 602; x_wconf 91' lang='lat' dir='ltr'>esto,</span> 
     </span>
    </p>
   </div>
   <div class='ocr_carea' id='block_1_8' title="bbox 319 618 1442 875">
    <p class='ocr_par' dir='ltr' id='par_1_8' title="bbox 319 618 1442 875">
     <span class='ocr_line' id='line_1_10' title="bbox 321 618 1269 678; baseline 0.002 -17"><span class='ocrx_word' id='word_1_36' title='bbox 321 619 395 662; x_wconf 88' lang='lat' dir='ltr'>Nil</span> <span class='ocrx_word' id='word_1_37' title='bbox 416 619 604 660; x_wconf 87' lang='lat' dir='ltr'><strong>conscire</strong></span> <span class='ocrx_word' id='word_1_38' title='bbox 626 618 718 669; x_wconf 88' lang='lat' dir='ltr'>sibi,</span> <span class='ocrx_word' id='word_1_39' title='bbox 741 619 859 661; x_wconf 88' lang='lat' dir='ltr'>nulla</span> <span class='ocrx_word' id='word_1_40' title='bbox 878 620 1110 675; x_wconf 84' lang='lat' dir='ltr'>pallescere</span> <span class='ocrx_word' id='word_1_41' title='bbox 1131 621 1269 678; x_wconf 82' lang='lat' dir='ltr'>culpa.</span> 
     </span>
     <span class='ocr_line' id='line_1_11' title="bbox 322 690 1442 749; baseline 0.004 -16"><span class='ocrx_word' id='word_1_42' title='bbox 322 692 477 734; x_wconf 85' lang='lat' dir='ltr'>Roscia</span> <span class='ocrx_word' id='word_1_43' title='bbox 501 691 589 748; x_wconf 87' lang='lat' dir='ltr'>(dic</span> <span class='ocrx_word' id='word_1_44' title='bbox 610 690 752 744; x_wconf 88' lang='lat' dir='ltr'>sodes)</span> <span class='ocrx_word' id='word_1_45' title='bbox 777 691 927 734; x_wconf 85' lang='lat' dir='ltr'>melior</span> <span class='ocrx_word' id='word_1_46' title='bbox 946 693 1030 744; x_wconf 88' lang='lat' dir='ltr'>lex,</span> <span class='ocrx_word' id='word_1_47' title='bbox 1053 709 1107 735; x_wconf 88' lang='lat' dir='ltr'>an</span> <span class='ocrx_word' id='word_1_48' title='bbox 1127 708 1358 749; x_wconf 87' lang='lat' dir='ltr'>puerorum</span> <span class='ocrx_word' id='word_1_49' title='bbox 1372 703 1442 738; x_wconf 13' lang='lat' dir='ltr'>rest</span> 
     </span>
     <span class='ocr_line' id='line_1_12' title="bbox 320 762 1366 819; baseline 0.002 -15"><span class='ocrx_word' id='word_1_50' title='bbox 320 762 484 812; x_wconf 84' lang='lat' dir='ltr'>Naenia,</span> <span class='ocrx_word' id='word_1_51' title='bbox 508 777 604 818; x_wconf 84' lang='lat' dir='ltr'>quae</span> <span class='ocrx_word' id='word_1_52' title='bbox 625 777 804 819; x_wconf 85' lang='lat' dir='ltr'>regnum</span> <span class='ocrx_word' id='word_1_53' title='bbox 826 770 939 804; x_wconf 91' lang='lat' dir='ltr'>recte</span> <span class='ocrx_word' id='word_1_54' title='bbox 959 762 1208 805; x_wconf 86' lang='lat' dir='ltr'>facientibus</span> <span class='ocrx_word' id='word_1_55' title='bbox 1229 763 1366 815; x_wconf 80' lang='lat' dir='ltr'>offert,</span> 
     </span>
     <span class='ocr_line' id='line_1_13' title="bbox 319 831 1296 875; baseline 0.003 -3"><span class='ocrx_word' id='word_1_56' title='bbox 319 832 375 873; x_wconf 84' lang='lat' dir='ltr'>Et</span> <span class='ocrx_word' id='word_1_57' title='bbox 395 831 583 872; x_wconf 85' lang='lat' dir='ltr'>maribus</span> <span class='ocrx_word' id='word_1_58' title='bbox 607 831 747 873; x_wconf 85' lang='lat' dir='ltr'>Curiis</span> <span class='ocrx_word' id='word_1_59' title='bbox 769 839 810 873; x_wconf 90' lang='lat' dir='ltr'>et</span> <span class='ocrx_word' id='word_1_60' title='bbox 830 831 1052 874; x_wconf 78' lang='lat' dir='ltr'>decantata</span> <span class='ocrx_word' id='word_1_61' title='bbox 1074 832 1296 875; x_wconf 80' lang='lat' dir='ltr'>Camillis?</span> 
     </span>
    </p>
   </div>
   <div class='ocr_carea' id='block_1_9' title="bbox 316 904 1361 962">
    <p class='ocr_par' dir='ltr' id='par_1_9' title="bbox 316 904 1361 962">
     <span class='ocr_line' id='line_1_14' title="bbox 316 904 1361 962; baseline 0.003 -17"><span class='ocrx_word' id='word_1_62' title='bbox 316 905 414 946; x_wconf 87' lang='lat' dir='ltr'>Isne</span> <span class='ocrx_word' id='word_1_63' title='bbox 435 905 512 946; x_wconf 86' lang='lat' dir='ltr'>tibi</span> <span class='ocrx_word' id='word_1_64' title='bbox 532 904 682 946; x_wconf 86' lang='lat' dir='ltr'>melius</span> <span class='ocrx_word' id='word_1_65' title='bbox 704 905 864 956; x_wconf 82' lang='lat' dir='ltr'>suadet,</span> <span class='ocrx_word' id='word_1_66' title='bbox 888 906 961 962; x_wconf 92' lang='lat' dir='ltr'>qui</span> <span class='ocrx_word' id='word_1_67' title='bbox 981 921 1069 948; x_wconf 85' lang='lat' dir='ltr'>rem</span> <span class='ocrx_word' id='word_1_68' title='bbox 1092 906 1234 957; x_wconf 83' lang='lat' dir='ltr'>facias,</span> <span class='ocrx_word' id='word_1_69' title='bbox 1257 922 1361 957; x_wconf 89' lang='lat' dir='ltr'>rem,</span> 
     </span>
    </p>
   </div>
   <div class='ocr_carea' id='block_1_10' title="bbox 208 977 1453 1244">
    <p class='ocr_par' dir='ltr' id='par_1_10' title="bbox 317 977 1403 1104">
     <span class='ocr_line' id='line_1_15' title="bbox 317 977 1403 1035; baseline 0.002 -16"><span class='ocrx_word' id='word_1_70' title='bbox 317 978 361 1020; x_wconf 89' lang='lat' dir='ltr'>Si</span> <span class='ocrx_word' id='word_1_71' title='bbox 382 977 518 1033; x_wconf 88' lang='lat' dir='ltr'>possis</span> <span class='ocrx_word' id='word_1_72' title='bbox 539 985 676 1027; x_wconf 86' lang='lat' dir='ltr'>recte3</span> <span class='ocrx_word' id='word_1_73' title='bbox 709 978 744 1018; x_wconf 91' lang='lat' dir='ltr'>si</span> <span class='ocrx_word' id='word_1_74' title='bbox 765 993 851 1033; x_wconf 78' lang='lat' dir='ltr'>non</span> <span class='ocrx_word' id='word_1_75' title='bbox 873 993 1127 1035; x_wconf 90' lang='lat' dir='ltr'>quocunque</span> <span class='ocrx_word' id='word_1_76' title='bbox 1148 978 1279 1021; x_wconf 90' lang='lat' dir='ltr'>modo</span> <span class='ocrx_word' id='word_1_77' title='bbox 1299 994 1403 1030; x_wconf 88' lang='lat' dir='ltr'>rem,</span> 
     </span>
     <span class='ocr_line' id='line_1_16' title="bbox 317 1046 1378 1104; baseline 0.003 -17"><span class='ocrx_word' id='word_1_78' title='bbox 317 1046 380 1088; x_wconf 89' lang='lat' dir='ltr'>Ut</span> <span class='ocrx_word' id='word_1_79' title='bbox 398 1047 574 1102; x_wconf 90' lang='lat' dir='ltr'>propius</span> <span class='ocrx_word' id='word_1_80' title='bbox 596 1056 758 1102; x_wconf 87' lang='lat' dir='ltr'>spectes</span> <span class='ocrx_word' id='word_1_81' title='bbox 779 1047 1003 1088; x_wconf 83' lang='lat' dir='ltr'>lacrimosa</span> <span class='ocrx_word' id='word_1_82' title='bbox 1021 1056 1218 1104; x_wconf 84' lang='lat' dir='ltr'>poemata</span> <span class='ocrx_word' id='word_1_83' title='bbox 1239 1046 1378 1104; x_wconf 77' lang='lat' dir='ltr'>Pupi:</span> 
     </span>
    </p>

    <p class='ocr_par' dir='ltr' id='par_1_11' title="bbox 208 1115 1453 1244">
     <span class='ocr_line' id='line_1_17' title="bbox 208 1115 1247 1173; baseline 0.003 -17"><span class='ocrx_word' id='word_1_84' title='bbox 208 1129 214 1156; x_wconf 76' lang='grc' dir='ltr'><em>ι</em></span> <span class='ocrx_word' id='word_1_85' title='bbox 315 1115 399 1165; x_wconf 87' lang='lat' dir='ltr'>An,</span> <span class='ocrx_word' id='word_1_86' title='bbox 422 1116 494 1172; x_wconf 91' lang='lat' dir='ltr'>qui</span> <span class='ocrx_word' id='word_1_87' title='bbox 515 1116 697 1157; x_wconf 86' lang='lat' dir='ltr'>fortunae</span> <span class='ocrx_word' id='word_1_88' title='bbox 717 1124 759 1157; x_wconf 88' lang='lat' dir='ltr'>te</span> <span class='ocrx_word' id='word_1_89' title='bbox 781 1131 1030 1172; x_wconf 82' lang='lat' dir='ltr'>responsare</span> <span class='ocrx_word' id='word_1_90' title='bbox 1051 1117 1247 1173; x_wconf 87' lang='lat' dir='ltr'>superbae</span> 
     </span>
     <span class='ocr_line' id='line_1_18' title="bbox 314 1184 1453 1244; baseline 0.004 -19"><span class='ocrx_word' id='word_1_91' title='bbox 314 1184 519 1226; x_wconf 88' lang='lat' dir='ltr'>Liberum</span> <span class='ocrx_word' id='word_1_92' title='bbox 541 1194 583 1227; x_wconf 87' lang='lat' dir='ltr'>et</span> <span class='ocrx_word' id='word_1_93' title='bbox 603 1193 791 1227; x_wconf 87' lang='lat' dir='ltr'>erectum</span> <span class='ocrx_word' id='word_1_94' title='bbox 811 1201 1000 1242; x_wconf 85' lang='lat' dir='ltr'>praesens</span> <span class='ocrx_word' id='word_1_95' title='bbox 1021 1186 1216 1230; x_wconf 70' lang='lat' dir='ltr'>hortatur</span> <span class='ocrx_word' id='word_1_96' title='bbox 1236 1195 1279 1229; x_wconf 90' lang='lat' dir='ltr'>et</span> <span class='ocrx_word' id='word_1_97' title='bbox 1299 1194 1415 1244; x_wconf 85' lang='lat' dir='ltr'>aptat</span> <span class='ocrx_word' id='word_1_98' title='bbox 1427 1185 1453 1229; x_wconf 68' lang='grc' dir='ltr'><em>ἵ</em></span> 
     </span>
    </p>
   </div>
   <div class='ocr_carea' id='block_1_11' title="bbox 189 1314 964 1793">
    <p class='ocr_par' dir='ltr' id='par_1_12' title="bbox 189 1314 964 1751">
     <span class='ocr_line' id='line_1_19' title="bbox 194 1314 963 1357; baseline 0.003 -12"><span class='ocrx_word' id='word_1_99' title='bbox 194 1323 273 1351; x_wconf 86' lang='lat' dir='ltr'>eros,</span> <span class='ocrx_word' id='word_1_100' title='bbox 289 1325 308 1345; x_wconf 86' lang='lat' dir='ltr'>a</span> <span class='ocrx_word' id='word_1_101' title='bbox 329 1314 510 1346; x_wconf 83' lang='lat' dir='ltr'>divitiarum</span> <span class='ocrx_word' id='word_1_102' title='bbox 532 1315 817 1347; x_wconf 87' lang='lat' dir='ltr'>coacervandarum</span> <span class='ocrx_word' id='word_1_103' title='bbox 839 1316 963 1357; x_wconf 90' lang='lat' dir='ltr'>cupidi-</span> 
     </span>
     <span class='ocr_line' id='line_1_20' title="bbox 194 1358 962 1396; baseline 0.001 -7"><span class='ocrx_word' id='word_1_104' title='bbox 194 1365 258 1390; x_wconf 81' lang='lat' dir='ltr'>tate</span> <span class='ocrx_word' id='word_1_105' title='bbox 287 1358 391 1390; x_wconf 86' lang='lat' dir='ltr'>adhuc</span> <span class='ocrx_word' id='word_1_106' title='bbox 416 1359 544 1396; x_wconf 80' lang='lat' dir='ltr'>alienos,</span> <span class='ocrx_word' id='word_1_107' title='bbox 567 1359 792 1390; x_wconf 82' lang='lat' dir='ltr'>foeneratorum</span> <span class='ocrx_word' id='word_1_108' title='bbox 818 1360 907 1391; x_wconf 84' lang='lat' dir='ltr'>illam</span> <span class='ocrx_word' id='word_1_109' title='bbox 929 1361 962 1390; x_wconf 87' lang='lat' dir='ltr'>in</span> 
     </span>
     <span class='ocr_line' id='line_1_21' title="bbox 193 1402 964 1445; baseline 0.004 -12"><span class='ocrx_word' id='word_1_110' title='bbox 193 1403 279 1434; x_wconf 78' lang='lat' dir='ltr'>Jano</span> <span class='ocrx_word' id='word_1_111' title='bbox 307 1402 510 1434; x_wconf 83' lang='lat' dir='ltr'>cantilenam:</span> <span class='ocrx_word' id='word_1_112' title='bbox 551 1405 720 1444; x_wconf 70' lang='lat' dir='ltr'>quem-enda</span> <span class='ocrx_word' id='word_1_113' title='bbox 743 1406 878 1444; x_wconf 80' lang='lat' dir='ltr'>pecunia</span> <span class='ocrx_word' id='word_1_114' title='bbox 897 1406 964 1445; x_wconf 82' lang='lat' dir='ltr'>pri-</span> 
     </span>
     <span class='ocr_line' id='line_1_22' title="bbox 194 1448 963 1489; baseline 0.001 -12"><span class='ocrx_word' id='word_1_115' title='bbox 194 1458 285 1479; x_wconf 80' lang='lat' dir='ltr'>mum</span> <span class='ocrx_word' id='word_1_116' title='bbox 299 1453 354 1482; x_wconf 84' lang='lat' dir='ltr'>est,</span> <span class='ocrx_word' id='word_1_117' title='bbox 376 1449 473 1478; x_wconf 82' lang='lat' dir='ltr'>virtus</span> <span class='ocrx_word' id='word_1_118' title='bbox 485 1453 554 1487; x_wconf 82' lang='lat' dir='ltr'>post</span> <span class='ocrx_word' id='word_1_119' title='bbox 568 1458 718 1480; x_wconf 84' lang='lat' dir='ltr'>nummos.</span> <span class='ocrx_word' id='word_1_120' title='bbox 735 1458 801 1478; x_wconf 85' lang='lat' dir='ltr'>una</span> <span class='ocrx_word' id='word_1_121' title='bbox 815 1458 889 1478; x_wconf 90' lang='lat' dir='ltr'>cum</span> <span class='ocrx_word' id='word_1_122' title='bbox 908 1448 963 1489; x_wconf 89' lang='lat' dir='ltr'>ju-</span> 
     </span>
     <span class='ocr_line' id='line_1_23' title="bbox 193 1489 963 1531; baseline 0.005 -13"><span class='ocrx_word' id='word_1_123' title='bbox 193 1491 326 1522; x_wconf 85' lang='lat' dir='ltr'>venibus</span> <span class='ocrx_word' id='word_1_124' title='bbox 337 1496 368 1521; x_wconf 88' lang='lat' dir='ltr'>et</span> <span class='ocrx_word' id='word_1_125' title='bbox 379 1491 506 1521; x_wconf 88' lang='lat' dir='ltr'>senibus</span> <span class='ocrx_word' id='word_1_126' title='bbox 514 1489 672 1530; x_wconf 86' lang='lat' dir='ltr'>repetiisse</span> <span class='ocrx_word' id='word_1_127' title='bbox 683 1490 742 1521; x_wconf 90' lang='lat' dir='ltr'>sibi</span> <span class='ocrx_word' id='word_1_128' title='bbox 754 1491 958 1531; x_wconf 86' lang='lat' dir='ltr'>persuadeat</span> <span class='ocrx_word' id='word_1_129' title='bbox 948 1491 963 1510; x_wconf 69' lang='lat'><strong>⁹</strong></span> 
     </span>
     <span class='ocr_line' id='line_1_24' title="bbox 194 1534 962 1575; baseline 0.001 -11"><span class='ocrx_word' id='word_1_130' title='bbox 194 1534 278 1572; x_wconf 90' lang='lat' dir='ltr'>Imo,</span> <span class='ocrx_word' id='word_1_131' title='bbox 304 1534 458 1565; x_wconf 84' lang='lat' dir='ltr'>Horatius</span> <span class='ocrx_word' id='word_1_132' title='bbox 473 1534 609 1575; x_wconf 87' lang='lat' dir='ltr'>juvenes</span> <span class='ocrx_word' id='word_1_133' title='bbox 623 1539 655 1564; x_wconf 88' lang='lat' dir='ltr'>et</span> <span class='ocrx_word' id='word_1_134' title='bbox 676 1544 766 1565; x_wconf 86' lang='lat' dir='ltr'>senes</span> <span class='ocrx_word' id='word_1_135' title='bbox 786 1535 819 1569; x_wconf 83' lang='lat' dir='ltr'>in</span> <span class='ocrx_word' id='word_1_136' title='bbox 842 1535 962 1566; x_wconf 86' lang='lat' dir='ltr'>subdu-</span> 
     </span>
     <span class='ocr_line' id='line_1_25' title="bbox 192 1577 960 1617; baseline 0.001 -9"><span class='ocrx_word' id='word_1_137' title='bbox 192 1578 300 1608; x_wconf 89' lang='lat' dir='ltr'>cendis</span> <span class='ocrx_word' id='word_1_138' title='bbox 314 1578 456 1608; x_wconf 86' lang='lat' dir='ltr'>numeris</span> <span class='ocrx_word' id='word_1_139' title='bbox 470 1584 501 1608; x_wconf 91' lang='lat' dir='ltr'>et</span> <span class='ocrx_word' id='word_1_140' title='bbox 519 1577 693 1609; x_wconf 87' lang='lat' dir='ltr'>rationibus</span> <span class='ocrx_word' id='word_1_141' title='bbox 714 1578 809 1617; x_wconf 86' lang='lat' dir='ltr'>plane</span> <span class='ocrx_word' id='word_1_142' title='bbox 830 1579 960 1615; x_wconf 49' lang='lat' dir='ltr'>defixos</span> 
     </span>
     <span class='ocr_line' id='line_1_26' title="bbox 189 1620 962 1664; baseline 0.003 -13"><span class='ocrx_word' id='word_1_143' title='bbox 189 1621 294 1662; x_wconf 86' lang='lat' dir='ltr'>lepide</span> <span class='ocrx_word' id='word_1_144' title='bbox 307 1631 364 1661; x_wconf 86' lang='lat' dir='ltr'>per</span> <span class='ocrx_word' id='word_1_145' title='bbox 384 1622 612 1662; x_wconf 78' lang='lat' dir='ltr'>appositionem</span> <span class='ocrx_word' id='word_1_146' title='bbox 636 1632 664 1652; x_wconf 89' lang='lat' dir='ltr'>v.</span> <span class='ocrx_word' id='word_1_147' title='bbox 682 1620 736 1653; x_wconf 87' lang='grc'>56.</span> <span class='ocrx_word' id='word_1_148' title='bbox 759 1621 904 1664; x_wconf 84' lang='lat' dir='ltr'>designat</span> <span class='ocrx_word' id='word_1_149' title='bbox 924 1628 962 1653; x_wconf 81' lang='lat' dir='ltr'>ut</span> 
     </span>
     <span class='ocr_line' id='line_1_27' title="bbox 191 1665 960 1703; baseline 0.003 -8"><span class='ocrx_word' id='word_1_150' title='bbox 191 1675 315 1703; x_wconf 87' lang='lat' dir='ltr'>pueros,</span> <span class='ocrx_word' id='word_1_151' title='bbox 330 1674 406 1696; x_wconf 91' lang='lat' dir='ltr'>cum</span> <span class='ocrx_word' id='word_1_152' title='bbox 420 1665 454 1695; x_wconf 90' lang='lat' dir='ltr'>in</span> <span class='ocrx_word' id='word_1_153' title='bbox 469 1665 607 1697; x_wconf 87' lang='lat' dir='ltr'>scholam</span> <span class='ocrx_word' id='word_1_154' title='bbox 623 1675 656 1696; x_wconf 80' lang='lat' dir='ltr'>se</span> <span class='ocrx_word' id='word_1_155' title='bbox 677 1666 855 1702; x_wconf 74' lang='lat' dir='ltr'>conferunt,</span> <span class='ocrx_word' id='word_1_156' title='bbox 872 1666 960 1697; x_wconf 90' lang='lat' dir='ltr'>locu-</span> 
     </span>
     <span class='ocr_line' id='line_1_28' title="bbox 189 1708 818 1751; baseline 0 -11"><span class='ocrx_word' id='word_1_157' title='bbox 189 1708 237 1740; x_wconf 90' lang='lat' dir='ltr'>los</span> <span class='ocrx_word' id='word_1_158' title='bbox 251 1719 325 1740; x_wconf 86' lang='lat' dir='ltr'>cum</span> <span class='ocrx_word' id='word_1_159' title='bbox 340 1709 448 1740; x_wconf 81' lang='lat' dir='ltr'>tabula</span> <span class='ocrx_word' id='word_1_160' title='bbox 463 1715 495 1739; x_wconf 90' lang='lat' dir='ltr'>et</span> <span class='ocrx_word' id='word_1_161' title='bbox 508 1709 638 1740; x_wconf 86' lang='lat' dir='ltr'>calculis</span> <span class='ocrx_word' id='word_1_162' title='bbox 651 1716 818 1751; x_wconf 85' lang='lat' dir='ltr'>gestantes.</span> 
     </span>
    </p>

    <p class='ocr_par' dir='ltr' id='par_1_13' title="bbox 233 1751 956 1793">
     <span class='ocr_line' id='line_1_29' title="bbox 233 1751 956 1793; baseline 0.003 -10"><span class='ocrx_word' id='word_1_163' title='bbox 233 1763 262 1783; x_wconf 91' lang='lat' dir='ltr'>v.</span> <span class='ocrx_word' id='word_1_164' title='bbox 289 1751 430 1783; x_wconf 81' lang='lat'>57-59.</span> <span class='ocrx_word' id='word_1_165' title='bbox 463 1754 497 1784; x_wconf 84' lang='lat' dir='ltr'>Si</span> <span class='ocrx_word' id='word_1_166' title='bbox 520 1755 687 1793; x_wconf 73' lang='lat' dir='ltr'>quadring.</span> <span class='ocrx_word' id='word_1_167' title='bbox 716 1757 803 1791; x_wconf 67' lang='lat' dir='ltr'>cett,</span> <span class='ocrx_word' id='word_1_168' title='bbox 825 1763 956 1785; x_wconf 80' lang='lat' dir='ltr'>sensus:</span> 
     </span>
    </p>
   </div>
   <div class='ocr_carea' id='block_1_12' title="bbox 129 1795 960 1839">
    <p class='ocr_par' dir='ltr' id='par_1_14' title="bbox 129 1795 960 1839">
     <span class='ocr_line' id='line_1_30' title="bbox 129 1795 960 1839; baseline 0 -13"><span class='ocrx_word' id='word_1_169' title='bbox 129 1811 131 1814; x_wconf 53' lang='lat'><em>⁴</em></span> <span class='ocrx_word' id='word_1_170' title='bbox 188 1795 214 1826; x_wconf 90' lang='lat' dir='ltr'>si</span> <span class='ocrx_word' id='word_1_171' title='bbox 229 1795 468 1838; x_wconf 82' lang='lat' dir='ltr'>quadringentis</span> <span class='ocrx_word' id='word_1_172' title='bbox 481 1796 622 1828; x_wconf 88' lang='lat' dir='ltr'>millibus</span> <span class='ocrx_word' id='word_1_173' title='bbox 639 1796 711 1827; x_wconf 90' lang='lat' dir='ltr'>Hs.</span> <span class='ocrx_word' id='word_1_174' title='bbox 739 1798 850 1839; x_wconf 86' lang='lat' dir='ltr'>(quam</span> <span class='ocrx_word' id='word_1_175' title='bbox 873 1806 960 1827; x_wconf 89' lang='lat' dir='ltr'>sum-</span> 
     </span>
    </p>
   </div>
   <div class='ocr_carea' id='block_1_13' title="bbox 162 1839 961 3057">
    <p class='ocr_par' dir='ltr' id='par_1_15' title="bbox 162 1839 961 3057">
     <span class='ocr_line' id='line_1_31' title="bbox 190 1839 961 1881; baseline 0.001 -11"><span class='ocrx_word' id='word_1_176' title='bbox 190 1850 275 1870; x_wconf 90' lang='lat' dir='ltr'>mam</span> <span class='ocrx_word' id='word_1_177' title='bbox 289 1840 446 1880; x_wconf 88' lang='lat' dir='ltr'>possidere</span> <span class='ocrx_word' id='word_1_178' title='bbox 461 1839 594 1871; x_wconf 87' lang='lat' dir='ltr'>debebat</span> <span class='ocrx_word' id='word_1_179' title='bbox 608 1840 642 1870; x_wconf 91' lang='lat' dir='ltr'>in</span> <span class='ocrx_word' id='word_1_180' title='bbox 668 1840 812 1871; x_wconf 85' lang='lat' dir='ltr'>ordinem</span> <span class='ocrx_word' id='word_1_181' title='bbox 838 1840 961 1881; x_wconf 83' lang='lat' dir='ltr'>Eques-</span> 
     </span>
     <span class='ocr_line' id='line_1_32' title="bbox 188 1882 960 1924; baseline 0.003 -11"><span class='ocrx_word' id='word_1_182' title='bbox 188 1890 269 1914; x_wconf 88' lang='lat' dir='ltr'>trem</span> <span class='ocrx_word' id='word_1_183' title='bbox 298 1882 510 1924; x_wconf 84' lang='lat' dir='ltr'>recipiendus)</span> <span class='ocrx_word' id='word_1_184' title='bbox 542 1893 596 1915; x_wconf 83' lang='lat' dir='ltr'>sex</span> <span class='ocrx_word' id='word_1_185' title='bbox 625 1883 675 1914; x_wconf 89' lang='lat' dir='ltr'>vel</span> <span class='ocrx_word' id='word_1_186' title='bbox 704 1891 825 1923; x_wconf 80' lang='lat' dir='ltr'>septem</span> <span class='ocrx_word' id='word_1_187' title='bbox 860 1883 960 1915; x_wconf 80' lang='lat' dir='ltr'>millia</span> 
     </span>
     <span class='ocr_line' id='line_1_33' title="bbox 187 1926 958 1968; baseline 0 -11"><span class='ocrx_word' id='word_1_188' title='bbox 187 1927 313 1963; x_wconf 84' lang='lat' dir='ltr'>desunt,</span> <span class='ocrx_word' id='word_1_189' title='bbox 341 1926 487 1968; x_wconf 84' lang='lat' dir='ltr'>quamvis</span> <span class='ocrx_word' id='word_1_190' title='bbox 516 1936 549 1957; x_wconf 88' lang='lat' dir='ltr'>es</span> <span class='ocrx_word' id='word_1_191' title='bbox 578 1927 625 1956; x_wconf 88' lang='lat' dir='ltr'>vir</span> <span class='ocrx_word' id='word_1_192' title='bbox 654 1927 767 1964; x_wconf 88' lang='lat' dir='ltr'>bonus,</span> <span class='ocrx_word' id='word_1_193' title='bbox 797 1927 958 1964; x_wconf 87' lang='lat' dir='ltr'>honestus,</span> 
     </span>
     <span class='ocr_line' id='line_1_34' title="bbox 186 1970 959 2010; baseline 0.001 -10"><span class='ocrx_word' id='word_1_194' title='bbox 186 1971 321 2001; x_wconf 89' lang='lat' dir='ltr'>disertus</span> <span class='ocrx_word' id='word_1_195' title='bbox 335 1978 366 2001; x_wconf 88' lang='lat' dir='ltr'>et</span> <span class='ocrx_word' id='word_1_196' title='bbox 381 1971 506 2010; x_wconf 89' lang='lat' dir='ltr'>probus,</span> <span class='ocrx_word' id='word_1_197' title='bbox 529 1976 636 2001; x_wconf 83' lang='lat' dir='ltr'>tamen</span> <span class='ocrx_word' id='word_1_198' title='bbox 659 1970 701 2001; x_wconf 91' lang='lat' dir='ltr'>ad</span> <span class='ocrx_word' id='word_1_199' title='bbox 725 1970 870 2001; x_wconf 74' lang='lat' dir='ltr'>ordInem</span> <span class='ocrx_word' id='word_1_200' title='bbox 892 1970 959 2010; x_wconf 88' lang='lat' dir='ltr'>ple-</span> 
     </span>
     <span class='ocr_line' id='line_1_35' title="bbox 187 2013 960 2055; baseline -0.001 -10"><span class='ocrx_word' id='word_1_201' title='bbox 187 2014 295 2045; x_wconf 84' lang='lat' dir='ltr'>beium</span> <span class='ocrx_word' id='word_1_202' title='bbox 309 2013 436 2050; x_wconf 81' lang='lat' dir='ltr'>relatus,</span> <span class='ocrx_word' id='word_1_203' title='bbox 452 2023 517 2044; x_wconf 89' lang='lat' dir='ltr'>non</span> <span class='ocrx_word' id='word_1_204' title='bbox 539 2014 603 2044; x_wconf 85' lang='lat' dir='ltr'>frui</span> <span class='ocrx_word' id='word_1_205' title='bbox 630 2020 718 2053; x_wconf 87' lang='lat' dir='ltr'>potes</span> <span class='ocrx_word' id='word_1_206' title='bbox 743 2015 873 2051; x_wconf 86' lang='lat' dir='ltr'>honore,</span> <span class='ocrx_word' id='word_1_207' title='bbox 895 2023 960 2055; x_wconf 91' lang='lat' dir='ltr'>quo</span> 
     </span>
     <span class='ocr_line' id='line_1_36' title="bbox 187 2057 960 2099; baseline 0.001 -11"><span class='ocrx_word' id='word_1_208' title='bbox 187 2058 307 2099; x_wconf 83' lang='lat' dir='ltr'>equites</span> <span class='ocrx_word' id='word_1_209' title='bbox 334 2057 496 2087; x_wconf 84' lang='lat' dir='ltr'>fruuntur.</span> <span class='ocrx_word' id='word_1_210' title='bbox 543 2057 594 2087; x_wconf 91' lang='lat' dir='ltr'>Sic</span> <span class='ocrx_word' id='word_1_211' title='bbox 619 2057 760 2097; x_wconf 85' lang='lat' dir='ltr'>profecto</span> <span class='ocrx_word' id='word_1_212' title='bbox 787 2067 853 2088; x_wconf 88' lang='lat' dir='ltr'>non</span> <span class='ocrx_word' id='word_1_213' title='bbox 878 2067 960 2098; x_wconf 91' lang='lat' dir='ltr'>opus</span> 
     </span>
     <span class='ocr_line' id='line_1_37' title="bbox 187 2099 958 2138; baseline 0.001 -7"><span class='ocrx_word' id='word_1_214' title='bbox 187 2108 242 2138; x_wconf 85' lang='lat' dir='ltr'>est,</span> <span class='ocrx_word' id='word_1_215' title='bbox 259 2108 296 2131; x_wconf 88' lang='lat' dir='ltr'>ut</span> <span class='ocrx_word' id='word_1_216' title='bbox 311 2112 339 2131; x_wconf 90' lang='lat' dir='ltr'>v.</span> <span class='ocrx_word' id='word_1_217' title='bbox 358 2100 411 2131; x_wconf 88' lang='lat'>55.</span> <span class='ocrx_word' id='word_1_218' title='bbox 437 2099 490 2131; x_wconf 87' lang='lat'>57.</span> <span class='ocrx_word' id='word_1_219' title='bbox 519 2100 574 2132; x_wconf 81' lang='lat'>58.</span> <span class='ocrx_word' id='word_1_220' title='bbox 601 2107 724 2132; x_wconf 86' lang='lat' dir='ltr'>mutato</span> <span class='ocrx_word' id='word_1_221' title='bbox 750 2101 861 2132; x_wconf 82' lang='lat' dir='ltr'>ordine</span> <span class='ocrx_word' id='word_1_222' title='bbox 883 2112 958 2132; x_wconf 90' lang='lat' dir='ltr'>cum</span> 
     </span>
     <span class='ocr_line' id='line_1_38' title="bbox 188 2143 958 2185; baseline 0.001 -9"><span class='ocrx_word' id='word_1_223' title='bbox 188 2147 330 2177; x_wconf 80' lang='lat' dir='ltr'>Bentleio</span> <span class='ocrx_word' id='word_1_224' title='bbox 345 2151 377 2175; x_wconf 87' lang='lat' dir='ltr'>et</span> <span class='ocrx_word' id='word_1_225' title='bbox 390 2143 460 2175; x_wconf 88' lang='lat' dir='ltr'>aliis</span> <span class='ocrx_word' id='word_1_226' title='bbox 481 2144 628 2185; x_wconf 87' lang='lat' dir='ltr'>legantur</span> <span class='ocrx_word' id='word_1_227' title='bbox 651 2145 715 2176; x_wconf 88' lang='lat' dir='ltr'>sic·</span> <span class='ocrx_word' id='word_1_228' title='bbox 743 2147 805 2176; x_wconf 77' lang='lat' dir='ltr'>Est</span> <span class='ocrx_word' id='word_1_229' title='bbox 830 2147 958 2177; x_wconf 78' lang='lat' dir='ltr'>animus</span> 
     </span>
     <span class='ocr_line' id='line_1_39' title="bbox 186 2190 958 2232; baseline 0 -12"><span class='ocrx_word' id='word_1_230' title='bbox 186 2191 250 2225; x_wconf 80' lang='lat' dir='ltr'>tibi,</span> <span class='ocrx_word' id='word_1_231' title='bbox 279 2194 356 2220; x_wconf 81' lang='lat' dir='ltr'>sunt</span> <span class='ocrx_word' id='word_1_232' title='bbox 381 2199 491 2226; x_wconf 70' lang='lat' dir='ltr'>moreS,</span> <span class='ocrx_word' id='word_1_233' title='bbox 516 2195 559 2219; x_wconf 80' lang='lat' dir='ltr'>est</span> <span class='ocrx_word' id='word_1_234' title='bbox 581 2190 690 2228; x_wconf 81' lang='lat' dir='ltr'>lingua</span> <span class='ocrx_word' id='word_1_235' title='bbox 706 2190 863 2232; x_wconf 82' lang='lat' dir='ltr'>fidesque,</span> <span class='ocrx_word' id='word_1_236' title='bbox 897 2191 958 2221; x_wconf 76' lang='lat' dir='ltr'>Sed</span> 
     </span>
     <span class='ocr_line' id='line_1_40' title="bbox 186 2233 958 2275; baseline 0.001 -12"><span class='ocrx_word' id='word_1_237' title='bbox 186 2233 424 2275; x_wconf 80' lang='lat' dir='ltr'>quadringentis</span> <span class='ocrx_word' id='word_1_238' title='bbox 451 2242 501 2262; x_wconf 75' lang='lat' dir='ltr'>sex·</span> <span class='ocrx_word' id='word_1_239' title='bbox 525 2239 641 2272; x_wconf 84' lang='lat' dir='ltr'>septem</span> <span class='ocrx_word' id='word_1_240' title='bbox 665 2234 762 2263; x_wconf 81' lang='lat' dir='ltr'>millia</span> <span class='ocrx_word' id='word_1_241' title='bbox 777 2235 900 2264; x_wconf 82' lang='lat' dir='ltr'>desunt.</span> <span class='ocrx_word' id='word_1_242' title='bbox 913 2250 958 2257; x_wconf 92' lang='lat'><strong>—</strong></span> 
     </span>
     <span class='ocr_line' id='line_1_41' title="bbox 190 2274 958 2317; baseline -0.001 -9"><span class='ocrx_word' id='word_1_243' title='bbox 190 2278 244 2308; x_wconf 88' lang='lat' dir='ltr'>De</span> <span class='ocrx_word' id='word_1_244' title='bbox 272 2276 373 2316; x_wconf 84' lang='lat' dir='ltr'>pretio</span> <span class='ocrx_word' id='word_1_245' title='bbox 396 2274 579 2311; x_wconf 57' lang='lat' dir='ltr'>semer-litim,</span> <span class='ocrx_word' id='word_1_246' title='bbox 611 2282 642 2306; x_wconf 81' lang='lat' dir='ltr'>et</span> <span class='ocrx_word' id='word_1_247' title='bbox 671 2275 711 2306; x_wconf 88' lang='lat' dir='ltr'>de</span> <span class='ocrx_word' id='word_1_248' title='bbox 739 2276 872 2313; x_wconf 84' lang='lat' dir='ltr'>ratione,</span> <span class='ocrx_word' id='word_1_249' title='bbox 894 2286 958 2317; x_wconf 85' lang='lat' dir='ltr'>qua</span> 
     </span>
     <span class='ocr_line' id='line_1_42' title="bbox 186 2318 956 2360; baseline -0.003 -9"><span class='ocrx_word' id='word_1_250' title='bbox 186 2330 298 2352; x_wconf 86' lang='lat' dir='ltr'>eorum</span> <span class='ocrx_word' id='word_1_251' title='bbox 313 2329 438 2350; x_wconf 85' lang='lat' dir='ltr'>summa</span> <span class='ocrx_word' id='word_1_252' title='bbox 451 2318 644 2359; x_wconf 88' lang='lat' dir='ltr'>designatur,</span> <span class='ocrx_word' id='word_1_253' title='bbox 660 2319 741 2356; x_wconf 86' lang='lat' dir='ltr'>vide,</span> <span class='ocrx_word' id='word_1_254' title='bbox 758 2330 830 2360; x_wconf 80' lang='lat' dir='ltr'>quae</span> <span class='ocrx_word' id='word_1_255' title='bbox 852 2321 956 2350; x_wconf 81' lang='lat' dir='ltr'>obser-</span> 
     </span>
     <span class='ocr_line' id='line_1_43' title="bbox 187 2361 957 2395; baseline 0.001 -1"><span class='ocrx_word' id='word_1_256' title='bbox 187 2364 331 2395; x_wconf 88' lang='lat' dir='ltr'>vavimus</span> <span class='ocrx_word' id='word_1_257' title='bbox 354 2362 395 2393; x_wconf 85' lang='lat' dir='ltr'>ad</span> <span class='ocrx_word' id='word_1_258' title='bbox 427 2361 587 2393; x_wconf 86' lang='lat' dir='ltr'>Ciceronis</span> <span class='ocrx_word' id='word_1_259' title='bbox 611 2365 817 2394; x_wconf 72' lang='lat' dir='ltr'>Auserlesene</span> <span class='ocrx_word' id='word_1_260' title='bbox 847 2365 957 2395; x_wconf 82' lang='lat' dir='ltr'>Reden</span> 
     </span>
     <span class='ocr_line' id='line_1_44' title="bbox 187 2404 955 2448; baseline -0.001 -10"><span class='ocrx_word' id='word_1_261' title='bbox 187 2419 218 2448; x_wconf 91' lang='lat' dir='ltr'>p.</span> <span class='ocrx_word' id='word_1_262' title='bbox 240 2406 297 2438; x_wconf 73' lang='lat'>17.</span> <span class='ocrx_word' id='word_1_263' title='bbox 309 2413 342 2437; x_wconf 89' lang='lat' dir='ltr'>et</span> <span class='ocrx_word' id='word_1_264' title='bbox 369 2404 421 2437; x_wconf 84' lang='lat'>18.</span> <span class='ocrx_word' id='word_1_265' title='bbox 510 2407 555 2437; x_wconf 81' lang='lat' dir='ltr'>At</span> <span class='ocrx_word' id='word_1_266' title='bbox 574 2408 668 2446; x_wconf 82' lang='lat' dir='ltr'>pueri</span> <span class='ocrx_word' id='word_1_267' title='bbox 690 2409 841 2442; x_wconf 83' lang='lat' dir='ltr'>ludentes,</span> <span class='ocrx_word' id='word_1_268' title='bbox 866 2407 955 2446; x_wconf 87' lang='lat' dir='ltr'>pueri</span> 
     </span>
     <span class='ocr_line' id='line_1_45' title="bbox 187 2448 957 2492; baseline -0.001 -9"><span class='ocrx_word' id='word_1_269' title='bbox 187 2459 306 2487; x_wconf 87' lang='lat' dir='ltr'>contra,</span> <span class='ocrx_word' id='word_1_270' title='bbox 323 2460 397 2480; x_wconf 91' lang='lat' dir='ltr'>cum</span> <span class='ocrx_word' id='word_1_271' title='bbox 412 2448 538 2486; x_wconf 87' lang='lat' dir='ltr'>ludunt,</span> <span class='ocrx_word' id='word_1_272' title='bbox 555 2459 620 2479; x_wconf 89' lang='lat' dir='ltr'>non</span> <span class='ocrx_word' id='word_1_273' title='bbox 635 2450 751 2487; x_wconf 82' lang='lat' dir='ltr'>ditiori,</span> <span class='ocrx_word' id='word_1_274' title='bbox 768 2449 822 2480; x_wconf 91' lang='lat' dir='ltr'>sed</span> <span class='ocrx_word' id='word_1_275' title='bbox 837 2450 877 2487; x_wconf 79' lang='lat' dir='ltr'>ei,</span> <span class='ocrx_word' id='word_1_276' title='bbox 901 2452 957 2492; x_wconf 84' lang='lat' dir='ltr'>qui</span> 
     </span>
     <span class='ocr_line' id='line_1_46' title="bbox 187 2492 954 2536; baseline -0.003 -10"><span class='ocrx_word' id='word_1_277' title='bbox 187 2502 268 2527; x_wconf 83' lang='lat' dir='ltr'>recte</span> <span class='ocrx_word' id='word_1_278' title='bbox 279 2495 377 2536; x_wconf 75' lang='lat' dir='ltr'>facit,</span> <span class='ocrx_word' id='word_1_279' title='bbox 392 2494 446 2534; x_wconf 89' lang='lat' dir='ltr'>qui</span> <span class='ocrx_word' id='word_1_280' title='bbox 461 2492 538 2523; x_wconf 88' lang='lat' dir='ltr'>alios</span> <span class='ocrx_word' id='word_1_281' title='bbox 562 2499 627 2523; x_wconf 88' lang='lat' dir='ltr'>arte</span> <span class='ocrx_word' id='word_1_282' title='bbox 652 2499 787 2533; x_wconf 86' lang='lat' dir='ltr'>superat,</span> <span class='ocrx_word' id='word_1_283' title='bbox 813 2504 954 2524; x_wconf 91' lang='lat' dir='ltr'>summos</span> 
     </span>
     <span class='ocr_line' id='line_1_47' title="bbox 186 2536 953 2578; baseline -0.009 -9"><span class='ocrx_word' id='word_1_284' title='bbox 186 2538 313 2569; x_wconf 88' lang='lat' dir='ltr'>inludo</span> <span class='ocrx_word' id='word_1_285' title='bbox 335 2538 468 2568; x_wconf 91' lang='lat' dir='ltr'>bonores</span> <span class='ocrx_word' id='word_1_286' title='bbox 491 2536 647 2573; x_wconf 88' lang='lat' dir='ltr'>deferunt,</span> <span class='ocrx_word' id='word_1_287' title='bbox 673 2548 777 2578; x_wconf 79' lang='lat' dir='ltr'>regem</span> <span class='ocrx_word' id='word_1_288' title='bbox 801 2547 877 2567; x_wconf 81' lang='lat' dir='ltr'>eum</span> <span class='ocrx_word' id='word_1_289' title='bbox 898 2547 953 2576; x_wconf 79' lang='lat' dir='ltr'>ap-</span> 
     </span>
     <span class='ocr_line' id='line_1_48' title="bbox 185 2579 955 2623; baseline -0.003 -10"><span class='ocrx_word' id='word_1_290' title='bbox 185 2582 346 2623; x_wconf 68' lang='lat' dir='ltr'>pellentes.</span> <span class='ocrx_word' id='word_1_291' title='bbox 397 2579 493 2617; x_wconf 81' lang='lat' dir='ltr'>Quod</span> <span class='ocrx_word' id='word_1_292' title='bbox 508 2579 656 2610; x_wconf 83' lang='lat' dir='ltr'>ludorum</span> <span class='ocrx_word' id='word_1_293' title='bbox 672 2580 840 2620; x_wconf 80' lang='lat' dir='ltr'>puerilium</span> <span class='ocrx_word' id='word_1_294' title='bbox 853 2590 955 2621; x_wconf 85' lang='lat' dir='ltr'>genus</span> 
     </span>
     <span class='ocr_line' id='line_1_49' title="bbox 186 2623 950 2666; baseline -0.001 -10"><span class='ocrx_word' id='word_1_295' title='bbox 186 2633 278 2666; x_wconf 87' lang='lat' dir='ltr'>poeta</span> <span class='ocrx_word' id='word_1_296' title='bbox 292 2623 471 2664; x_wconf 83' lang='lat' dir='ltr'>respexerit,</span> <span class='ocrx_word' id='word_1_297' title='bbox 487 2624 538 2653; x_wconf 86' lang='lat' dir='ltr'>vix</span> <span class='ocrx_word' id='word_1_298' title='bbox 561 2630 645 2654; x_wconf 85' lang='lat' dir='ltr'>certo</span> <span class='ocrx_word' id='word_1_299' title='bbox 670 2623 818 2655; x_wconf 84' lang='lat' dir='ltr'>constitui</span> <span class='ocrx_word' id='word_1_300' title='bbox 839 2630 950 2663; x_wconf 76' lang='lat' dir='ltr'>potest.</span> 
     </span>
     <span class='ocr_line' id='line_1_50' title="bbox 189 2666 951 2709; baseline -0.004 -9"><span class='ocrx_word' id='word_1_301' title='bbox 189 2669 289 2708; x_wconf 88' lang='lat' dir='ltr'>Apud</span> <span class='ocrx_word' id='word_1_302' title='bbox 318 2679 376 2699; x_wconf 89' lang='lat' dir='ltr'>nos</span> <span class='ocrx_word' id='word_1_303' title='bbox 400 2677 525 2709; x_wconf 87' lang='lat' dir='ltr'>quoque</span> <span class='ocrx_word' id='word_1_304' title='bbox 549 2666 583 2696; x_wconf 89' lang='lat' dir='ltr'>in</span> <span class='ocrx_word' id='word_1_305' title='bbox 608 2666 753 2706; x_wconf 79' lang='lat' dir='ltr'>pluribus</span> <span class='ocrx_word' id='word_1_306' title='bbox 781 2677 951 2706; x_wconf 89' lang='lat' dir='ltr'>puerorum</span> 
     </span>
     <span class='ocr_line' id='line_1_51' title="bbox 186 2709 952 2752; baseline -0.004 -9"><span class='ocrx_word' id='word_1_307' title='bbox 186 2713 271 2744; x_wconf 80' lang='lat' dir='ltr'>ludis</span> <span class='ocrx_word' id='word_1_308' title='bbox 284 2712 363 2743; x_wconf 86' lang='lat' dir='ltr'>etin</span> <span class='ocrx_word' id='word_1_309' title='bbox 387 2711 457 2742; x_wconf 87' lang='lat' dir='ltr'>aliis</span> <span class='ocrx_word' id='word_1_310' title='bbox 478 2709 700 2741; x_wconf 82' lang='lat' dir='ltr'>certaminibus</span> <span class='ocrx_word' id='word_1_311' title='bbox 724 2710 897 2752; x_wconf 85' lang='lat' dir='ltr'>(praecipue</span> <span class='ocrx_word' id='word_1_312' title='bbox 917 2710 952 2740; x_wconf 90' lang='lat' dir='ltr'>in</span> 
     </span>
     <span class='ocr_line' id='line_1_52' title="bbox 186 2753 954 2795; baseline -0.004 -8"><span class='ocrx_word' id='word_1_313' title='bbox 186 2757 235 2793; x_wconf 89' lang='lat' dir='ltr'>iis,</span> <span class='ocrx_word' id='word_1_314' title='bbox 251 2756 307 2787; x_wconf 92' lang='lat' dir='ltr'>ubi</span> <span class='ocrx_word' id='word_1_315' title='bbox 322 2756 400 2786; x_wconf 83' lang='lat' dir='ltr'>alter</span> <span class='ocrx_word' id='word_1_316' title='bbox 413 2755 546 2786; x_wconf 78' lang='lat' dir='ltr'>alterum</span> <span class='ocrx_word' id='word_1_317' title='bbox 555 2753 728 2795; x_wconf 87' lang='lat' dir='ltr'>jaculando</span> <span class='ocrx_word' id='word_1_318' title='bbox 743 2753 791 2784; x_wconf 91' lang='lat' dir='ltr'>vel</span> <span class='ocrx_word' id='word_1_319' title='bbox 806 2753 954 2795; x_wconf 88' lang='lat' dir='ltr'>globulos</span> 
     </span>
     <span class='ocr_line' id='line_1_53' title="bbox 185 2796 950 2838; baseline -0.004 -8"><span class='ocrx_word' id='word_1_320' title='bbox 185 2800 225 2830; x_wconf 82' lang='lat' dir='ltr'>ad</span> <span class='ocrx_word' id='word_1_321' title='bbox 241 2807 356 2830; x_wconf 82' lang='lat' dir='ltr'>certam</span> <span class='ocrx_word' id='word_1_322' title='bbox 373 2805 490 2830; x_wconf 81' lang='lat' dir='ltr'>metam</span> <span class='ocrx_word' id='word_1_323' title='bbox 504 2797 658 2828; x_wconf 84' lang='lat' dir='ltr'>mittendo</span> <span class='ocrx_word' id='word_1_324' title='bbox 682 2797 806 2828; x_wconf 88' lang='lat' dir='ltr'>vincere</span> <span class='ocrx_word' id='word_1_325' title='bbox 831 2796 950 2838; x_wconf 88' lang='lat' dir='ltr'>studet)</span> 
     </span>
     <span class='ocr_line' id='line_1_54' title="bbox 187 2840 951 2884; baseline -0.004 -11"><span class='ocrx_word' id='word_1_326' title='bbox 187 2843 271 2884; x_wconf 83' lang='lat' dir='ltr'>viget</span> <span class='ocrx_word' id='word_1_327' title='bbox 299 2844 351 2874; x_wconf 85' lang='lat' dir='ltr'>hic</span> <span class='ocrx_word' id='word_1_328' title='bbox 379 2853 458 2879; x_wconf 91' lang='lat' dir='ltr'>mos,</span> <span class='ocrx_word' id='word_1_329' title='bbox 486 2848 523 2872; x_wconf 89' lang='lat' dir='ltr'>ut</span> <span class='ocrx_word' id='word_1_330' title='bbox 546 2843 582 2879; x_wconf 89' lang='lat' dir='ltr'>is,</span> <span class='ocrx_word' id='word_1_331' title='bbox 605 2841 659 2882; x_wconf 90' lang='lat' dir='ltr'>qui</span> <span class='ocrx_word' id='word_1_332' title='bbox 681 2841 792 2871; x_wconf 86' lang='lat' dir='ltr'>ceteris</span> <span class='ocrx_word' id='word_1_333' title='bbox 813 2840 951 2880; x_wconf 87' lang='lat' dir='ltr'>palmam</span> 
     </span>
     <span class='ocr_line' id='line_1_55' title="bbox 187 2884 746 2927; baseline -0.004 -11"><span class='ocrx_word' id='word_1_334' title='bbox 187 2887 334 2926; x_wconf 77' lang='lat' dir='ltr'>praeripit,</span> <span class='ocrx_word' id='word_1_335' title='bbox 349 2888 428 2927; x_wconf 81' lang='lat' dir='ltr'>regis</span> <span class='ocrx_word' id='word_1_336' title='bbox 442 2885 536 2916; x_wconf 86' lang='lat' dir='ltr'>titulo</span> <span class='ocrx_word' id='word_1_337' title='bbox 548 2884 746 2927; x_wconf 80' lang='lat' dir='ltr'>insigniatur.</span> 
     </span>
     <span class='ocr_line' id='line_1_56' title="bbox 162 2928 952 2966; baseline -0.004 -7"><span class='ocrx_word' id='word_1_338' title='bbox 162 2935 163 2938; x_wconf 75' lang='grc'>’</span> <span class='ocrx_word' id='word_1_339' title='bbox 231 2941 258 2960; x_wconf 91' lang='lat' dir='ltr'>v.</span> <span class='ocrx_word' id='word_1_340' title='bbox 284 2929 337 2966; x_wconf 85' lang='lat'>60,</span> <span class='ocrx_word' id='word_1_341' title='bbox 354 2929 406 2960; x_wconf 92' lang='grc'>61.</span> <span class='ocrx_word' id='word_1_342' title='bbox 427 2931 492 2961; x_wconf 84' lang='grc' dir='ltr'>Ηίσ</span> <span class='ocrx_word' id='word_1_343' title='bbox 511 2939 624 2960; x_wconf 79' lang='lat' dir='ltr'>murus</span> <span class='ocrx_word' id='word_1_344' title='bbox 649 2934 734 2964; x_wconf 66' lang='lat' dir='ltr'>cett„</span> <span class='ocrx_word' id='word_1_345' title='bbox 758 2928 836 2958; x_wconf 88' lang='lat' dir='ltr'>dum</span> <span class='ocrx_word' id='word_1_346' title='bbox 861 2934 952 2966; x_wconf 84' lang='lat' dir='ltr'>poeta</span> 
     </span>
     <span class='ocr_line' id='line_1_57' title="bbox 187 2970 949 3012; baseline -0.003 -10"><span class='ocrx_word' id='word_1_347' title='bbox 187 2973 227 3003; x_wconf 90' lang='lat' dir='ltr'>de</span> <span class='ocrx_word' id='word_1_348' title='bbox 242 2974 350 3012; x_wconf 82' lang='lat' dir='ltr'>pretio,</span> <span class='ocrx_word' id='word_1_349' title='bbox 368 2984 431 3003; x_wconf 91' lang='lat' dir='ltr'>non</span> <span class='ocrx_word' id='word_1_350' title='bbox 447 2972 574 3010; x_wconf 82' lang='lat' dir='ltr'>divitiis,</span> <span class='ocrx_word' id='word_1_351' title='bbox 590 2971 643 3002; x_wconf 84' lang='lat' dir='ltr'>sed</span> <span class='ocrx_word' id='word_1_352' title='bbox 669 2977 752 3002; x_wconf 83' lang='lat' dir='ltr'>recte</span> <span class='ocrx_word' id='word_1_353' title='bbox 776 2970 866 3001; x_wconf 83' lang='lat' dir='ltr'>factis</span> <span class='ocrx_word' id='word_1_354' title='bbox 889 2976 949 3001; x_wconf 75' lang='lat' dir='ltr'>sta-</span> 
     </span>
     <span class='ocr_line' id='line_1_58' title="bbox 187 3014 949 3057; baseline -0.003 -11"><span class='ocrx_word' id='word_1_355' title='bbox 187 3017 305 3047; x_wconf 82' lang='lat' dir='ltr'>tuendo</span> <span class='ocrx_word' id='word_1_356' title='bbox 334 3017 483 3057; x_wconf 79' lang='lat' dir='ltr'>loquitur,</span> <span class='ocrx_word' id='word_1_357' title='bbox 509 3017 615 3048; x_wconf 86' lang='lat' dir='ltr'>inserit</span> <span class='ocrx_word' id='word_1_358' title='bbox 639 3014 853 3057; x_wconf 84' lang='lat' dir='ltr'>gravissimam</span> <span class='ocrx_word' id='word_1_359' title='bbox 879 3024 949 3045; x_wconf 89' lang='lat' dir='ltr'>sen-</span> 
     </span>
    </p>
   </div>
   <div class='ocr_carea' id='block_1_14' title="bbox 992 1317 1778 3055">
    <p class='ocr_par' dir='ltr' id='par_1_16' title="bbox 1006 1317 1778 1488">
     <span class='ocr_line' id='line_1_59' title="bbox 1006 1317 1778 1350; baseline 0.004 -3"><span class='ocrx_word' id='word_1_360' title='bbox 1006 1317 1137 1349; x_wconf 82' lang='lat' dir='ltr'>tentiam</span> <span class='ocrx_word' id='word_1_361' title='bbox 1166 1318 1269 1349; x_wconf 82' lang='lat' dir='ltr'>hanc:</span> <span class='ocrx_word' id='word_1_362' title='bbox 1304 1322 1326 1338; x_wconf 91' lang='lat'><strong>“</strong></span> <span class='ocrx_word' id='word_1_363' title='bbox 1339 1318 1473 1350; x_wconf 84' lang='lat' dir='ltr'>Nullius</span> <span class='ocrx_word' id='word_1_364' title='bbox 1501 1318 1546 1349; x_wconf 80' lang='lat' dir='ltr'>rei</span> <span class='ocrx_word' id='word_1_365' title='bbox 1573 1317 1659 1350; x_wconf 84' lang='lat' dir='ltr'>male</span> <span class='ocrx_word' id='word_1_366' title='bbox 1685 1319 1778 1350; x_wconf 63' lang='lat' dir='ltr'>faeta*</span> 
     </span>
     <span class='ocr_line' id='line_1_60' title="bbox 1007 1361 1778 1404; baseline 0.003 -13"><span class='ocrx_word' id='word_1_367' title='bbox 1007 1361 1066 1392; x_wconf 88' lang='lat' dir='ltr'>sibi</span> <span class='ocrx_word' id='word_1_368' title='bbox 1082 1362 1245 1392; x_wconf 86' lang='lat' dir='ltr'>conscium</span> <span class='ocrx_word' id='word_1_369' title='bbox 1260 1372 1334 1396; x_wconf 89' lang='lat' dir='ltr'>esse.</span> <span class='ocrx_word' id='word_1_370' title='bbox 1351 1362 1392 1393; x_wconf 86' lang='lat' dir='ltr'>de</span> <span class='ocrx_word' id='word_1_371' title='bbox 1406 1361 1496 1393; x_wconf 79' lang='lat' dir='ltr'>nullo</span> <span class='ocrx_word' id='word_1_372' title='bbox 1515 1361 1636 1404; x_wconf 80' lang='lat' dir='ltr'>flagitio</span> <span class='ocrx_word' id='word_1_373' title='bbox 1657 1362 1778 1402; x_wconf 81' lang='lat' dir='ltr'>pudore</span> 
     </span>
     <span class='ocr_line' id='line_1_61' title="bbox 1007 1404 1778 1445; baseline 0.001 -10"><span class='ocrx_word' id='word_1_374' title='bbox 1007 1404 1160 1442; x_wconf 85' lang='lat' dir='ltr'>suffundi,</span> <span class='ocrx_word' id='word_1_375' title='bbox 1177 1406 1237 1436; x_wconf 88' lang='lat' dir='ltr'>hoc</span> <span class='ocrx_word' id='word_1_376' title='bbox 1251 1405 1431 1437; x_wconf 85' lang='lat' dir='ltr'>firmissime</span> <span class='ocrx_word' id='word_1_377' title='bbox 1455 1411 1564 1445; x_wconf 82' lang='lat' dir='ltr'>pectus</span> <span class='ocrx_word' id='word_1_378' title='bbox 1589 1407 1722 1442; x_wconf 83' lang='lat' dir='ltr'>munire,</span> <span class='ocrx_word' id='word_1_379' title='bbox 1745 1413 1778 1437; x_wconf 79' lang='lat' dir='ltr'>et</span> 
     </span>
     <span class='ocr_line' id='line_1_62' title="bbox 1007 1448 1746 1488; baseline 0.003 -10"><span class='ocrx_word' id='word_1_380' title='bbox 1007 1449 1047 1479; x_wconf 87' lang='lat' dir='ltr'>ab</span> <span class='ocrx_word' id='word_1_381' title='bbox 1061 1448 1107 1482; x_wconf 80' lang='lat' dir='ltr'>iis.</span> <span class='ocrx_word' id='word_1_382' title='bbox 1125 1459 1198 1488; x_wconf 87' lang='lat' dir='ltr'>quae</span> <span class='ocrx_word' id='word_1_383' title='bbox 1212 1449 1317 1488; x_wconf 88' lang='lat' dir='ltr'>turpia</span> <span class='ocrx_word' id='word_1_384' title='bbox 1331 1455 1418 1486; x_wconf 85' lang='lat' dir='ltr'>sunt,</span> <span class='ocrx_word' id='word_1_385' title='bbox 1433 1449 1602 1480; x_wconf 84' lang='lat' dir='ltr'>defendere</span> <span class='ocrx_word' id='word_1_386' title='bbox 1617 1449 1746 1480; x_wconf 75' lang='lat' dir='ltr'>debet-&#39;²</span> 
     </span>
    </p>

    <p class='ocr_par' dir='ltr' id='par_1_17' title="bbox 992 1490 1777 2751">
     <span class='ocr_line' id='line_1_63' title="bbox 1050 1490 1777 1535; baseline 0.003 -14"><span class='ocrx_word' id='word_1_387' title='bbox 1050 1502 1079 1523; x_wconf 87' lang='lat' dir='ltr'>v.</span> <span class='ocrx_word' id='word_1_388' title='bbox 1106 1490 1246 1523; x_wconf 66' lang='grc'>62-64.</span> <span class='ocrx_word' id='word_1_389' title='bbox 1274 1494 1386 1524; x_wconf 78' lang='lat' dir='ltr'>Roscia</span> <span class='ocrx_word' id='word_1_390' title='bbox 1404 1494 1468 1535; x_wconf 80' lang='lat' dir='ltr'>(dic</span> <span class='ocrx_word' id='word_1_391' title='bbox 1482 1493 1582 1533; x_wconf 80' lang='lat' dir='ltr'>sodes)</span> <span class='ocrx_word' id='word_1_392' title='bbox 1598 1499 1683 1529; x_wconf 77' lang='lat' dir='ltr'>cett..</span> <span class='ocrx_word' id='word_1_393' title='bbox 1705 1503 1777 1524; x_wconf 88' lang='lat' dir='ltr'>sen-</span> 
     </span>
     <span class='ocr_line' id='line_1_64' title="bbox 1005 1535 1775 1579; baseline 0.003 -14"><span class='ocrx_word' id='word_1_394' title='bbox 1005 1545 1079 1565; x_wconf 91' lang='lat' dir='ltr'>sus·</span> <span class='ocrx_word' id='word_1_395' title='bbox 1105 1535 1165 1573; x_wconf 90' lang='lat' dir='ltr'>dic,</span> <span class='ocrx_word' id='word_1_396' title='bbox 1181 1546 1298 1577; x_wconf 82' lang='lat' dir='ltr'>quaeso,</span> <span class='ocrx_word' id='word_1_397' title='bbox 1322 1546 1399 1567; x_wconf 90' lang='lat' dir='ltr'>num</span> <span class='ocrx_word' id='word_1_398' title='bbox 1427 1535 1478 1567; x_wconf 85' lang='lat' dir='ltr'>lex</span> <span class='ocrx_word' id='word_1_399' title='bbox 1507 1536 1623 1567; x_wconf 87' lang='lat' dir='ltr'>Roscia</span> <span class='ocrx_word' id='word_1_400' title='bbox 1649 1541 1775 1579; x_wconf 86' lang='lat' dir='ltr'>(secun-</span> 
     </span>
     <span class='ocr_line' id='line_1_65' title="bbox 1005 1578 1771 1629; baseline 0.003 -20"><span class='ocrx_word' id='word_1_401' title='bbox 1005 1578 1085 1609; x_wconf 89' lang='lat' dir='ltr'>dum</span> <span class='ocrx_word' id='word_1_402' title='bbox 1098 1589 1195 1619; x_wconf 88' lang='lat' dir='ltr'>quam</span> <span class='ocrx_word' id='word_1_403' title='bbox 1213 1578 1336 1629; x_wconf 61' lang='lat' dir='ltr'>Equiti3</span> <span class='ocrx_word' id='word_1_404' title='bbox 1359 1585 1395 1610; x_wconf 85' lang='lat' dir='ltr'>ut</span> <span class='ocrx_word' id='word_1_405' title='bbox 1420 1579 1669 1621; x_wconf 80' lang='lat' dir='ltr'>quingentorum</span> <span class='ocrx_word' id='word_1_406' title='bbox 1697 1580 1771 1611; x_wconf 85' lang='lat' dir='ltr'>HS.</span> 
     </span>
     <span class='ocr_line' id='line_1_66' title="bbox 1005 1622 1774 1663; baseline 0 -10"><span class='ocrx_word' id='word_1_407' title='bbox 1005 1623 1181 1661; x_wconf 85' lang='lat' dir='ltr'>possessori,</span> <span class='ocrx_word' id='word_1_408' title='bbox 1194 1622 1302 1654; x_wconf 85' lang='lat' dir='ltr'>sedem</span> <span class='ocrx_word' id='word_1_409' title='bbox 1327 1623 1362 1653; x_wconf 85' lang='lat' dir='ltr'>in</span> <span class='ocrx_word' id='word_1_410' title='bbox 1386 1623 1572 1663; x_wconf 77' lang='lat' dir='ltr'>spectaculis</span> <span class='ocrx_word' id='word_1_411' title='bbox 1593 1623 1774 1654; x_wconf 80' lang='lat' dir='ltr'>honoratio-</span> 
     </span>
     <span class='ocr_line' id='line_1_67' title="bbox 1003 1665 1773 1708; baseline 0.003 -13"><span class='ocrx_word' id='word_1_412' title='bbox 1003 1675 1071 1696; x_wconf 88' lang='lat' dir='ltr'>rem</span> <span class='ocrx_word' id='word_1_413' title='bbox 1086 1666 1120 1695; x_wconf 92' lang='lat' dir='ltr'>in</span> <span class='ocrx_word' id='word_1_414' title='bbox 1134 1666 1373 1707; x_wconf 84' lang='lat' dir='ltr'>quatuordecim</span> <span class='ocrx_word' id='word_1_415' title='bbox 1394 1666 1544 1708; x_wconf 78' lang='lat' dir='ltr'>gradibus</span> <span class='ocrx_word' id='word_1_416' title='bbox 1566 1665 1631 1697; x_wconf 84' lang='lat' dir='ltr'>sive</span> <span class='ocrx_word' id='word_1_417' title='bbox 1653 1666 1773 1703; x_wconf 84' lang='lat' dir='ltr'>cuneis,</span> 
     </span>
     <span class='ocr_line' id='line_1_68' title="bbox 1003 1709 1774 1751; baseline 0 -11"><span class='ocrx_word' id='word_1_418' title='bbox 1003 1710 1177 1744; x_wconf 64' lang='lat' dir='ltr'>orchestrae,</span> <span class='ocrx_word' id='word_1_419' title='bbox 1193 1709 1228 1740; x_wconf 90' lang='lat' dir='ltr'>in</span> <span class='ocrx_word' id='word_1_420' title='bbox 1242 1720 1306 1751; x_wconf 84' lang='lat' dir='ltr'>qua</span> <span class='ocrx_word' id='word_1_421' title='bbox 1320 1717 1479 1742; x_wconf 72' lang='lat' dir='ltr'>senatores</span> <span class='ocrx_word' id='word_1_422' title='bbox 1491 1709 1652 1748; x_wconf 80' lang='lat' dir='ltr'>sedebant,</span> <span class='ocrx_word' id='word_1_423' title='bbox 1667 1710 1774 1750; x_wconf 83' lang='lat' dir='ltr'>proxi-</span> 
     </span>
     <span class='ocr_line' id='line_1_69' title="bbox 1004 1752 1774 1794; baseline 0.001 -11"><span class='ocrx_word' id='word_1_424' title='bbox 1004 1753 1075 1790; x_wconf 86' lang='lat' dir='ltr'>mis,</span> <span class='ocrx_word' id='word_1_425' title='bbox 1090 1763 1245 1793; x_wconf 83' lang='lat' dir='ltr'>occupare</span> <span class='ocrx_word' id='word_1_426' title='bbox 1260 1752 1387 1793; x_wconf 74' lang='lat' dir='ltr'>licebat)</span> <span class='ocrx_word' id='word_1_427' title='bbox 1412 1752 1608 1794; x_wconf 75' lang='lat' dir='ltr'>praeferenda</span> <span class='ocrx_word' id='word_1_428' title='bbox 1631 1753 1671 1784; x_wconf 81' lang='lat' dir='ltr'>sit</span> <span class='ocrx_word' id='word_1_429' title='bbox 1693 1763 1774 1793; x_wconf 79' lang='lat' dir='ltr'>pue·</span> 
     </span>
     <span class='ocr_line' id='line_1_70' title="bbox 1004 1797 1774 1838; baseline 0.004 -12"><span class='ocrx_word' id='word_1_430' title='bbox 1004 1805 1112 1826; x_wconf 88' lang='lat' dir='ltr'>rorum</span> <span class='ocrx_word' id='word_1_431' title='bbox 1127 1797 1311 1828; x_wconf 69' lang='lat' dir='ltr'>cantilenae:</span> <span class='ocrx_word' id='word_1_432' title='bbox 1340 1799 1408 1828; x_wconf 73' lang='lat' dir='ltr'>Rea·</span> <span class='ocrx_word' id='word_1_433' title='bbox 1420 1798 1490 1834; x_wconf 69' lang='lat' dir='ltr'>eris,</span> <span class='ocrx_word' id='word_1_434' title='bbox 1505 1798 1533 1828; x_wconf 72' lang='lat' dir='ltr'>si</span> <span class='ocrx_word' id='word_1_435' title='bbox 1545 1802 1626 1828; x_wconf 76' lang='lat' dir='ltr'>recte</span> <span class='ocrx_word' id='word_1_436' title='bbox 1634 1797 1741 1838; x_wconf 74' lang='lat' dir='ltr'>socies</span> <span class='ocrx_word' id='word_1_437' title='bbox 1752 1797 1774 1828; x_wconf 67' lang='lat' dir='ltr'>I*</span> 
     </span>
     <span class='ocr_line' id='line_1_71' title="bbox 1004 1839 1774 1881; baseline 0.003 -11"><span class='ocrx_word' id='word_1_438' title='bbox 1004 1839 1037 1870; x_wconf 86' lang='lat' dir='ltr'>h.</span> <span class='ocrx_word' id='word_1_439' title='bbox 1054 1850 1082 1870; x_wconf 88' lang='lat' dir='ltr'>e.</span> <span class='ocrx_word' id='word_1_440' title='bbox 1101 1845 1210 1870; x_wconf 80' lang='lat' dir='ltr'>utrum</span> <span class='ocrx_word' id='word_1_441' title='bbox 1224 1849 1303 1871; x_wconf 85' lang='lat' dir='ltr'>auro</span> <span class='ocrx_word' id='word_1_442' title='bbox 1316 1850 1358 1871; x_wconf 85' lang='lat' dir='ltr'>au</span> <span class='ocrx_word' id='word_1_443' title='bbox 1380 1839 1488 1871; x_wconf 77' lang='lat' dir='ltr'>virtuti</span> <span class='ocrx_word' id='word_1_444' title='bbox 1507 1840 1611 1881; x_wconf 79' lang='lat' dir='ltr'>majus</span> <span class='ocrx_word' id='word_1_445' title='bbox 1630 1839 1774 1872; x_wconf 78' lang='lat' dir='ltr'>tribuen-</span> 
     </span>
     <span class='ocr_line' id='line_1_72' title="bbox 1002 1882 1772 1926; baseline 0.003 -13"><span class='ocrx_word' id='word_1_446' title='bbox 1002 1883 1081 1913; x_wconf 90' lang='lat' dir='ltr'>dum</span> <span class='ocrx_word' id='word_1_447' title='bbox 1096 1883 1136 1914; x_wconf 88' lang='lat' dir='ltr'>sit</span> <span class='ocrx_word' id='word_1_448' title='bbox 1149 1884 1287 1923; x_wconf 87' lang='lat' dir='ltr'>pretium</span> <span class='ocrx_word' id='word_1_449' title='bbox 1297 1882 1399 1914; x_wconf 82' lang='lat' dir='ltr'>?—-de</span> <span class='ocrx_word' id='word_1_450' title='bbox 1411 1883 1484 1926; x_wconf 83' lang='lat' dir='ltr'>lege</span> <span class='ocrx_word' id='word_1_451' title='bbox 1497 1882 1640 1915; x_wconf 64' lang='lat' dir='ltr'>theam-ali</span> <span class='ocrx_word' id='word_1_452' title='bbox 1662 1883 1772 1915; x_wconf 96' lang='lat' dir='ltr'>Roscii</span> 
     </span>
     <span class='ocr_line' id='line_1_73' title="bbox 1006 1925 1772 1967; baseline 0.001 -10"><span class='ocrx_word' id='word_1_453' title='bbox 1006 1926 1143 1957; x_wconf 78' lang='lat' dir='ltr'>othonis</span> <span class='ocrx_word' id='word_1_454' title='bbox 1157 1927 1199 1958; x_wconf 68' lang='lat' dir='ltr'>cf·</span> <span class='ocrx_word' id='word_1_455' title='bbox 1220 1937 1315 1967; x_wconf 87' lang='lat' dir='ltr'>supra</span> <span class='ocrx_word' id='word_1_456' title='bbox 1327 1927 1368 1958; x_wconf 84' lang='lat' dir='ltr'>ad</span> <span class='ocrx_word' id='word_1_457' title='bbox 1385 1926 1491 1967; x_wconf 86' lang='lat' dir='ltr'>Epod.</span> <span class='ocrx_word' id='word_1_458' title='bbox 1511 1927 1574 1958; x_wconf 87' lang='lat' dir='ltr'>IV.</span> <span class='ocrx_word' id='word_1_459' title='bbox 1593 1925 1644 1958; x_wconf 90' lang='grc'>16.</span> <span class='ocrx_word' id='word_1_460' title='bbox 1691 1929 1772 1959; x_wconf 79' lang='lat' dir='ltr'>Nae.</span> 
     </span>
     <span class='ocr_line' id='line_1_74' title="bbox 1001 1969 1770 2012; baseline 0.001 -11"><span class='ocrx_word' id='word_1_461' title='bbox 1001 1972 1066 2004; x_wconf 79' lang='lat' dir='ltr'>nia.</span> <span class='ocrx_word' id='word_1_462' title='bbox 1081 1971 1205 2010; x_wconf 84' lang='lat' dir='ltr'>proprie</span> <span class='ocrx_word' id='word_1_463' title='bbox 1219 1970 1260 2001; x_wconf 88' lang='lat' dir='ltr'>de</span> <span class='ocrx_word' id='word_1_464' title='bbox 1270 1977 1366 2001; x_wconf 82' lang='lat' dir='ltr'>cantu</span> <span class='ocrx_word' id='word_1_465' title='bbox 1379 1970 1518 2012; x_wconf 83' lang='lat' dir='ltr'>lugubri.</span> <span class='ocrx_word' id='word_1_466' title='bbox 1533 1979 1620 2002; x_wconf 84' lang='lat' dir='ltr'>nunc</span> <span class='ocrx_word' id='word_1_467' title='bbox 1635 1969 1676 2001; x_wconf 87' lang='lat' dir='ltr'>de</span> <span class='ocrx_word' id='word_1_468' title='bbox 1696 1981 1770 2002; x_wconf 73' lang='lat' dir='ltr'>ean«</span> 
     </span>
     <span class='ocr_line' id='line_1_75' title="bbox 1002 2013 1772 2055; baseline 0.004 -12"><span class='ocrx_word' id='word_1_469' title='bbox 1002 2020 1039 2044; x_wconf 89' lang='lat' dir='ltr'>tu</span> <span class='ocrx_word' id='word_1_470' title='bbox 1054 2013 1183 2050; x_wconf 76' lang='lat' dir='ltr'>laetiore,</span> <span class='ocrx_word' id='word_1_471' title='bbox 1199 2015 1264 2045; x_wconf 85' lang='lat' dir='ltr'>sive</span> <span class='ocrx_word' id='word_1_472' title='bbox 1278 2013 1319 2044; x_wconf 86' lang='lat' dir='ltr'>de</span> <span class='ocrx_word' id='word_1_473' title='bbox 1334 2014 1415 2051; x_wconf 74' lang='lat' dir='ltr'>laeta,</span> <span class='ocrx_word' id='word_1_474' title='bbox 1431 2024 1495 2055; x_wconf 81' lang='lat' dir='ltr'>qua</span> <span class='ocrx_word' id='word_1_475' title='bbox 1509 2014 1619 2045; x_wconf 80' lang='lat' dir='ltr'>victori</span> <span class='ocrx_word' id='word_1_476' title='bbox 1638 2014 1671 2044; x_wconf 83' lang='lat' dir='ltr'>in</span> <span class='ocrx_word' id='word_1_477' title='bbox 1693 2014 1772 2046; x_wconf 88' lang='lat' dir='ltr'>ludo</span> 
     </span>
     <span class='ocr_line' id='line_1_76' title="bbox 1002 2057 1767 2098; baseline 0.003 -11"><span class='ocrx_word' id='word_1_478' title='bbox 1002 2057 1117 2097; x_wconf 86' lang='lat' dir='ltr'>puerili</span> <span class='ocrx_word' id='word_1_479' title='bbox 1144 2057 1251 2096; x_wconf 84' lang='lat' dir='ltr'>palma</span> <span class='ocrx_word' id='word_1_480' title='bbox 1285 2057 1494 2098; x_wconf 77' lang='lat' dir='ltr'>adjudicatur,</span> <span class='ocrx_word' id='word_1_481' title='bbox 1516 2057 1767 2089; x_wconf 68' lang='lat' dir='ltr'>acclamatione.</span> 
     </span>
     <span class='ocr_line' id='line_1_77' title="bbox 1000 2101 1770 2142; baseline 0 -11"><span class='ocrx_word' id='word_1_482' title='bbox 1000 2118 1044 2124; x_wconf 92' lang='lat'>—</span> <span class='ocrx_word' id='word_1_483' title='bbox 1056 2101 1103 2132; x_wconf 87' lang='lat' dir='ltr'>Et</span> <span class='ocrx_word' id='word_1_484' title='bbox 1131 2102 1271 2132; x_wconf 77' lang='lat' dir='ltr'>maribus</span> <span class='ocrx_word' id='word_1_485' title='bbox 1302 2103 1376 2133; x_wconf 84' lang='lat' dir='ltr'>Cur.</span> <span class='ocrx_word' id='word_1_486' title='bbox 1409 2108 1439 2133; x_wconf 81' lang='lat' dir='ltr'>et</span> <span class='ocrx_word' id='word_1_487' title='bbox 1464 2103 1532 2133; x_wconf 80' lang='lat' dir='ltr'>dec.</span> <span class='ocrx_word' id='word_1_488' title='bbox 1566 2104 1668 2138; x_wconf 66' lang='lat' dir='ltr'>Cam„</span> <span class='ocrx_word' id='word_1_489' title='bbox 1706 2111 1770 2142; x_wconf 80' lang='lat' dir='ltr'>qua</span> 
     </span>
     <span class='ocr_line' id='line_1_78' title="bbox 1001 2144 1768 2186; baseline -0.001 -11"><span class='ocrx_word' id='word_1_490' title='bbox 1001 2144 1158 2175; x_wconf 81' lang='lat' dir='ltr'>cantilena</span> <span class='ocrx_word' id='word_1_491' title='bbox 1182 2145 1300 2176; x_wconf 90' lang='lat' dir='ltr'>Curius</span> <span class='ocrx_word' id='word_1_492' title='bbox 1322 2155 1448 2186; x_wconf 87' lang='lat' dir='ltr'>quoque</span> <span class='ocrx_word' id='word_1_493' title='bbox 1470 2150 1502 2175; x_wconf 82' lang='lat' dir='ltr'>et</span> <span class='ocrx_word' id='word_1_494' title='bbox 1527 2144 1685 2175; x_wconf 70' lang='lat' dir='ltr'>Camillus·</span> <span class='ocrx_word' id='word_1_495' title='bbox 1702 2154 1768 2175; x_wconf 88' lang='lat' dir='ltr'>non</span> 
     </span>
     <span class='ocr_line' id='line_1_79' title="bbox 1001 2187 1767 2230; baseline 0.001 -12"><span class='ocrx_word' id='word_1_496' title='bbox 1001 2194 1093 2218; x_wconf 86' lang='lat' dir='ltr'>aetate</span> <span class='ocrx_word' id='word_1_497' title='bbox 1120 2193 1247 2219; x_wconf 81' lang='lat' dir='ltr'>tantum</span> <span class='ocrx_word' id='word_1_498' title='bbox 1272 2188 1396 2227; x_wconf 88' lang='lat' dir='ltr'>puerili,</span> <span class='ocrx_word' id='word_1_499' title='bbox 1427 2188 1482 2219; x_wconf 81' lang='lat' dir='ltr'>sed</span> <span class='ocrx_word' id='word_1_500' title='bbox 1511 2188 1606 2218; x_wconf 83' lang='lat' dir='ltr'>etiam</span> <span class='ocrx_word' id='word_1_501' title='bbox 1635 2187 1767 2230; x_wconf 80' lang='lat' dir='ltr'>(mares)</span> 
     </span>
     <span class='ocr_line' id='line_1_80' title="bbox 1001 2230 1767 2270; baseline 0 -9"><span class='ocrx_word' id='word_1_502' title='bbox 1001 2237 1092 2262; x_wconf 72' lang='lat' dir='ltr'>aetate</span> <span class='ocrx_word' id='word_1_503' title='bbox 1105 2230 1189 2262; x_wconf 85' lang='lat' dir='ltr'>virili</span> <span class='ocrx_word' id='word_1_504' title='bbox 1202 2231 1252 2262; x_wconf 87' lang='lat' dir='ltr'>usi</span> <span class='ocrx_word' id='word_1_505' title='bbox 1265 2238 1350 2268; x_wconf 82' lang='lat' dir='ltr'>sunt,</span> <span class='ocrx_word' id='word_1_506' title='bbox 1374 2241 1440 2262; x_wconf 89' lang='lat' dir='ltr'>non</span> <span class='ocrx_word' id='word_1_507' title='bbox 1464 2230 1588 2262; x_wconf 79' lang='lat' dir='ltr'>divitias</span> <span class='ocrx_word' id='word_1_508' title='bbox 1606 2230 1767 2270; x_wconf 86' lang='lat' dir='ltr'>possiden-</span> 
     </span>
     <span class='ocr_line' id='line_1_81' title="bbox 1000 2274 1764 2324; baseline 0.001 -19"><span class='ocrx_word' id='word_1_509' title='bbox 1000 2275 1094 2313; x_wconf 81' lang='lat' dir='ltr'>tibus,</span> <span class='ocrx_word' id='word_1_510' title='bbox 1117 2274 1174 2306; x_wconf 86' lang='lat' dir='ltr'>sed</span> <span class='ocrx_word' id='word_1_511' title='bbox 1197 2281 1280 2307; x_wconf 80' lang='lat' dir='ltr'>recte</span> <span class='ocrx_word' id='word_1_512' title='bbox 1293 2276 1489 2324; x_wconf 73' lang='lat' dir='ltr'>facientibus</span> <span class='ocrx_word' id='word_1_513' title='bbox 1517 2274 1764 2314; x_wconf 75' lang='lat' dir='ltr'>applaudente83</span> 
     </span>
     <span class='ocr_line' id='line_1_82' title="bbox 999 2317 1766 2401; baseline 0 -9"><span class='ocrx_word' id='word_1_514' title='bbox 999 2328 1232 2392; x_wconf 52' lang='grc' dir='ltr'>Ξιέαῖῗῶὲᾝ</span> <span class='ocrx_word' id='word_1_515' title='bbox 1246 2317 1664 2401; x_wconf 52' lang='grc' dir='ltr'>(ἱῗηῗῗῗὲἒὲῆέἷῗὲῗᾙ</span> <span class='ocrx_word' id='word_1_516' title='bbox 1682 2327 1766 2392; x_wconf 62' lang='lat'>“1232</span> 
     </span>
     <span class='ocr_line' id='line_1_83' title="bbox 999 2371 1766 2440; baseline -0.003 -4"><span class='ocrx_word' id='word_1_517' title='bbox 999 2403 1075 2436; x_wconf 74' lang='lat'>402.</span> <span class='ocrx_word' id='word_1_518' title='bbox 1093 2416 1196 2437; x_wconf 81' lang='lat' dir='ltr'>mares</span> <span class='ocrx_word' id='word_1_519' title='bbox 1216 2406 1325 2440; x_wconf 78' lang='lat' dir='ltr'>animi,</span> <span class='ocrx_word' id='word_1_520' title='bbox 1349 2404 1471 2435; x_wconf 73' lang='lat' dir='ltr'>fortiter</span> <span class='ocrx_word' id='word_1_521' title='bbox 1490 2411 1523 2435; x_wconf 83' lang='lat' dir='ltr'>et</span> <span class='ocrx_word' id='word_1_522' title='bbox 1525 2371 1675 2435; x_wconf 75' lang='lat' dir='ltr'>pviriliter</span> <span class='ocrx_word' id='word_1_523' title='bbox 1692 2414 1766 2435; x_wconf 80' lang='lat' dir='ltr'>sen·</span> 
     </span>
     <span class='ocr_line' id='line_1_84' title="bbox 998 2447 1761 2488; baseline 0 -9"><span class='ocrx_word' id='word_1_524' title='bbox 998 2448 1132 2486; x_wconf 82' lang='lat' dir='ltr'>tientes;</span> <span class='ocrx_word' id='word_1_525' title='bbox 1147 2448 1240 2478; x_wconf 86' lang='lat' dir='ltr'>——de</span> <span class='ocrx_word' id='word_1_526' title='bbox 1266 2448 1365 2479; x_wconf 89' lang='lat' dir='ltr'>Curio</span> <span class='ocrx_word' id='word_1_527' title='bbox 1389 2447 1456 2479; x_wconf 89' lang='lat' dir='ltr'>Cic.</span> <span class='ocrx_word' id='word_1_528' title='bbox 1480 2447 1520 2478; x_wconf 79' lang='lat' dir='ltr'>de</span> <span class='ocrx_word' id='word_1_529' title='bbox 1545 2448 1667 2479; x_wconf 77' lang='lat' dir='ltr'>Seneet.</span> <span class='ocrx_word' id='word_1_530' title='bbox 1692 2458 1761 2488; x_wconf 87' lang='lat' dir='ltr'>cap.</span> 
     </span>
     <span class='ocr_line' id='line_1_85' title="bbox 1000 2491 1766 2534; baseline 0.003 -12"><span class='ocrx_word' id='word_1_531' title='bbox 1000 2491 1051 2523; x_wconf 88' lang='lat'>16.</span> <span class='ocrx_word' id='word_1_532' title='bbox 1101 2494 1193 2525; x_wconf 82' lang='lat' dir='ltr'>Curio</span> <span class='ocrx_word' id='word_1_533' title='bbox 1208 2492 1369 2534; x_wconf 77' lang='lat' dir='ltr'>adfocum</span> <span class='ocrx_word' id='word_1_534' title='bbox 1384 2492 1499 2522; x_wconf 76' lang='lat' dir='ltr'>sedenti</span> <span class='ocrx_word' id='word_1_535' title='bbox 1511 2502 1668 2532; x_wconf 71' lang='lat' dir='ltr'>magnum</span> <span class='ocrx_word' id='word_1_536' title='bbox 1690 2494 1766 2524; x_wconf 80' lang='lat' dir='ltr'>auri</span> 
     </span>
     <span class='ocr_line' id='line_1_86' title="bbox 992 2536 1766 2576; baseline 0 -9"><span class='ocrx_word' id='word_1_537' title='bbox 992 2538 1118 2576; x_wconf 75' lang='lat' dir='ltr'>pondus</span> <span class='ocrx_word' id='word_1_538' title='bbox 1133 2537 1287 2567; x_wconf 75' lang='lat' dir='ltr'>Samnites</span> <span class='ocrx_word' id='word_1_539' title='bbox 1308 2546 1382 2566; x_wconf 83' lang='lat' dir='ltr'>cum</span> <span class='ocrx_word' id='word_1_540' title='bbox 1404 2536 1588 2572; x_wconf 78' lang='lat' dir='ltr'>attulissent,</span> <span class='ocrx_word' id='word_1_541' title='bbox 1610 2537 1766 2575; x_wconf 76' lang='lat' dir='ltr'>repudiati</span> 
     </span>
     <span class='ocr_line' id='line_1_87' title="bbox 997 2580 1766 2619; baseline 0 -9"><span class='ocrx_word' id='word_1_542' title='bbox 997 2581 1034 2610; x_wconf 84' lang='lat' dir='ltr'>ab</span> <span class='ocrx_word' id='word_1_543' title='bbox 1049 2591 1082 2611; x_wconf 90' lang='lat' dir='ltr'>eo</span> <span class='ocrx_word' id='word_1_544' title='bbox 1096 2585 1172 2611; x_wconf 81' lang='lat' dir='ltr'>sunt</span> <span class='ocrx_word' id='word_1_545' title='bbox 1179 2594 1192 2616; x_wconf 89' lang='lat'>,·</span> <span class='ocrx_word' id='word_1_546' title='bbox 1214 2590 1279 2610; x_wconf 81' lang='lat' dir='ltr'>non</span> <span class='ocrx_word' id='word_1_547' title='bbox 1301 2580 1385 2609; x_wconf 76' lang='lat' dir='ltr'>enim</span> <span class='ocrx_word' id='word_1_548' title='bbox 1409 2589 1528 2610; x_wconf 83' lang='lat' dir='ltr'>aurum</span> <span class='ocrx_word' id='word_1_549' title='bbox 1553 2580 1661 2610; x_wconf 72' lang='lat' dir='ltr'>habere</span> <span class='ocrx_word' id='word_1_550' title='bbox 1677 2589 1766 2619; x_wconf 65' lang='grc' dir='ltr'>μνω-</span> 
     </span>
     <span class='ocr_line' id='line_1_88' title="bbox 997 2623 1762 2663; baseline 0 -9"><span class='ocrx_word' id='word_1_551' title='bbox 997 2625 1118 2654; x_wconf 81' lang='lat' dir='ltr'>clarum</span> <span class='ocrx_word' id='word_1_552' title='bbox 1133 2623 1189 2654; x_wconf 79' lang='lat' dir='ltr'>sibi</span> <span class='ocrx_word' id='word_1_553' title='bbox 1202 2623 1297 2654; x_wconf 72' lang='lat' dir='ltr'>videri</span> <span class='ocrx_word' id='word_1_554' title='bbox 1311 2623 1393 2658; x_wconf 70' lang='lat' dir='ltr'>‹ziz-it,</span> <span class='ocrx_word' id='word_1_555' title='bbox 1410 2624 1461 2653; x_wconf 81' lang='lat' dir='ltr'>sed</span> <span class='ocrx_word' id='word_1_556' title='bbox 1475 2623 1523 2656; x_wconf 76' lang='lat' dir='ltr'>iis,</span> <span class='ocrx_word' id='word_1_557' title='bbox 1540 2624 1594 2663; x_wconf 84' lang='lat' dir='ltr'>qui</span> <span class='ocrx_word' id='word_1_558' title='bbox 1615 2623 1762 2654; x_wconf 74' lang='lat' dir='ltr'>haberent</span> 
     </span>
     <span class='ocr_line' id='line_1_89' title="bbox 996 2664 1765 2706; baseline 0 -9"><span class='ocrx_word' id='word_1_559' title='bbox 996 2678 1123 2703; x_wconf 80' lang='lat' dir='ltr'>aurum,</span> <span class='ocrx_word' id='word_1_560' title='bbox 1152 2667 1313 2706; x_wconf 82' lang='lat' dir='ltr'>imperare.</span> <span class='ocrx_word' id='word_1_561' title='bbox 1329 2682 1373 2691; x_wconf 90' lang='lat'>--</span> <span class='ocrx_word' id='word_1_562' title='bbox 1387 2664 1429 2695; x_wconf 83' lang='lat' dir='ltr'>de</span> <span class='ocrx_word' id='word_1_563' title='bbox 1455 2666 1548 2697; x_wconf 82' lang='lat' dir='ltr'>rebus</span> <span class='ocrx_word' id='word_1_564' title='bbox 1577 2676 1596 2696; x_wconf 85' lang='lat' dir='ltr'>a</span> <span class='ocrx_word' id='word_1_565' title='bbox 1626 2665 1765 2698; x_wconf 80' lang='lat' dir='ltr'>Camillo</span> 
     </span>
     <span class='ocr_line' id='line_1_90' title="bbox 995 2706 1481 2751; baseline -0.006 -10"><span class='ocrx_word' id='word_1_566' title='bbox 995 2709 1091 2751; x_wconf 71' lang='lat' dir='ltr'>gestis</span> <span class='ocrx_word' id='word_1_567' title='bbox 1105 2708 1167 2739; x_wconf 87' lang='lat' dir='ltr'>vid.</span> <span class='ocrx_word' id='word_1_568' title='bbox 1187 2709 1259 2739; x_wconf 88' lang='lat' dir='ltr'>Liv.</span> <span class='ocrx_word' id='word_1_569' title='bbox 1281 2709 1322 2739; x_wconf 90' lang='lat' dir='ltr'>V.</span> <span class='ocrx_word' id='word_1_570' title='bbox 1340 2706 1385 2738; x_wconf 80' lang='lat'>44</span> <span class='ocrx_word' id='word_1_571' title='bbox 1399 2718 1481 2750; x_wconf 87' lang='lat' dir='ltr'>seqq.</span> 
     </span>
    </p>

    <p class='ocr_par' dir='ltr' id='par_1_18' title="bbox 993 2751 1761 3055">
     <span class='ocr_line' id='line_1_91' title="bbox 1038 2751 1761 2784; baseline 0.003 -2"><span class='ocrx_word' id='word_1_572' title='bbox 1038 2764 1066 2784; x_wconf 93' lang='lat' dir='ltr'>v.</span> <span class='ocrx_word' id='word_1_573' title='bbox 1092 2751 1231 2783; x_wconf 85' lang='lat'>65—69.</span> <span class='ocrx_word' id='word_1_574' title='bbox 1253 2754 1330 2784; x_wconf 79' lang='lat' dir='ltr'>Isne</span> <span class='ocrx_word' id='word_1_575' title='bbox 1344 2753 1397 2783; x_wconf 80' lang='lat' dir='ltr'>tibi</span> <span class='ocrx_word' id='word_1_576' title='bbox 1412 2759 1483 2783; x_wconf 83' lang='lat' dir='ltr'>cett.</span> <span class='ocrx_word' id='word_1_577' title='bbox 1511 2752 1647 2783; x_wconf 85' lang='lat' dir='ltr'>Sensus:</span> <span class='ocrx_word' id='word_1_578' title='bbox 1687 2753 1761 2784; x_wconf 80' lang='lat' dir='ltr'>Me-</span> 
     </span>
     <span class='ocr_line' id='line_1_92' title="bbox 994 2795 1761 2837; baseline 0.001 -11"><span class='ocrx_word' id='word_1_579' title='bbox 994 2795 1098 2827; x_wconf 88' lang='lat' dir='ltr'>liusne</span> <span class='ocrx_word' id='word_1_580' title='bbox 1111 2795 1223 2827; x_wconf 84' lang='lat' dir='ltr'>suadet</span> <span class='ocrx_word' id='word_1_581' title='bbox 1236 2797 1290 2827; x_wconf 88' lang='lat' dir='ltr'>tibi</span> <span class='ocrx_word' id='word_1_582' title='bbox 1305 2795 1342 2833; x_wconf 86' lang='lat' dir='ltr'>is,</span> <span class='ocrx_word' id='word_1_583' title='bbox 1358 2795 1413 2836; x_wconf 90' lang='lat' dir='ltr'>qui</span> <span class='ocrx_word' id='word_1_584' title='bbox 1426 2796 1482 2827; x_wconf 81' lang='lat' dir='ltr'>tibi</span> <span class='ocrx_word' id='word_1_585' title='bbox 1497 2796 1616 2831; x_wconf 83' lang='lat' dir='ltr'>suadet,</span> <span class='ocrx_word' id='word_1_586' title='bbox 1633 2803 1671 2827; x_wconf 79' lang='lat' dir='ltr'>ut</span> <span class='ocrx_word' id='word_1_587' title='bbox 1685 2806 1761 2837; x_wconf 82' lang='lat' dir='ltr'>opes</span> 
     </span>
     <span class='ocr_line' id='line_1_93' title="bbox 994 2839 1760 2881; baseline 0 -11"><span class='ocrx_word' id='word_1_588' title='bbox 994 2839 1134 2881; x_wconf 85' lang='lat' dir='ltr'>colligas,</span> <span class='ocrx_word' id='word_1_589' title='bbox 1149 2845 1205 2870; x_wconf 83' lang='lat' dir='ltr'>aut</span> <span class='ocrx_word' id='word_1_590' title='bbox 1218 2840 1302 2869; x_wconf 90' lang='lat' dir='ltr'>bono</span> <span class='ocrx_word' id='word_1_591' title='bbox 1316 2839 1420 2873; x_wconf 87' lang='lat' dir='ltr'>modo,</span> <span class='ocrx_word' id='word_1_592' title='bbox 1436 2847 1503 2877; x_wconf 84' lang='lat' dir='ltr'>aut,</span> <span class='ocrx_word' id='word_1_593' title='bbox 1519 2841 1544 2870; x_wconf 91' lang='lat' dir='ltr'>si</span> <span class='ocrx_word' id='word_1_594' title='bbox 1558 2841 1642 2871; x_wconf 88' lang='lat' dir='ltr'>bono</span> <span class='ocrx_word' id='word_1_595' title='bbox 1661 2839 1760 2870; x_wconf 89' lang='lat' dir='ltr'>modo</span> 
     </span>
     <span class='ocr_line' id='line_1_94' title="bbox 995 2882 1758 2924; baseline 0.001 -11"><span class='ocrx_word' id='word_1_596' title='bbox 995 2882 1062 2914; x_wconf 86' lang='lat' dir='ltr'>fieri</span> <span class='ocrx_word' id='word_1_597' title='bbox 1077 2893 1140 2914; x_wconf 88' lang='lat' dir='ltr'>non</span> <span class='ocrx_word' id='word_1_598' title='bbox 1155 2882 1260 2922; x_wconf 84' lang='lat' dir='ltr'>possit,</span> <span class='ocrx_word' id='word_1_599' title='bbox 1284 2892 1474 2924; x_wconf 89' lang='lat' dir='ltr'>quocunque</span> <span class='ocrx_word' id='word_1_600' title='bbox 1498 2883 1628 2914; x_wconf 89' lang='lat' dir='ltr'>demum</span> <span class='ocrx_word' id='word_1_601' title='bbox 1651 2882 1758 2921; x_wconf 85' lang='lat' dir='ltr'>modo,</span> 
     </span>
     <span class='ocr_line' id='line_1_95' title="bbox 994 2926 1759 2968; baseline 0.001 -11"><span class='ocrx_word' id='word_1_602' title='bbox 994 2926 1094 2957; x_wconf 88' lang='lat' dir='ltr'>donec</span> <span class='ocrx_word' id='word_1_603' title='bbox 1109 2932 1232 2958; x_wconf 78' lang='lat' dir='ltr'>tantum</span> <span class='ocrx_word' id='word_1_604' title='bbox 1248 2926 1424 2957; x_wconf 78' lang='lat' dir='ltr'>divitiarum</span> <span class='ocrx_word' id='word_1_605' title='bbox 1449 2926 1503 2957; x_wconf 83' lang='lat' dir='ltr'>tibi</span> <span class='ocrx_word' id='word_1_606' title='bbox 1525 2926 1698 2968; x_wconf 73' lang='lat' dir='ltr'>collegeriS,</span> <span class='ocrx_word' id='word_1_607' title='bbox 1721 2933 1759 2958; x_wconf 83' lang='lat' dir='ltr'>ut</span> 
     </span>
     <span class='ocr_line' id='line_1_96' title="bbox 994 2969 1759 3011; baseline 0.001 -11"><span class='ocrx_word' id='word_1_608' title='bbox 994 2970 1049 3000; x_wconf 86' lang='lat' dir='ltr'>tibi</span> <span class='ocrx_word' id='word_1_609' title='bbox 1066 2969 1178 3011; x_wconf 85' lang='lat' dir='ltr'>Equiti</span> <span class='ocrx_word' id='word_1_610' title='bbox 1192 2969 1227 2999; x_wconf 86' lang='lat' dir='ltr'>in</span> <span class='ocrx_word' id='word_1_611' title='bbox 1241 2969 1315 3001; x_wconf 88' lang='lat' dir='ltr'>sede</span> <span class='ocrx_word' id='word_1_612' title='bbox 1337 2970 1480 3010; x_wconf 84' lang='lat' dir='ltr'>propiore</span> <span class='ocrx_word' id='word_1_613' title='bbox 1504 2978 1535 3002; x_wconf 87' lang='lat' dir='ltr'>et</span> <span class='ocrx_word' id='word_1_614' title='bbox 1561 2970 1759 3001; x_wconf 78' lang='lat' dir='ltr'>honoratiore</span> 
     </span>
     <span class='ocr_line' id='line_1_97' title="bbox 993 3012 1758 3055; baseline -0.001 -10"><span class='ocrx_word' id='word_1_615' title='bbox 993 3022 1129 3053; x_wconf 85' lang='lat' dir='ltr'>spectare</span> <span class='ocrx_word' id='word_1_616' title='bbox 1144 3013 1236 3044; x_wconf 82' lang='lat' dir='ltr'>liceat</span> <span class='ocrx_word' id='word_1_617' title='bbox 1253 3012 1348 3054; x_wconf 86' lang='lat' dir='ltr'>Pupii</span> <span class='ocrx_word' id='word_1_618' title='bbox 1365 3013 1552 3055; x_wconf 77' lang='lat' dir='ltr'>tragoedias?</span> <span class='ocrx_word' id='word_1_619' title='bbox 1579 3017 1633 3046; x_wconf 81' lang='lat' dir='ltr'>An</span> <span class='ocrx_word' id='word_1_620' title='bbox 1645 3013 1758 3045; x_wconf 83' lang='lat' dir='ltr'>melius</span> 
     </span>
    </p>
   </div>
  </div>
 </body>
</html>
