1904 3250
207 184 292 225 204

830 183 1136 228 HORATII

1583 195 1690 243 [Lm.
1713 207 1770 235 lv.

266 310 291 349 5
326 306 476 350 Monte
497 309 724 351 decurrens
746 308 859 350 velut
879 310 1026 361 amnis,
1049 311 1203 354 imbres

323 376 463 427 Quem
485 393 610 434 super
630 385 749 418 notas
771 377 912 419 aluere
932 378 1058 434 ripas,

322 447 473 489 Fervet
494 448 803 503 immensusque
825 447 908 489 ruit
927 447 1140 504 profundo

727 515 936 560 Pindarus
957 533 1030 560 ore
1046 535 1056 560 ι

319 588 486 630 Laurea
506 587 726 629 donandus
749 588 1000 644 Apollinari,

238 660 288 699 10
321 658 405 700 Seu
425 671 502 713 per
518 656 698 698 audaces
718 673 828 699 nova
848 658 1137 716 dithyrambos

318 726 460 767 Verba
479 725 676 777 devolvit,
699 728 967 784 numerisque
987 727 1120 771 fertur

729 799 846 857 Lege
867 799 1013 843 solutis
1030 818 1039 842 :

318 870 402 911 Seu
422 868 554 920 Deos,
577 883 749 926 regesve
770 870 893 921 canit,
917 869 1112 914 Deorum

318 940 587 998 Sanguinem,
608 955 686 997 per
706 956 811 998 quos
833 942 1021 984 cecidere
1036 944 1150 999 justa

232 1017 283 1056 15
316 1012 461 1055 Morte
484 1013 698 1065 Centauri,
721 1015 872 1056 cecidit
890 1016 1121 1058 tremendae

667 1082 857 1125 Flamma
879 1083 1129 1127 Chimaerae:

195 1194 226 1215 v·
242 1182 338 1215 5-8.
366 1184 476 1216 Monte
489 1185 655 1216 decurrens
669 1185 752 1215 velut
767 1185 870 1216 amnis
884 1190 957 1216 cett.

198 1227 407 1269 Ingeniorum
423 1227 556 1263 ubertas,
573 1226 622 1257 vel
644 1226 794 1258 orationis
815 1227 905 1266 copia
929 1235 961 1259 et

194 1270 387 1302 abundantia
415 1269 529 1310 passim
557 1269 684 1311 quidem
714 1281 788 1302 cum
816 1273 960 1314 flumine

195 1314 367 1355 comparari
386 1313 474 1351 solet,
492 1314 649 1356 (exempla
663 1320 728 1345 tam
743 1324 782 1344 ex
797 1313 865 1354 ipso
882 1314 960 1346 Pin-

196 1358 283 1396 daro,
309 1367 403 1400 quam
431 1368 470 1388 ex
493 1356 562 1388 aliis
582 1356 682 1397 poetis
710 1357 873 1398 depromta
893 1358 956 1390 vid.

194 1399 280 1442 apud
297 1400 438 1442 ΜίιεεΙι.)
461 1400 516 1432 sed
540 1401 693 1432 Horatius
714 1401 800 1432 haud
822 1402 961 1443 acquIes-

194 1456 268 1477 cens
282 1445 314 1476 in
330 1445 388 1476 hac
410 1444 532 1485 vulgari
553 1445 785 1484 comparatione
806 1445 960 1485 impetum

194 1489 297 1526 illum,
313 1499 376 1530 quo
399 1487 558 1519 Pindarus
578 1488 652 1526 ruit,
671 1488 721 1519 vel
742 1489 906 1520 verborum
921 1489 960 1520 il-

193 1533 298 1565 lorum
315 1542 353 1563 ex
369 1531 525 1572 profundo
540 1532 608 1573 ejus
622 1542 676 1563 ore
689 1533 959 1572 prorumpentium

195 1578 258 1608 vim
273 1583 306 1607 et
319 1575 440 1613 copiam
455 1577 565 1616 rapido
580 1578 710 1607 torrenti
732 1576 960 1617 aequiparat.—

193 1620 324 1661 Jungez
352 1621 512 1652 Pindarus
522 1621 639 1661 jeruel,
662 1621 894 1662 immensusque
908 1632 960 1652 ore

190 1664 346 1706 profundo
370 1664 447 1700 ruit,
474 1664 557 1694 velut
580 1664 691 1698 amnis,
720 1670 823 1695 monte
850 1666 960 1695 decur-

194 1719 277 1744 rens,
293 1718 380 1748 quem
397 1712 468 1737 cett.
547 1707 651 1748 serve!
668 1707 699 1737 h.
717 1717 745 1737 e.
762 1707 882 1738 fervore
902 1707 959 1738 illo

193 1758 226 1782 et
239 1758 327 1787 oestu,
343 1760 407 1791 quo
422 1755 520 1789 poetae
535 1749 647 1790 corripi
670 1757 702 1780 et
721 1750 831 1790 agitari
846 1750 957 1787 solent,

194 1794 388 1831 concitatum
419 1793 652 1824 accommodate
680 1792 719 1824 ad
745 1805 880 1829 amnem,
904 1794 960 1835 qui

194 1837 410 1869 vehementius
424 1843 602 1868 commotus
623 1837 747 1877 proprie
757 1838 885 1880 server-e
908 1838 958 1868 vel

192 1888 325 1914 «estuare
345 1880 481 1923 dicitur;
506 1881 580 1912 hinc
605 1880 675 1911 infr.
700 1880 762 1912 Sat.
780 1881 808 1911 1.
829 1880 877 1912 lO.
902 1880 955 1912 62.

192 1928 299 1968 rapido
310 1925 490 1967 ferventius
515 1925 605 1956 amni
633 1926 808 1965 Ingenium·
898 1927 956 1958 im·

195 1981 289 2002 mens.
304 1968 386 2010 prof.
404 1980 455 1999 ore
476 1970 553 2005 ruit,
574 1967 738 2006 Pindarus,
761 1968 812 1999 cui
835 1980 866 2000 os
884 1980 959 2011 pro-

187 2014 351 2057 fundum,
376 2011 474 2052 στῦμω
496 2012 590 2048 βαθὺ,
606 2012 637 2043 h,
654 2022 681 2042 e.
701 2023 746 2048 os,
762 2022 780 2042 e
794 2022 867 2053 quo,
890 2018 959 2044 tan-

193 2067 290 2099 quam
306 2067 323 2086 e
338 2056 424 2086 fonte
440 2055 607 2092 uberrimo,
624 2058 777 2087 immensa
792 2057 958 2087 verborum

193 2099 480 2139 sententiarumque
509 2098 637 2138 profluit
665 2100 763 2138 copia,
799 2099 957 2138 tribuitur,

192 2144 259 2185 ipse
273 2142 471 2184 exquisitiore
485 2142 623 2174 ratione:
649 2144 816 2174 immensus
827 2144 960 2187 ymffun-

195 2184 234 2225 do
258 2199 308 2218 ore
332 2197 424 2218 ruere
448 2185 579 2217 dicitur:
604 2188 679 2223 ruit,
706 2188 864 2223 exuberat,
889 2197 960 2228 pro-

193 2231 333 2271 rumpit;
349 2247 393 2255 —
407 2239 480 2260 cum
505 2229 635 2260 Pindari
656 2241 706 2261 ore
724 2232 881 2272 prqfimdo
907 2230 956 2262 Cl.

195 2277 319 2309 Mil-sch.
355 2279 514 2312 comparat
553 2272 673 2304 Cratini
715 2273 841 2315 Fragm.
875 2273 960 2314 apud

192 2318 285 2352 suid-
303 2327 332 2347 v.
352 2315 578 2359 AwBsxixgovrov
593 2317 701 2355 στόμα.
719 2317 760 2348 cf.
777 2317 960 2349 Callimach-

197 2363 246 2400 Η.
265 2359 372 2402 Apoll.
395 2358 466 2390 106.
555 2361 664 2392 imbres
686 2371 778 2402 quem
799 2372 868 2402 sup.
889 2363 953 2392 alu.

195 2408 254 2448 rip.
272 2405 427 2447 ‹elegante
448 2402 597 2435 brevitate
618 2414 698 2444 pro:
724 2403 790 2444 qui,
813 2414 877 2435 non
907 2414 958 2435 ca-

195 2450 292 2490 piens,
307 2448 421 2490 quibus
442 2457 498 2486 per
519 2447 632 2479 imbres
654 2454 765 2478 auctus
779 2454 836 2486 est,
850 2458 957 2489 aquas,

195 2502 288 2534 super
302 2491 424 2525 alveum
440 2490 487 2520 vel
497 2489 599 2531 justas
612 2490 694 2531 ripas
709 2490 890 2522 effunditur.

238 2548 268 2568 v.
286 2532 403 2567 9—24.
427 2535 529 2566 Laur.
554 2535 625 2565 (lon.
649 2536 751 2575 Apoll.
776 2541 848 2565 cett.
877 2534 953 2565 Pin-

195 2580 301 2618 darus,
329 2584 421 2620 poeta
449 2577 481 2607 in
506 2577 616 2618 quovis
641 2578 816 2608 carminum
841 2588 956 2618 genere

194 2634 348 2655 summus.
395 2621 447 2655 Ex
475 2619 543 2661 ipso
569 2627 675 2651 autem
697 2621 758 2651 hoc
783 2621 862 2658 loco,
885 2631 956 2662 qua-

194 2668 312 2699 suerint
334 2665 389 2699 illa
413 2664 587 2698 caminum
609 2674 733 2705 genera,
757 2664 790 2694 in
819 2674 952 2705 quorum

193 2722 320 2753 quoque
361 2707 517 2741 Pindarus
544 2707 734 2744 excelluerit,
770 2711 983 2748 cognoscere*

194 2754 286 2793 licet;
324 2752 479 2794 scripsisse
513 2761 625 2792 nempe
665 2750 757 2781 illum
795 2750 889 2781 refert
928 2750 957 2782 1.

194 2798 425 2840 Dithyrambos,
465 2793 497 2826 ⁴2.
515 2797 657 2831 Paeanas,
687 2805 711 2824 s-
748 2793 896 2834 Hymnos
925 2801 957 2826 et

196 2842 362 2878 Encomia,
393 2840 425 2872 3.
441 2839 586 2880 Epiaevicia
600 2849 624 2869 s.
642 2837 751 2869 laudes
767 2837 955 2869 Hieronica·-

192 2896 276 2923 rum,
298 2883 330 2916 4⁴.
346 2885 494 2926 Epicedia
509 2893 533 2913 s.
551 2883 676 2925 θρήνους,
693 2891 710 2912 e
725 2881 839 2922 quibus
853 2880 955 2911 omni-

193 2930 252 2959 bus
274 2930 422 2969 Epinicia
442 2933 566 2959 tantum
586 2931 708 2959 aetatem
737 2924 845 2956 tulisse
872 2934 953 2964 saepe

188 2971 256 3011 jam
278 2972 457 3008 doluerunt,
480 2979 662 3011 semperque
690 2967 841 3000 dolebunt
868 2974 950 2999 vete-

193 3025 263 3046 rum
279 3015 437 3047 literarum
454 3013 660 3046 aestimatores.
735 3013 839 3045 laurea
855 3013 950 3052 Apol-

1003 1185 1109 1221 linari,
1134 1184 1225 1225 (prot
1252 1184 1429 1226 Apollinea)
1451 1185 1519 1227 ipse
1543 1187 1658 1219 Noster
1686 1199 1770 1229 supr.

1005 1227 1077 1259 111.
1096 1227 1149 1259 30.
1171 1226 1222 1260 ll.
1245 1230 1398 1270 Delphica
1413 1231 1503 1267 lauro
1524 1241 1544 1262 a
1565 1230 1769 1272 Melpomene

1002 1271 1087 1313 cingi
1102 1271 1199 1311 cupit.
1267 1283 1325 1313 per
1339 1275 1475 1306 audaces
1488 1276 1599 1316 dithyr.
1614 1293 1657 1300 —
1668 1277 1769 1320 dithy-

1002 1317 1122 1347 rambos
1138 1315 1170 1345 in
1192 1315 1286 1346 sacris
1306 1316 1469 1348 Bacchicis
1489 1318 1627 1358 primum
1647 1319 1688 1351 ab
1708 1320 1769 1352 ho-

1003 1357 1151 1397 minibus,
1166 1358 1271 1390 furore
1285 1359 1418 1399 percitis,
1435 1360 1503 1392 fero
1516 1361 1653 1403 quodam
1671 1369 1767 1396 cantu

999 1401 1143 1443 jactatos,
1159 1409 1190 1433 et
1203 1402 1317 1434 deinde
1331 1414 1351 1435 a
1366 1403 1461 1440 Laso,
1479 1404 1608 1436 Pindari
1630 1416 1768 1447 praecep-

1002 1452 1079 1482 tore,
1102 1445 1241 1480 cultiore.
1258 1453 1295 1477 ut
1310 1446 1442 1485 videtur,
1459 1447 1570 1486 formu,
1586 1449 1620 1479 in
1642 1460 1768 1481 scenam

1001 1488 1195 1520 introductos
1215 1500 1289 1524 esse,
1313 1491 1386 1521 satis
1406 1490 1534 1532 quidem
1549 1498 1689 1532 constat3
1713 1493 1768 1526 sed

1003 1542 1076 1563 cum
1091 1532 1226 1573 perfecta
1239 1533 1506 1573 dithyramborum
1529 1536 1673 1576 exempla
1687 1543 1767 1568 tem·

1001 1586 1062 1616 pus
1083 1576 1173 1607 nobis
1194 1577 1348 1615 inviderit,
1365 1576 1405 1608 de
1418 1577 1568 1618 peculiari
1582 1589 1691 1611 eorum
1706 1590 1763 1611 na.

1003 1626 1073 1652 tura
1086 1626 1118 1651 et
1132 1620 1234 1651 forma
1247 1620 1326 1652 nihil
1341 1621 1417 1652 certi
1431 1621 1526 1653 statui
1539 1628 1650 1662 potest.
1679 1623 1768 1667 Reg-

1004 1674 1093 1695 nasse
1107 1663 1141 1694 in
1155 1664 1215 1694 hoc
1228 1664 1404 1695 carminum
1418 1675 1533 1706 genere
1543 1675 1612 1696 eam
1625 1664 1768 1706 inprimis

1001 1707 1158 1738 licentiam
1173 1713 1205 1738 et
1219 1707 1392 1745 audaciam,
1416 1714 1454 1739 ut
1473 1718 1584 1740 eorum
1599 1717 1708 1749 poetae.
1724 1710 1766 1743 li.

1001 1751 1106 1782 berius
1141 1750 1241 1781 furori
1281 1761 1340 1782 suo
1368 1750 1578 1793 indulgentes,
1609 1753 1695 1785 haud
1723 1754 1765 1786 ad

1002 1801 1156 1834 praecepta
1169 1794 1233 1832 illa,
1248 1805 1320 1836 quoe
1333 1793 1410 1826 alias
1423 1801 1586 1836 poetarum
1606 1795 1762 1841 impetum

1000 1845 1153 1875 coercent,
1183 1848 1217 1868 se
1246 1844 1496 1878 attemperat-ent,
1525 1838 1580 1870 sed
1616 1849 1765 1877 numeros

1001 1891 1058 1921 pro
1072 1881 1175 1912 lubitu
1197 1887 1365 1919 mutarent,
1382 1882 1471 1924 (hinc
1490 1884 1630 1916 numeris
1645 1882 1760 1926 fertur

1000 1926 1065 1966 lege
1078 1926 1202 1963 solutis)
1228 1931 1261 1957 et
1279 1926 1407 1957 abtuno
1435 1925 1591 1965 adalind
1616 1937 1764 1964 versuum

1002 1979 1103 2011 genus
1117 1967 1326 2008 transilirent3
1348 1968 1381 2000 id
1397 1979 1437 2000 ex
1450 1969 1510 2001 hoc
1524 1969 1591 2010 ipso
1604 1969 1675 2002 loeo
1694 1967 1766 2011 Ho-

1003 2012 1123 2043 ratiano
1151 2011 1298 2053 colligere
1325 2012 1408 2044 licet.
1471 2013 1546 2054 Ipse
1582 2013 1699 2053 Noster
1730 2015 1766 2046 in

1002 2055 1126 2086 duobus
1146 2055 1209 2086 illis
1230 2055 1420 2087 carminibus
1440 2055 1481 2088 ad
1500 2059 1664 2089 Bacchum
1677 2068 1762 2098 supr.

1005 2099 1055 2130 11.
1077 2098 1127 2130 19.
1147 2099 1220 2130 ΙΙΙ.
1245 2098 1298 2130 25.
1322 2099 1486 2140 concipere
1510 2100 1637 2142 quidem
1663 2100 1766 2142 dithy-

1002 2142 1131 2174 rambici
1160 2150 1260 2183 poetae
1282 2142 1427 2183 spiritum
1449 2149 1559 2181 tentat,
1591 2143 1644 2174 sed
1673 2146 1766 2176 ambo

1002 2186 1058 2217 illa
1078 2187 1217 2218 carmina
1246 2188 1285 2218 ab
1313 2193 1442 2218 externa
1462 2186 1678 2227 dithyrambici
1699 2197 1766 2219 car.

1003 2230 1099 2260 minis
1141 2229 1242 2261 forma
1285 2229 1380 2271 longe
1421 2228 1565 2260 recedere
1606 2229 1763 2263 videntur.

1006 2273 1154 2305 Ceterum
1183 2273 1224 2303 de
1251 2274 1451 2314 dithyrambis
1486 2274 1664 2305 Pindaricis
1699 2274 1764 2306 vid.

1005 2316 1072 2347 Cel.
1088 2318 1264 2348 Schneider-i
1285 2317 1415 2348 Ver-such
1430 2317 1504 2347 iiber
1521 2318 1659 2348 Pindon
1678 2319 1765 2351 leben

1000 2362 1069 2391 und
1083 2359 1232 2402 sclzrg'slen
1245 2369 1276 2398 p.
1293 2357 1346 2389 ΞΟ.
1415 2371 1491 2391 nova
1507 2362 1607 2399 verba,
1621 2361 1764 2404 intellige

1001 2413 1082 2434 nova
1116 2402 1339 2433 sententiarum
1376 2401 1508 2441 lumina,
1538 2413 1619 2436 nove
1647 2405 1765 2437 effictas

1000 2445 1260 2488 grandisonorum
1283 2447 1447 2476 verborum
1468 2446 1630 2484 formulas,
1650 2447 1711 2487 vel,
1726 2455 1765 2480 ut

1000 2499 1085 2529 supr.
1100 2489 1170 2520 111.
1186 2488 1239 2520 25.
1254 2487 1284 2520 7.
1306 2489 1421 2520 Noster
1433 2489 1591 2532 loquitur:
1616 2489 1762 2531 recentia,

1000 2534 1117 2566 indicta
1131 2534 1234 2564 adhuc
1248 2543 1299 2564 ore
1312 2535 1381 2564 alio.
1470 2535 1605 2573 devolvit,
1620 2535 1762 2575 apposite

999 2576 1039 2607 ad
1064 2575 1217 2611 torrentis,
1241 2586 1314 2607 cum
1336 2575 1456 2617 impetu
1477 2574 1592 2608 fluctus
1613 2588 1686 2608 suos
1707 2581 1760 2610 de-

998 2621 1148 2657 υοῖυεηιίε,
1164 2618 1345 2661 imaginem.
1437 2623 1497 2652 Seu
1521 2621 1613 2658 Deos,
1636 2633 1755 2663 regesve

997 2665 1093 2695 canit.
1111 2680 1152 2689 —
1165 2663 1196 2693 h.
1230 2673 1257 2694 c.
1294 2665 1436 2695 Paeanas.
1487 2663 1576 2695 Hinc
1606 2664 1691 2696 SerV.
1721 2666 1763 2697 nd

999 2706 1112 2748 virgil.
1128 2706 1204 2737 AEn.
1227 2705 1271 2737 X.
1290 2705 1364 2737 732.
1392 2709 1554 2740 Pindarus
1567 2719 1643 2748 opus
1655 2720 1760 2747 ntum,

998 2753 1077 2792 quod
1091 2755 1119 2781 et
1134 2751 1292 2781 hominum
1306 2757 1336 2782 et
1350 2753 1477 2782 deorum
1495 2752 1600 2782 laudes
1614 2755 1759 2791 continet,

999 2796 1136 2826 Paeanas
1150 2795 1275 2825 vocavit.
1306 2794 1372 2824 Sub
1387 2796 1543 2826 Paeaemum
1558 2794 1654 2836 igitur
1668 2791 1760 2827 titulo

997 2843 1062 2869 tam
1075 2838 1206 2878 hymnos
1224 2847 1319 2877 quam
1340 2839 1476 2869 encomia
1498 2838 1680 2878 complexus
1692 2838 1760 2871 esse

999 2880 1119 2911 videtur
1135 2879 1300 2911 Pindarus.
1369 2891 1464 2922 reges,
1476 2882 1618 2914 Deorum
1632 2885 1760 2925 sangui-

995 2935 1079 2961 nem,
1094 2923 1211 2954 heroes.
1296 2935 1354 2965 per
1375 2936 1449 2966 quos
1471 2930 1541 2956 cett.
1593 2927 1757 2963 Theseum,

995 2969 1171 2999 Pirithoum
1187 2974 1219 2998 et
1237 2969 1499 3009 Bellerophontem
1519 2974 1605 3010 puta,
1622 2979 1757 3010 quorum

994 3011 1110 3051 priores
1132 3021 1205 3042 cum
1229 3011 1338 3043 ceteris
1369 3012 1512 3053 Lapithis
1539 3011 1698 3054 Eurytum
1725 3019 1757 3045 et
