1806 3268
605 622 1249 682 PRAEFATIO.

139 1131 359 1187 Qumis
378 1134 422 1175 in
444 1133 624 1175 Horatio
643 1134 895 1190 explicando
915 1143 957 1176 et
977 1150 1002 1177 a
1021 1135 1289 1176 librariorum
1310 1136 1492 1190 peccatis
1513 1149 1700 1191 purgan-

141 1217 198 1260 do
216 1223 379 1258 tantum
399 1230 647 1273 unaquaque
677 1223 800 1257 aetate
830 1216 1013 1271 positum
1046 1224 1109 1257 est
1140 1215 1338 1266 studium,
1371 1224 1418 1257 ut
1448 1215 1519 1256 vix
1540 1231 1565 1256 a
1585 1215 1703 1256 novis

141 1301 436 1358 interpretibus
456 1301 540 1343 dici
560 1309 602 1342 et
621 1300 802 1343 conferri
822 1300 980 1357 aliquid
1001 1311 1125 1356 posse
1144 1308 1281 1356 putes,
1304 1300 1419 1357 quod
1440 1315 1526 1342 non
1547 1299 1716 1358 dictum,

136 1393 183 1427 et
201 1384 399 1426 collatum
419 1384 473 1426 sit
501 1384 631 1440 prius,
667 1399 747 1425 nec
781 1383 1049 1425 librariorum
1082 1383 1228 1424 vitium
1258 1382 1429 1440 aliquod
1460 1383 1503 1424 in
1536 1381 1706 1424 Horatii

140 1476 273 1520 textu,
295 1483 419 1525 quem
448 1475 613 1518 vocant,
649 1466 841 1525 indagari
873 1475 916 1508 et
947 1465 1039 1507 tolli
1070 1480 1195 1522 posse
1216 1465 1377 1518 credas,
1400 1465 1516 1522 quod
1537 1481 1623 1507 non
1645 1467 1707 1507 in-

137 1550 341 1609 dagatum
359 1558 402 1592 et
421 1549 632 1592 sublatum
659 1550 750 1605 jam
771 1549 825 1589 sit
843 1548 898 1589 ab
918 1546 1037 1596 aliis3
1069 1554 1209 1588 tamen
1229 1555 1375 1588 nostra
1394 1561 1563 1604 quoque
1584 1555 1707 1588 aetate

132 1629 317 1672 >extitere
337 1629 430 1670 Viri
448 1628 576 1679 docti,
598 1628 671 1685 qui
690 1642 843 1670 novam
862 1627 1000 1669 lucem
1023 1625 1205 1668 Horatio
1225 1626 1503 1677 affimdeoent,
1525 1642 1617 1677 nec,
1635 1627 1706 1683 qui

60 1731 64 1737 >
139 1728 251 1756 nova
282 1722 326 1756 et
356 1712 528 1755 meliora
562 1711 750 1763 afferant,
786 1711 962 1767 posthac
995 1711 1184 1759 deerunt.
1249 1711 1418 1754 Scilicet
1446 1711 1552 1753 alius
1582 1710 1705 1760 hanc,

138 1800 259 1860 alius*
277 1800 403 1842 aliam
436 1801 481 1841 in
515 1799 680 1841 edendo
718 1798 899 1840 Horatio
931 1799 1136 1840 rationem
1172 1805 1338 1839 secutus
1372 1805 1460 1847 est3
1502 1797 1622 1847 alius,
1661 1806 1706 1838 ut

81 1884 86 1887 ’
144 1885 389 1936 Lambinus,
426 1885 690 1935 Torrentius,
730 1885 978 1926 Sanadonus
1010 1892 1107 1927 cett.
1139 1899 1308 1926 omnem
1339 1898 1462 1940 paene
1493 1884 1538 1924 in
1567 1892 1704 1939 poetae

143 1969 357 2010 sententiis
376 1968 547 2010 uberius
568 1968 842 2024 exponendis,
871 1965 1143 2019 illustrandis,
1173 1983 1270 2010 cum
1291 1967 1495 2009 similibus
1516 1975 1704 2008 veterum

143 2055 396 2110 scriptorum
415 2054 517 2095 locis
538 2053 840 2110 componendis
860 2053 927 2095 vel
955 2069 1011 2095 ex
1031 2053 1206 2094 historia
1229 2052 1454 2094 dilucidius
1473 2050 1704 2108 explanan-

141 2136 207 2178 dis
226 2135 448 2178 eollocavit
467 2150 662 2191 operam3
698 2135 818 2185 aliuS,
849 2143 895 2176 ut
929 2135 1159 2185 Bentleius‚
1196 2134 1515 2192 Cumnganiius,
1540 2134 1703 2175 Wake-

130 2222 306 2264 fieldius
326 2229 422 2264 cett.
442 2222 565 2263 unice
585 2222 628 2262 in
647 2229 774 2276 poeta
802 2221 857 2262 ad
886 2229 1019 2262 artem
1053 2220 1240 2262 criticam
1270 2220 1482 2278 exigendo
1515 2230 1701 2261 versatus

140 2314 227 2356 est3
251 2305 376 2356 falius,
398 2313 445 2347 ut
462 2304 550 2346 fere
573 2304 802 2355 Goenerus,
834 2312 1059 2361 utrumque
1084 2306 1142 2346 ita
1171 2305 1401 2360 conjunxit,
1437 2312 1483 2345 ut
1512 2319 1590 2345 nec
1611 2312 1701 2345 tex-

138 2391 200 2433 tui
220 2389 275 2432 ad
293 2405 485 2431 normam
504 2389 690 2431 criticam
709 2389 1003 2439 examinando,
1034 2404 1112 2430 nec
1134 2389 1347 2431 sententiis
1368 2389 1701 2445 impeditioribus

140 2476 412 2534 expediendis
432 2476 606 2518 deesset.
669 2475 811 2525 Quam
830 2476 1001 2532 quidem
1030 2477 1236 2517 rationem
1264 2476 1553 2531 posteriorem,
1586 2474 1701 2515 haud

139 2563 266 2605 dubie
286 2558 559 2611 u‘fflissimam‚
581 2561 730 2602 dextre
750 2576 918 2618 quoque
933 2562 977 2602 in
997 2561 1122 2602 editis
1138 2561 1318 2603 odarum
1337 2561 1455 2603 libris
1476 2561 1566 2601 iniit
1587 2560 1697 2611 Jani,

137 2646 378 2702 nuperrime
412 2652 551 2686 autem
585 2645 628 2686 in
664 2622 928 2685 communem
966 2643 1135 2685 Horatii
1169 2644 1374 2686 lectorum
1408 2643 1586 2700 gratiam
1620 2642 1697 2684 Vir

139 2728 471 2778 Eruditissimus,
504 2726 875 2769 Mitscherlichius.
939 2727 1024 2769 Sed
1054 2742 1150 2769 cum
1182 2727 1279 2769 Jani
1302 2726 1444 2768 Editio
1466 2724 1585 2767 Odas
1603 2731 1696 2766 tan-

137 2817 230 2850 tum
248 2809 292 2849 in
312 2807 477 2849 duobus
497 2807 620 2848 tomis
650 2808 965 2864 complectatur,
999 2823 1049 2849 ea
1080 2815 1233 2858 autem,
1268 2808 1310 2847 in
1332 2821 1414 2861 qua
1433 2804 1696 2863 profliganda

140 2894 417 2936 cummaxime
436 2901 664 2949 occupatur
684 2902 803 2936 vetus
831 2909 950 2937 meus
983 2894 1137 2936 sodalis
1170 2902 1210 2935 et
1243 2892 1399 2933 amicus
1437 2890 1694 2940 Mitscherli-

886 2972 904 2991 a
925 2961 947 2992 3
