1904 3250
230 205 317 245 380

865 201 1174 247 HORATII

1622 212 1731 260 [Lm.
1754 222 1804 250 11.

348 329 420 372 Ad
440 345 560 371 casus
581 330 733 371 dubios
754 328 858 370 fidet
879 329 959 370 sibi
979 328 1165 371 certius?
1199 329 1282 381 hic,
1304 332 1376 388 qui

348 398 546 441 Pluribus
566 398 745 440 assuerit
763 405 948 439 mentem
968 409 1206 454 corpusque
1226 400 1489 455 superbum?

234 470 313 509 110
345 469 416 510 An
437 469 521 525 qui,
544 475 765 509 contentus
784 482 917 523 parvo
937 475 1212 524 metuensque
1230 468 1375 521 futuri,

346 538 398 579 In
417 552 535 593 pace,
558 544 605 578 ut
625 536 805 592 sapiens,
828 535 984 592 aptfirit
1002 536 1158 579 idonea
1176 536 1290 579 bello
1303 537 1324 580 Ρ

347 609 447 658 Quo
466 610 600 666 magis
621 609 687 651 his
709 609 869 661 credas,
891 625 999 666 puer
1019 609 1134 652 hunc
1154 625 1234 668 ego
1253 625 1409 666 parvus
1430 611 1618 656 Ofellum

346 681 528 738 Integris
550 681 701 737 opibus
722 682 821 724 novi
841 697 928 724 non
947 682 1075 725 latius
1093 697 1232 734 usum,

347 748 490 798 Quam
509 765 622 792 nunc
643 751 802 793 accisis.

864 750 1021 793 Videas
1041 758 1198 793 metato
1218 752 1262 793 in
1283 752 1421 810 agello

235 826 249 862 1
265 825 313 863 15
348 821 458 864 Cum
478 838 632 878 pecore
653 832 695 865 et
713 824 852 881 gnatis
872 823 1026 865 fortem
1045 823 1240 866 mercede
1260 823 1472 880 colonum,

346 890 446 932 Non
467 907 562 949 ego,
583 901 839 944 narrantem,
862 900 1020 935 temere
1040 892 1110 934 edi
1128 892 1223 935 luce
1243 892 1430 949 profesta

345 962 591 1020 Quidquam
610 972 767 1020 praeter
787 965 880 1007 olus
900 965 1078 1007 fumosae
1098 980 1196 1007 cum
1214 965 1324 1022 pede
1345 980 1518 1022 pernae3

345 1033 412 1075 Ac
432 1033 550 1084 mihi,
573 1049 647 1076 seu
666 1034 844 1093 longum
863 1044 961 1091 post
980 1043 1147 1091 tempus
1167 1045 1340 1078 venerat
1359 1035 1528 1093 hospes,

346 1105 442 1147 Sive
463 1121 639 1162 operum
662 1121 795 1148 vacuo
815 1116 961 1165 gratus
982 1108 1159 1149 conviva
1177 1123 1255 1164 per
1274 1108 1455 1150 imbrem

233 1179 314 1218 120
345 1177 534 1230 Vicinus,
555 1179 664 1221 bene
685 1187 788 1230 erat,
810 1195 896 1222 non
917 1180 1103 1237 piscibus
1124 1181 1230 1223 urbe
1249 1181 1404 1237 petitis,

346 1250 432 1293 Sed
450 1250 570 1307 pullo
590 1259 716 1309 atque
735 1252 866 1294 hoedo
881 1269 893 1303 ;
923 1261 1015 1295 tum
1034 1253 1207 1309 pensilis
1227 1269 1309 1295 uva
1330 1253 1535 1295 secundas

344 1320 402 1362 Et
420 1335 511 1362 nux
530 1321 708 1363 ornabat
727 1337 893 1364 mensas
915 1338 1012 1365 cum
1031 1322 1200 1379 duplice
1222 1323 1319 1366 ficu.

344 1393 448 1435 Post
467 1393 549 1436 hoc
568 1393 694 1436 ludus
715 1402 806 1436 erat
825 1395 951 1451 culpa
970 1403 1118 1452 potare
1138 1397 1339 1455 magistra
1354 1413 1365 1447 ;

345 1464 411 1505 Ac
430 1472 628 1506 venerata
650 1464 794 1515 Ceres,
816 1465 875 1507 ita
895 1465 1036 1507 culmo
1056 1474 1248 1523 surgeret
1267 1466 1366 1517 alto,

233 1539 312 1578 125
346 1535 562 1592 Explicuit
581 1537 679 1579 vino
700 1545 927 1580 contractae
949 1539 1057 1580 seria
1075 1537 1237 1580 frontis.

225 1700 312 1742 quod
325 1700 508 1739 affirmatur,
531 1702 723 1733 contrarium
747 1702 992 1744 intelligendum

223 1749 280 1776 est.
368 1746 422 1776 tihi
436 1752 517 1777 recte
530 1757 650 1787 semper
663 1752 756 1777 erum
770 1757 831 1783 res,
845 1755 895 1776 τε
909 1756 991 1776 sem-

223 1797 280 1828 per
293 1787 350 1818 tibi
365 1788 458 1818 salvae
472 1797 575 1828 erunt,
599 1799 665 1820 non
687 1789 833 1821 mutabili
853 1789 991 1820 fortunae

224 1832 371 1862 obnoxiae
387 1833 498 1865 erunt!

267 1885 296 1905 v.
325 1873 397 1905 107.
417 1878 558 1916 posthac,
584 1877 611 1908 si
635 1881 781 1916 expertus
803 1875 902 1906 fueris
929 1876 992 1906 for-

222 1924 310 1950 tunae
346 1919 598 1952 inconstantiam.
637 1930 774 1961 magnus
809 1922 900 1955 risus,
936 1929 995 1959 pro

223 1961 366 2003 vulg-ari:
394 1972 512 2004 magno
540 1963 618 1995 risui
645 1963 714 1994 eris.
764 1962 914 1994 Similiter
935 1962 991 1994 ali-

223 2006 295 2047 quis
308 2007 402 2037 ludus
406 2006 562 2047 jocusque
576 2017 643 2038 oese
657 2006 783 2038 dicitur.

288 2048 393 2080 ..109
414 2051 570 2090 pluribus,
596 2060 702 2082 nerum
728 2049 941 2081 abundantiae.
949 2067 993 2074 —

223 2094 400 2134 sulm-bum,
415 2093 624 2133 fastidiosum,
640 2100 677 2125 ut
690 2093 819 2124 infra6.
836 2093 891 2125 86.
916 2092 993 2126 dens

211 2138 411 2180 fastidiosus.

266 2190 296 2210 v.
325 2178 398 2217 110,
427 2178 500 2211 111.
525 2182 583 2212 An
605 2183 670 2223 qui,
692 2190 734 2212 an
755 2180 793 2219 is,
811 2180 866 2222 qui
889 2180 925 2212 in
944 2190 994 2212 re-

222 2224 284 2255 bus
296 2202 443 2254 secun'dis
455 2223 627 2263 prudenter
639 2225 712 2256 vitae
730 2224 840 2264 paucis
860 2231 990 2255 conten-

222 2273 265 2298 tae
278 2267 481 2306 assuefactus,
505 2273 542 2298 ut
562 2269 695 2308 sapiens,
720 2267 761 2298 ad
780 2278 830 2298 res
848 2267 992 2299 adversas

222 2310 424 2351 perferendas
438 2320 472 2341 se
494 2312 731 2351 praeparaverit3
756 2311 892 2342 suaviter
911 2322 989 2350 pau-

222 2354 269 2385 cis
293 2359 461 2385 contentus
481 2362 679 2394 comparatur
701 2365 776 2386 cum
799 2365 848 2393 eo,
873 2354 927 2395 qui
948 2354 990 2385 ad

223 2398 357 2436 hostem,
371 2397 428 2438 qui
442 2397 522 2428 foroe
537 2405 644 2430 contra
658 2409 692 2429 se
706 2404 863 2439 exsurgat,
887 2398 987 2438 repel-

222 2440 355 2472 lendum
375 2441 443 2482 jam
468 2441 502 2471 iu
526 2451 604 2481 pace
627 2442 749 2473 idoneis
768 2442 863 2473 armis
884 2452 918 2472 se
938 2442 988 2472 in-

221 2485 325 2516 struit.

266 2538 294 2559 v.
324 2526 396 2558 112.
421 2528 478 2564 his,
494 2538 566 2569 quae
579 2528 727 2568 praecepit
743 2528 879 2560 Ofellus.

266 2582 296 2602 v.
323 2570 397 2603 113.
421 2573 491 2604 nom'
514 2581 591 2611 pro:
628 2572 771 2613 cognovi,
797 2570 871 2602 vidi.
942 2573 988 2602 la-

222 2618 295 2652 tins,
321 2615 458 2652 liberius,
482 2614 615 2656 largius,
642 2615 810 2654 profusius.
834 2613 983 2646 Juvenal.

227 2659 327 2690 XIV.
346 2657 423 2690 234.
446 2661 521 2690 adeo
535 2660 701 2699 indulgent
713 2660 768 2691 sibi
782 2660 876 2689 latim
886 2659 954 2698 ipsi.

265 2713 295 2734 v.
335 2701 408 2734 114.
434 2703 552 2739 Videas,
582 2701 687 2733 videre
714 2701 770 2732 tibi
797 2711 884 2732 nunc
911 2710 986 2732 eum

222 2746 349 2785 licebit3
371 2752 483 2779 metato
502 2747 539 2778 in
562 2747 669 2786 agello.
699 2747 795 2777 Schol-
821 2746 898 2776 Aer.
922 2746 987 2776 Iste

227 2791 345 2833 Qfellus
361 2791 552 2832 proscriptus
571 2795 626 2826 est,
649 2790 724 2830 quia
749 2794 819 2820 erat
844 2790 879 2819 i‘n
895 2793 987 2828 parte

224 2835 331 2870 Cassii,
347 2840 378 2866 et
385 2844 529 2875 possessae
549 2832 616 2874 qius
638 2833 753 2864 tradita
774 2837 817 2863 est
840 2832 985 2862 militibus

223 2879 370 2918 Augusti,
393 2888 487 2919 quam
513 2877 628 2919 Qfeuus
653 2882 757 2916 postea
782 2876 820 2906 ab
844 2876 883 2906 iis
910 2885 986 2906 con·

222 2923 318 2952 ‹luz-12·
367 2923 456 2954 H'mc
469 2926 584 2953 metato
597 2919 741 2969 (passive,
756 2924 793 2949 ut
806 2927 901 2958 supra
917 2918 982 2948 Od.

225 2963 275 2994 11.
306 2963 356 2996 15.
385 2964 436 2997 15.
465 2971 497 2995 et
521 2963 607 3004 apud
629 2961 758 2996 Livium
775 2961 907 2992 XLIV.
933 2960 983 3000 7.)

222 3009 257 3039 in
270 3011 365 3047 agello
381 3008 464 3053 (agri
483 3007 568 3040 enim
591 3006 708 3048 pertica
729 3005 837 3038 metati
861 3005 923 3037 sive
941 3004 982 3036 ad

1034 1712 1215 1734 mensuram
1237 1699 1500 1741 deoempednrum
1525 1701 1678 1733 veteranis
1699 1703 1804 1735 trade-

1033 1745 1164 1786 bantur)
1187 1756 1278 1777 nunc
1298 1756 1376 1786 opus
1389 1745 1533 1788 faciebat
1556 1746 1652 1777 miser
1675 1747 1802 1790 (yellus,

1034 1791 1073 1820 ab
1098 1801 1143 1826 eo,
1166 1790 1220 1820 cui
1244 1790 1350 1820 cedere
1379 1789 1526 1820 debuerat
1553 1800 1668 1829 agrum
1695 1801 1802 1848 muru,

1035 1834 1174 1865 mercede
1188 1834 1370 1864 conductus.
1838 1848 1841 1852 v

1079 1886 1108 1906 v.
1137 1874 1209 1906 115.
1230 1876 1367 1917 sortem,

1397 1884 1538 1916 gnavum
1565 1881 1598 1906 et
1625 1877 1801 1916 robustum,

1035 1920 1120 1950 infra
1145 1919 1248 1959 Epist.
1279 1918 1332 1950 11.
1360 1917 1390 1949 l.
1419 1917 1507 1949 139.'
1525 1919 1678 1959 Agricolae
1744 1922 1750 1928 “
1785 1923 1792 1929 “

1022 1964 1140 2005 fortes,
1161 1974 1320 2004 parvoque
1342 1963 1431 1994 beati.
1458 1961 1578 1994 Tibull-
1609 1962 1661 1994 ΙΙ.
1689 1931 1802 1995 W

1037 2008 1142 2038 Fortis
1155 2012 1226 2037 arat
1238 2007 1337 2038 valido
1349 2008 1486 2039 ruamus
1497 2017 1575 2038 arva
1589 2007 1670 2038 bove.

1079 2061 1108 2080 v.
1132 2048 1204 2080 116.
1229 2051 1451 2092 luceprqfhsta,
1466 2048 1535 2080 dies
1554 2051 1684 2093 prtffati
1706 2052 1796 2093 (uos-

1035 2095 1156 2126 werkel-
1158 2092 1241 2134 tage)
1271 2099 1476 2132 opponuntur
1503 2092 1615 2124 diebus
1642 2093 1739 2131 festis,
1764 2102 1801 2126 ut

1035 2138 1120 2168 infra
1136 2137 1200 2168 Sat.
1218 2136 1249 2167 3.
1271 2134 1343 2167 144.
1395 2139 1456 2172 Qui
1487 2138 1695 2169 Veimnnam
1705 2138 1801 2180 sestis

1031 2187 1143 2223 potare
1157 2182 1263 2212 diebus
1279 2183 1443 2221 Campana
1465 2181 1573 2212 solitus
1597 2182 1700 2215 tmua,
1725 2192 1800 2221 mp-

1030 2222 1575 2317 1²22·qumessss
1587 2223 1650 2296 12:
1641 2222 1721 2298 z}
1735 2192 1800 2298 ,ἐξ

1031 2313 1120 2343 brem
1148 2311 1274 2342 rusticis
1301 2310 1459 2342 laboribus
1484 2319 1611 2349 operam
1633 2309 1711 2341 dare
1732 2321 1796 2343 non

1032 2355 1155 2386 licebat.
1243 2355 1373 2392 vicinus,
1401 2353 1512 2385 diebus
1536 2351 1622 2383 enim
1645 2353 1797 2393 pluviosis

1031 2398 1127 2429 vicini
1141 2397 1261 2428 vicinos
1273 2397 1306 2428 in
1320 2397 1406 2439 agris
1417 2396 1552 2427 invisere
1563 2394 1674 2427 solent.

1074 2452 1104 2472 v.
1144 2440 1215 2471 120.
1247 2442 1324 2472 bene
1347 2445 1424 2477 emt,
1453 2451 1518 2471 non
1543 2440 1679 2479 piscibus
1707 2447 1794 2480 cett„

1030 2484 1127 2526 genio
1147 2484 1398 2533 indulgebpmus,
1420 2492 1485 2513 non
1511 2482 1639 2524 quidem
1665 2483 1706 2514 ad
1731 2485 1794 2525 pis-

1031 2528 1117 2559 cium
1141 2529 1220 2558 urbe
1243 2527 1423 2567 petitorum,
1448 2525 1503 2556 sed
1528 2525 1569 2558 ad
1594 2526 1678 2557 hoedi
1699 2533 1795 2569 atque

1030 2571 1112 2611 pulli
1136 2570 1314 2607 ferculum3
1336 2571 1411 2601 bene
1431 2580 1494 2600 esse
1517 2570 1624 2610 aliqua
1648 2582 1690 2607 re,
1713 2572 1794 2604 bene

1029 2625 1063 2646 se
1077 2615 1190 2645 habere
1204 2613 1296 2654 alicuj
1298 2623 1336 2643 us
1349 2613 1394 2643 rei
1407 2612 1524 2644 fruem-

1073 2668 1102 2687 v.
1130 2655 1202 2687 121.
1222 2657 1349 2697 pensilis
1369 2667 1442 2693 uva,
1466 2666 1548 2693 uvae,
1569 2667 1648 2698 quas
1671 2657 1794 2690 diutius

1029 2701 1166 2775 isntegrns
1178 2709 1299 2731 servare
1311 2699 1468 2735 volumus,
1485 2710 1572 2731 nunc
1585 2710 1712 2742 quoque
1730 2701 1793 2734 filis

1045 2741 1177 2784 aspendi
1191 2742 1316 2774 solent’
1305 2752 1339 2773 ln
1354 2742 1484 2774 oedibus.

1072 2797 1099 2817 v.
1045 2754 1200 2818 118ΙΜῙ22.
1226 2798 1301 2818 cum
1315 2788 1434 2827 duplice
1448 2789 1533 2831 ficu,
1545 2787 1691 2829 intellige
1713 2788 1791 2821 fleus

1027 2829 1159 2870 bifidas;
1183 2830 1262 2860 ficus
1284 2830 1369 2860 enim
1398 2829 1432 2860 in
1456 2831 1536 2862 duas
1556 2838 1659 2871 partes
1682 2831 1789 2863 divisae

1027 2854 1232 2910 siceabaiitur,
1248 2879 1280 2904 et
1292 2878 1369 2904 tunc
1382 2873 1503 2904 aridae‘
1493 2884 1526 2904 m
1547 2884 1656 2906 mensa
1677 2885 1787 2907 secun-

1027 2917 1069 2949 (18
1103 2918 1359 2958 apponebantur3
1396 2917 1459 2948 vid.
1501 2917 1622 2949 Pallad.
1662 2918 1703 2950 de
1737 2919 1788 2950 Rae

1032 2962 1125 2992 Rust-
1147 2961 1209 2992 1v.
1230 2959 1280 2991 lo.
1298 2959 1351 2991 35.
1369 2966 1402 2991 et
1416 2961 1458 2992 nbi
1474 2963 1612 2995 Schneid.
1627 2968 1659 2994 et
1676 2962 1783 3004 Veget.

1027 3004 1054 3037 1.
1075 3004 1127 3038 38.
1141 3004 1172 3037 6.
1190 3012 1222 3037 et
1239 3004 1265 3036 Ι.
1285 3003 1335 3037 56.
1359 3002 1408 3036 17.
