1904 3250
823 102 1133 146 HORATII

1583 111 1692 160 [Lm.
1717 121 1768 150 11.

314 228 424 270 Cum
444 228 736 278 lamentamur,
758 242 843 268 non
865 228 1069 284 apparere
1089 229 1254 273 labores

196 298 282 337 225
315 296 494 338 Nostros
516 306 558 338 et
577 297 690 338 tenui
713 296 896 337 deducta
914 306 1111 352 poemata
1129 297 1225 349 filo;

313 366 424 407 Cum
444 380 674 421 speramus,
697 379 748 406 eo
768 379 860 408 rem
880 373 1113 416 venturam,
1136 374 1196 417 ut,
1219 367 1470 426 simulatque
1514 399 1517 400 ν

314 438 513 480 Carmina
532 437 736 488 rescieris,
758 452 836 479 nos
856 437 1032 495 fingere,
1054 438 1301 481 commodus
1319 440 1433 493 ultro

309 508 526 557 Arcessas,
549 514 592 548 et
611 522 736 564 egere
756 516 870 548 vetes
891 515 934 549 et
954 508 1137 550 scribere
1161 524 1298 567 cogas.

311 578 397 621 Sed
418 587 559 620 tamen
579 587 643 620 est
662 593 804 635 operae
824 580 1008 635 pretium
1029 595 1298 639 cognoscere,
1321 582 1464 639 quales

193 655 277 692 230
309 650 511 693 AEdituos
531 651 686 693 habeat
705 652 807 694 belli
827 660 1014 709 spectata
1034 653 1235 711 domique

309 723 470 775 Virtus,
493 724 668 782 indigno
688 740 775 766 non
796 726 1098 767 committenda
1116 735 1268 782 poetae.

310 795 470 838 Gratus
492 795 742 839 Alexandro
762 798 854 856 regi
875 797 1040 856 Magno
1061 798 1140 840 fuit
1159 799 1229 841 ille

311 866 539 918 Choerilus,
562 867 730 909 incultis
751 869 824 924 qui
844 868 1033 910 versibus
1055 876 1097 910 et
1117 868 1226 910 male
1246 870 1355 912 natis

311 939 474 981 Retulit
493 948 701 996 acceptos,
723 941 865 999 regale
884 941 1104 992 nomisma,
1129 941 1364 998 Philippos.

190 1012 275 1051 235
309 1009 395 1052 Sed
414 1010 544 1052 veluti
563 1018 741 1053 tractata
759 1020 905 1053 notam
924 1012 1146 1069 labemque
1167 1013 1386 1055 remittunt
1419 1058 1422 1059 ⁷

307 1081 570 1132 Atramenm,
592 1080 680 1123 fere
702 1082 929 1138 scriptores
951 1082 1136 1124 carmine
1156 1072 1272 1124 foe'do

309 1152 541 1209 Splendida
560 1153 671 1196 facta
689 1154 839 1196 linunt.
902 1154 1029 1197 Idem·
1044 1169 1123 1196 rex
1143 1154 1227 1206 ille,
1249 1169 1404 1211 poema

309 1224 398 1275 Qui
418 1233 504 1267 tam
523 1226 762 1277 ridiculum,
785 1235 872 1268 tam
892 1242 988 1269 care
1008 1226 1214 1284 prodigus
1235 1227 1349 1277 emit,

312 1297 467 1339 Edicto
487 1299 631 1350 vetuit,
653 1314 707 1340 ne
729 1299 821 1356 quis
844 1314 888 1341 se
907 1308 1064 1355 praeter
1086 1298 1268 1355 Apellen

189 1370 275 1408 240
308 1366 523 1425 Pingeret,
545 1376 619 1410 aut
638 1367 744 1410 alius
767 1367 959 1424 Lysippo
980 1367 1155 1409 duceret
1175 1382 1262 1409 aera

188 1478 244 1510 sed
271 1485 383 1519 sponte
403 1478 519 1510 iterum
540 1479 730 1517 recitamus3
752 1481 887 1511 revocari
908 1478 956 1510 di-

189 1529 307 1554 cuutur
333 1529 463 1560 actores,
493 1523 548 1564 qui
576 1531 660 1555 actas
692 1533 768 1554 cum
802 1523 957 1562 applausu

187 1573 291 1606 partes
318 1565 424 1597 denuo
447 1576 541 1607 agere
565 1567 737 1608 jubentur3
760 1565 845 1596 idem
875 1565 958 1596 valet

187 1610 228 1641 de
241 1609 353 1650 poetiS,
368 1609 423 1650 qui
437 1610 565 1640 recitata
579 1611 728 1648 carmina,
744 1609 819 1651 quia
829 1609 956 1650 placue-

186 1660 273 1692 runt,
290 1653 404 1683 iterum
419 1653 549 1684 recitare
560 1654 723 1695 jubentur.

230 1707 259 1727 v.
284 1695 360 1734 224,
378 1696 452 1728 225.
478 1709 544 1728 non
559 1708 706 1738 apparere
720 1699 779 1728 lab.
800 1699 862 1735 N.,
882 1707 957 1736 ope-

186 1750 223 1772 ra
236 1746 342 1771 nostra
355 1750 420 1770 non
434 1741 469 1770 in
481 1740 586 1771 lucem
600 1740 733 1780 produci
747 1747 780 1771 et
796 1740 955 1777 celebrari,

123 1790 125 1792 “
186 1794 253 1814 non
278 1783 365 1825 justo
393 1783 494 1823 pretio
525 1783 694 1821 aestimari3
728 1783 773 1813 sic
808 1794 958 1823 apparere

186 1827 271 1858 infra
284 1838 314 1857 v.
331 1825 407 1857 250.
497 1832 559 1858 ten.
587 1828 654 1857 ded.
674 1838 708 1866 p.
726 1828 802 1868 filo,
817 1826 958 1856 carmina.

186 1881 251 1901 non
267 1870 404 1905 sublimi,
421 1868 476 1900 sed
490 1869 579 1900 tenui
600 1870 741 1900 oratione
762 1869 956 1908 composita3

186 1914 364 1951 intelligere
378 1913 502 1944 videtur
518 1913 634 1944 Satiras
649 1919 680 1944 et
697 1912 857 1953 Epistolas
870 1923 954 1943 suas.

230 1968 260 1989 v.
289 1956 365 1988 227.
401 1959 578 1988 commodus
615 1956 740 1993 dicitur,
777 1957 833 1997 qui
869 1956 955 1993 facit,

186 2001 273 2043 quod
288 2000 379 2032 nobis
393 2007 520 2042 gratum
535 2007 567 2031 et
581 2006 746 2041 acceptum
768 2006 834 2036 est3
861 2010 956 2039 supra

189 2045 254 2077 Od.
275 2045 338 2075 lv.
357 2043 389 2075 8.
418 2042 447 2075 l.
473 2045 636 2076 Donarem
655 2050 783 2085 pateras
804 2050 957 2085 grataque

186 2090 374 2121 commodus.
415 2115 419 2123 ,
899 2105 903 2110 .

230 2143 258 2163 v.
277 2131 352 2163 228.
378 2138 406 2164 ει
432 2142 520 2173 egere
540 2138 630 2168 vetes,
653 2131 709 2172 qui
728 2136 854 2171 poetam
868 2141 957 2171 egere

186 2182 281 2213 vetat,
295 2176 323 2206 ei
340 2175 394 2206 dat
408 2182 440 2206 et
454 2174 561 2212 donat,
577 2174 663 2205 unde
679 2174 770 2205 vivat.
853 2186 955 2215 cogas,

188 2219 331 2262 Augusti
346 2219 409 2250 fuit
421 2219 488 2249 haec
502 2219 628 2261 vis-non
642 2218 765 2259 ingrata
779 2218 889 2258 poetis.

228 2274 260 2294 v.
282 2262 356 2294 230.
388 2264 545 2298 AEdicuos,
561 2269 727 2297 curatores,
744 2263 775 2292 h.
790 2272 818 2292 e.
836 2267 955 2301 poetas,

187 2307 243 2349 qui
257 2317 306 2338 res
319 2306 394 2338 belli
416 2306 565 2346 domique
591 2305 738 2344 praeclare
762 2311 865 2346 gestas
886 2315 953 2335 car-

186 2351 327 2382 minibus
340 2348 541 2381 celebrandas
554 2355 674 2379 curant.
723 2350 852 2380 AEditui
877 2350 956 2390 (νεω-

188 2395 277 2434 κόροι)
307 2393 431 2434 proprie
460 2398 535 2423 sunt
563 2399 721 2423 curatores
749 2399 781 2422 et
808 2391 954 2422 custodes

188 2438 265 2469 aedis
293 2437 343 2468 vel
373 2435 484 2476 templi
512 2435 665 2476 alicujus3
693 2435 829 2466 suaviter
857 2435 955 2475 igitur

186 2489 288 2522 poetae
303 2486 455 2511 vocantur
468 2478 576 2510 aeditui
590 2479 700 2519 templi
715 2479 766 2509 vel
782 2478 952 2518 Apollinis,

187 2525 238 2556 vel
255 2525 434 2555 Musarum.

229 2579 259 2599 v.
291 2565 474 2599 232—234«.
512 2567 630 2598 Gratus
666 2568 842 2597 Alexandro
877 2571 949 2596 cett.

188 2612 299 2643 Malus
312 2611 368 2642 ille
381 2617 482 2652 poeta,
501 2609 666 2644 choerilus,
682 2610 739 2650 qui
753 2610 787 2639 in
813 2609 953 2639 Alexan-

186 2656 235 2686 dri
260 2655 386 2697 Magni,
408 2654 461 2686 cui
482 2659 589 2695 gratus
610 2660 686 2691 erat,
706 2653 858 2684 comitatu
881 2653 951 2688 fuit,

188 2700 273 2742 (Cic.
292 2709 349 2739 pro
367 2698 464 2730 Arch.
487 2697 525 2728 P.
550 2707 578 2728 c.
610 2695 660 2727 10.
711 2698 815 2731 Quam
836 2697 950 2727 multos

186 2745 344 2782 scriptores
379 2753 490 2774 rerum
534 2752 669 2772 suarum
714 2742 854 2779 Magnus
901 2741 951 2770 ille

187 2788 366 2818 Alexander
394 2797 499 2817 secum
527 2785 668 2816 habuisse
696 2785 829 2814 dicitur.
825 2782 859 2822 5)
897 2793 954 2822 pro

187 2831 327 2861 versibus
354 2829 486 2860 rudibus
509 2835 542 2859 et
563 2827 688 2859 sinistro
723 2826 881 2866 Apolline,
903 2825 954 2856 vel

186 2883 288 2903 crassa
319 2874 466 2904 Minerva.
490 2872 580 2903 factis
611 2871 782 2910 Philippos,
805 2879 954 2900 nummos

186 2926 307 2953 aureos,
337 2918 420 2959 regis
447 2915 587 2957 Philippi
615 2914 753 2956 imagine
775 2913 951 2955 insignitos,

1258 1484 1382 1520 equum
1396 1480 1457 1520 aliq
1458 1480 1516 1510 uid
1536 1480 1654 1521 rfferre
1673 1481 1769 1511 alicui

1001 1524 1046 1553 rei
1081 1528 1129 1551 est
1157 1520 1270 1552 debere
1302 1522 1422 1563 aliquid
1427 1491 1554 1553 ιᾳειῑῐειιί
1589 1522 1655 1560 tei;
1684 1533 1764 1554 nos.

1001 1571 1094 1597 emas
1129 1566 1216 1596 einer
1251 1568 1341 1597 sache
1373 1567 1557 1598 verdanken.
1621 1568 1769 1598 Clam-ilus

999 1609 1164 1640 verdanlcte
1180 1609 1228 1640 die
1238 1611 1446 1649 goedmitnzen
1467 1620 1572 1641 semen
1596 1611 1770 1641 schlecbten

1000 1662 1117 1683 ver-sen.
1132 1669 1176 1675 —
1190 1651 1223 1682 Si
1239 1662 1348 1683 verum
1362 1658 1418 1684 est.
1434 1652 1522 1693 quod
1533 1659 1638 1683 narrat
1646 1654 1765 1684 Acron.

1000 1696 1041 1726 ad
1058 1693 1160 1733 Epist.
1180 1695 1220 1725 ad
1239 1695 1304 1726 Pis.
1322 1706 1351 1726 v.
1370 1694 1460 1732 357„
1479 1694 1698 1728 Alexandrum
1714 1696 1765 1727 Μ.

1000 1477 1129 1518 accepit.
1220 1490 1258 1510 ac

1004 1737 1142 1769 Choerilo
1171 1737 1296 1775 dixisse,
1322 1749 1356 1769 se
1384 1739 1480 1770 malle
1511 1738 1677 1770 Thersiten
1701 1749 1778 1770 esser

1003 1780 1152 1815 Homeri,
1167 1791 1265 1821 quam
1282 1782 1411 1813 Choerili
1434 1781 1606 1818 Achillem,
1628 1782 1770 1822 profecto

1004 1824 1196 1859 Alexander.
1213 1824 1324 1856 oblatis
1338 1835 1395 1865 pro
1417 1824 1509 1856 malis
1528 1825 1668 1856 versibus
1690 1825 1769 1856 Phi-

1001 1867 1104 1917 lippis,
1133 1866 1218 1898 idem
1247 1868 1358 1899 fecisse
1386 1868 1520 1906 videtur,
1550 1868 1636 1909 quod
1667 1869 1778 1906 Sulla,

1001 1911 1067 1952 qui,
1096 1916 1134 1941 ut
1161 1911 1257 1942 refert
1288 1912 1398 1943 Cicero
1426 1911 1491 1943 Pro
1523 1912 1621 1943 Arch.
1653 1923 1682 1943 c.
1712 1910 1763 1943 10.

1000 1955 1085 1985 malo
1107 1953 1234 1986 cuidam
1259 1963 1360 1996 poetae
1388 1948 1555 1996 praemium
1581 1955 1648 1986 dari
1671 1955 1769 1997 jussit

998 1999 1058 2029 hac
1071 1996 1260 2036 conditione,
1276 2010 1318 2031 ne
1330 2001 1408 2040 quid
1417 2005 1522 2041 postea
1536 2000 1687 2031 scriberet.
1773 2023 1775 2026 Α

1042 2053 1073 2072 ν.
1097 2040 1172 2072 235.
1201 2048 1344 2082 tractata,
1358 2053 1401 2073 sc.
1432 2042 1587 2079 manibus,
1613 2043 1687 2074 usui
1708 2042 1767 2074 ali-

1000 2086 1053 2116 cui
1067 2084 1214 2116 adhibita.
1707 2101 1711 2105 <
1773 2099 1776 2102 >

1043 2140 1072 2160 v.
1097 2127 1173 2160 236.
1198 2131 1285 2173 fere,
1310 2140 1377 2160 non
1401 2139 1482 2167 raro,
1512 2128 1705 2170 plerumque,
1728 2134 1766 2160 ut

1000 2183 1095 2213 supra
1111 2174 1174 2203 Sat.
1190 2174 1218 2205 I.
1239 2171 1290 2203 10.
1312 2172 1362 2204 15.
1382 2173 1485 2213 Epist.
1505 2173 1534 2203 Ι.
1555 2171 1606 2203 19.
1623 2171 1656 2203 5.

1039 2227 1068 2247 v.
1094 2216 1169 2248 237.
1200 2219 1316 2253 linunt,
1355 2216 1514 2256 polluunt,
1527 2215 1764 2253 ,contaminang

997 2261 1177 2292 obscurant.
1267 2262 1357 2292 Idem
1370 2271 1423 2291 rea·
1444 2261 1502 2295 ille.
1524 2259 1560 2290 in
1580 2261 1664 2291 idem
1688 2259 1765 2291 latet

998 2304 1171 2341 admiratio,
1187 2303 1346 2354 quomodo
1360 2303 1427 2334 fieri
1449 2303 1596 2343 potuerit,
1618 2309 1656 2333 ut
1678 2312 1763 2334 unus

999 2347 1146 2398 idemque
1160 2357 1224 2384 rex,
1240 2347 1296 2388 qui
1309 2358 1329 2377 a
1343 2346 1479 2384 nemine,
1495 2345 1555 2376 nisi
1568 2356 1588 2377 a
1602 2346 1763 2385 perfectis-

997 2392 1078 2422 simo
1093 2391 1209 2432 pictore
1228 2390 1353 2441 Apelle,
1371 2390 1449 2427 Coo,
1472 2395 1504 2420 et
1531 2399 1550 2420 a
1575 2389 1666 2420 nullo
1689 2389 1763 2427 alio,

997 2434 1059 2465 nisi
1088 2445 1108 2465 a
1135 2434 1391 2474 praestantissimo
1419 2433 1580 2470 statuario,
1611 2432 1771 2473 Lysippo„

1000 2475 1156 2518 Sicyonio,
1169 2487 1230 2508 aere
1243 2477 1353 2519 effingi
1366 2476 1475 2513 voluit,
1491 2476 1614 2516 ineptos
1635 2483 1667 2507 et
1687 2475 1764 2507 ridi-

997 2522 1086 2552 culos
1117 2520 1246 2553 Choerili
1274 2530 1381 2552 versus
1408 2518 1507 2561 regali
1542 2519 1772 2551 munificentia

997 2571 1130 2596 ornaret.
1178 2563 1265 2595 Mira
1292 2570 1398 2595 autem
1427 2569 1493 2594 arte
1524 2563 1680 2594 Horatius
1700 2564 1760 2594 hoe

1000 2607 1174 2639 Alexandri
1189 2607 1333 2647 exemplo
1347 2606 1430 2637 viam
1446 2605 1506 2636 sibi
1519 2607 1624 2637 munit
1644 2606 1685 2637 ad
1709 2617 1772 2638 oe*

996 2651 1183 2683 lebrandum
1200 2652 1396 2691 Augustum,
1411 2656 1450 2680 ut
1463 2650 1582 2687 virum,
1592 2650 1708 2681 rectius
1721 2649 1762 2682 de

994 2695 1094 2735 pretio
1107 2693 1196 2725 bonis
1209 2693 1308 2734 poetis
1322 2692 1488 2724 statuendo
1497 2693 1706 2734 judicantem.
1770 2709 1774 2723 ι

1036 2749 1065 2770 v.
1090 2736 1164 2769 240.
1190 2740 1284 2769 Atius
1299 2739 1444 2779 Lysippo,
1462 2738 1572 2779 (ἄλλος
1590 2737 1759 2778 Λυσίππου)

997 2782 1136 2813 diversus
1149 2792 1169 2813 a
1186 2781 1334 2822 Lysippo,
1349 2780 1439 2816 alius,
1458 2790 1554 2820 quam
1578 2780 1770 2821 Lysippus31

996 2826 1041 2856 sic
1066 2835 1160 2866 supra.
1179 2823 1297 2864 Epist..
1314 2825 1343 2855 Ι.
1374 2823 1424 2855 16.
1456 2822 1506 2854 10.
1553 2826 1643 2856 Neve
1666 2830 1760 2864 putes

995 2871 1096 2901 alium
1110 2870 1246 2910 sapiente
1261 2869 1395 2909 bonoque
1415 2869 1549 2900 beatum.
1638 2870 1771 2899 duceret

995 2923 1174 2952 Δηὼ-,ατε
1201 2914 1313 2944 ducere
1336 2911 1489 2954 (ἐλαύνω)
1504 2918 1562 2943 est
1586 2921 1629 2943 ες
1657 2910 1770 2943 ἒαῐπὶὶίΔ
