1904 3250
728 544 1248 605 PRAEFATIO

531 745 971 807 EDITIONIS
1024 748 1443 792 SECUNDAE.

844 947 1122 954 ——

204 1083 376 1142 PAUCA
394 1106 504 1149 sunt,
526 1114 621 1155 quae
650 1097 705 1139 de
733 1097 813 1139 hac
838 1097 1016 1153 repetita
1047 1096 1215 1138 Horatii
1247 1097 1426 1139 odarum
1457 1098 1640 1140 editione
1674 1115 1767 1141 mo·

202 1186 341 1229 nenda
358 1185 564 1227 videntur.
617 1184 741 1235 Nam,
764 1162 859 1241 quae
879 1184 1142 1240 potissimum
1162 1184 1450 1240 spectaverim‚
1473 1199 1570 1226 cum
1584 1186 1768 1240 primum

202 1269 257 1312 ad
296 1268 506 1311 edendum
548 1267 774 1309 Horatium
813 1267 999 1308 animum
1039 1266 1307 1323 appellerem,
1352 1275 1395 1309 et
1443 1283 1625 1325 quorum
1673 1269 1768 1311 usui

200 1349 391 1405 inprimis
429 1348 638 1405 adjectum
686 1349 1031 1390 commentarium
1082 1348 1390 1399 destinaverim,
1434 1350 1524 1405 jam
1573 1350 1674 1391 olim
1723 1351 1767 1392 in

201 1429 459 1487 praefatione,
480 1430 629 1485 primae
648 1429 821 1470 editioni
840 1429 1070 1485 praemissa,
1092 1429 1302 1485 copiosius
1332 1430 1521 1485 exposui.
1585 1430 1676 1473 Nec
1701 1447 1768 1474 me

202 1513 356 1555 frustra
375 1513 420 1554 id
438 1512 597 1563 fecisse,
619 1528 673 1554 ex
693 1513 891 1569 aequiore,
912 1513 1027 1570 quod
1056 1513 1155 1555 inde
1184 1513 1376 1555 nonnulli
1406 1513 1459 1556 de
1490 1514 1769 1573 qualicunque

202 1612 297 1639 mea
329 1596 509 1638 Horatio
540 1597 729 1652 praestita
759 1611 888 1652 opera
916 1596 1115 1647 tulerunt,
1139 1595 1302 1652 judicio
1336 1596 1536 1638 intellexi.
1601 1597 1767 1648 Quodsi

202 1681 330 1738 igitur
349 1679 525 1721 fortasse
544 1688 680 1730 erunt,
702 1679 775 1735 qui
804 1678 857 1720 de
886 1678 966 1720 hac
1002 1678 1187 1720 secunda
1217 1694 1385 1736 quoque
1417 1678 1587 1722 Horatii
1618 1682 1769 1722 carmi-

202 1780 305 1806 num
341 1764 569 1821 lyricorum
608 1764 790 1806 editione
830 1765 1076 1806 sententiam
1117 1780 1235 1806 suam
1266 1765 1559 1821 pronuncient,
1591 1781 1678 1817 eos,
1714 1782 1767 1808 ne

204 1851 378 1901 consilii,
400 1850 514 1907 quod
533 1851 576 1891 in
608 1849 788 1891 Horatio
816 1850 1131 1906 interpretando
1164 1859 1329 1892 secutus
1363 1866 1469 1902 sum,
1502 1852 1768 1895 immemores

205 1930 301 1985 sint,
341 1934 467 1975 etiam
504 1942 628 1990 atque
668 1934 793 1974 etiam
830 1935 1011 1975 monitos
1050 1942 1303 1991 rogatosque
1342 1933 1491 1976 habeo.
1565 1935 1769 1978 Versatus

205 2026 345 2060 autem
364 2032 457 2058 sum
476 2017 521 2058 in
539 2017 603 2067 iis,
625 2032 720 2073 quae
740 2016 840 2057 olim
861 2008 1021 2072 scripsi,
1051 2017 1402 2075 recognoscendis
1433 2019 1504 2069 ita,
1538 2027 1586 2061 ut
1612 2020 1768 2075 passim

204 2097 287 2140 alia
304 2098 580 2147 immutarem,
602 2096 684 2138 alia
701 2097 882 2147 brevius,
903 2097 985 2139 alia
1004 2096 1212 2149 disertius,
1234 2099 1501 2155 explicarem,
1534 2100 1615 2142 alia
1642 2101 1769 2157 plane

204 2180 400 2231 delerem,
421 2179 504 2221 alia
522 2179 577 2221 ad
596 2195 687 2221 rem
705 2181 838 2237 magis
858 2180 1149 2222 illustrandam
1169 2181 1385 2232 afferrem3
1414 2198 1469 2224 ne
1488 2182 1641 2226 multa!
1674 2183 1766 2233 feci,

205 2259 321 2316 quod
338 2259 443 2301 mihi
461 2259 698 2301 faciendum
718 2274 808 2300 esse
826 2260 984 2315 putavi,
1004 2259 1072 2300 vel
1091 2274 1171 2315 pro
1197 2261 1349 2302 virium
1376 2276 1567 2303 mearum
1594 2261 1768 2303 modulo

202 2344 339 2386 facere
368 2345 499 2401 potui.
560 2344 652 2386 Nec
682 2345 814 2386 defuit
851 2345 967 2396 mihi,
1002 2361 1129 2402 quam
1166 2346 1211 2387 in
1243 2354 1383 2402 partes
1419 2362 1625 2397 vocarem,
1659 2362 1767 2388 nova

206 2426 375 2468 Horatii
408 2427 548 2469 Carm-
585 2427 726 2469 Librr.
762 2428 816 2469 V.
849 2444 874 2469 a
909 2428 1233 2486 Vanderburgio
1269 2428 1468 2485 (Lutetiis
1510 2429 1768 2470 Parisiorum

210 2505 353 2559 1812.)
377 2506 580 2548 adornata
598 2507 739 2548 editio.
802 2507 1000 2548 Ceterum
1022 2523 1106 2564 quo
1125 2508 1294 2566 gravior
1312 2507 1418 2549 mihi
1449 2517 1512 2550 est
1544 2508 1767 2576 auctoritas

205 2604 364 2640 eorum,
406 2590 479 2646 qui
498 2589 553 2630 ad
583 2598 721 2631 cetera
761 2589 930 2632 Horatii
959 2592 1144 2633 carmina
1175 2592 1299 2633 simili
1327 2591 1669 2648 interpretatiOne
1702 2593 1767 2634 in—

206 2674 405 2715 struenda
422 2689 491 2715 me
510 2675 757 2726 excitarunt,
779 2691 830 2718 eo
849 2677 1006 2732 majore
1025 2677 1232 2719 industria
1251 2686 1375 2735 atque
1405 2677 1607 2733 religione
1636 2676 1766 2719 fidem

200 2758 289 2813 Jam
307 2757 407 2798 olim
427 2757 567 2799 datam
586 2759 811 2801 exsolvam.

324 2845 492 2898 Gothae,
515 2862 657 2890 mense
680 2848 794 2904 Sept.
818 2847 1169 2891 MDCCCXIV.

1404 2965 1704 3010 DOERING.
