1904 3250
199 173 282 212 250

834 170 1140 216 HORATII

1527 183 1684 232 [CARM.
1707 195 1756 223 11.

316 297 498 339 Paterna
519 312 617 339 rura
636 297 773 338 bubus
795 305 963 339 exercet
983 298 1067 339 suis
1079 315 1090 348 3

432 367 601 409 Solutus
623 365 736 406 omni
758 364 931 407 foenore.

256 440 282 478 5
314 437 462 493 Neque
483 437 689 478 excitatur
711 434 883 477 classico
904 435 1021 477 miles
1043 438 1163 488 truci,

429 506 576 562 Neque
597 504 742 545 horret
763 504 914 546 iratum
934 520 1075 555 mare3

314 576 552 631 Forumque
572 575 687 624 vitat,
710 582 751 615 et
772 575 952 630 superba
973 576 1124 617 civium

428 648 717 689 Potentiorum
738 647 893 689 limina.

315 721 430 777 Ergo
451 728 523 762 aut
543 719 686 761 adulta
707 720 852 761 vitium
872 721 1103 778 propagine

228 794 277 832 10
427 789 546 831 Altas
567 790 733 831 maritat
752 789 944 845 populos,

189 922 439 965 jucunditatibus
453 921 660 961 perfruantur,
680 920 799 961 Alpbii,
820 921 949 952 foenera·

193 967 268 998 toris
291 965 463 1007 cujusdam,
490 965 634 1005 exemplo
656 964 821 1004 proposito,
849 965 951 996 decla-

191 1014 247 1041 rat
292 1008 446 1050 Alpbium
461 1008 556 1044 enim,
572 1018 719 1038 curarum
740 1015 772 1038 et
794 1009 864 1039 vitae
886 1019 951 1039 suae

191 1053 375 1084 molestioris
399 1058 577 1092 pertaesum,
600 1052 643 1082 ita
664 1051 703 1082 de
725 1051 795 1082 vitae
817 1052 950 1090 rusticae,

191 1097 243 1128 cui
269 1107 301 1128 se
326 1102 560 1127 consecraturus
581 1102 657 1132 erat,
681 1094 828 1126 felicitate
850 1102 879 1126 et
899 1096 952 1137 ju-

191 1140 351 1172 cunditate
365 1140 399 1170 in
415 1140 474 1170 hoc
495 1139 633 1169 carmine
655 1138 836 1179 loquentem
859 1139 951 1169 indu-

191 1184 244 1222 cit,
259 1190 296 1215 ut
308 1183 400 1214 illum
415 1182 501 1213 omni
515 1182 633 1213 foenore
648 1192 733 1212 nunc
754 1182 847 1222 plane
869 1182 950 1213 solu-

192 1235 261 1258 tum
275 1227 425 1268 reliquam
449 1226 543 1257 vitam
565 1227 597 1256 in
620 1226 703 1267 agris
724 1232 951 1256 transactorum

191 1271 288 1303 fuisse
309 1277 456 1311 putasses.
505 1269 625 1300 Verum
649 1268 733 1299 enim
758 1279 830 1300 vero
851 1270 951 1300 bonus

196 1315 332 1355 Alphius
345 1324 479 1355 quoque,
495 1312 550 1354 qui
565 1312 743 1343 divitiarum
759 1311 949 1354 colligenda-

191 1369 263 1389 rum
284 1357 453 1398 cupiditate
475 1368 508 1387 se
527 1362 735 1387 transversum
757 1356 809 1396 agi
832 1362 949 1395 patere·

191 1410 253 1440 tur,
280 1403 375 1433 homo
396 1401 468 1431 fuit.
516 1400 600 1430 Nam
623 1405 785 1440 postquam
806 1399 947 1429 dulcissi-

191 1456 275 1476 mam
291 1445 377 1476 illam
393 1444 595 1483 voluptatem,
611 1453 682 1483 quae
694 1442 726 1472 in
743 1442 825 1483 agris
840 1442 887 1472 vel
910 1453 948 1473 ex

191 1489 302 1520 vitium
317 1496 349 1519 et
360 1489 505 1519 arborum
521 1486 622 1523 cultu,
638 1486 686 1517 vel
701 1496 739 1516 ex
754 1485 947 1525 pascentium

189 1542 322 1575 gregum
345 1532 503 1571 adspectu,
525 1530 573 1560 vel
596 1540 634 1560 ex
656 1529 750 1559 melle
772 1529 946 1566 condendo,

189 1577 240 1607 vel
254 1586 292 1607 ex
307 1576 417 1606 ovibus
429 1573 606 1610 tondendis,
623 1572 669 1603 vel
686 1582 723 1603 ex
740 1572 841 1612 pomis
863 1573 946 1603 uvis-

188 1630 250 1661 que
269 1618 440 1659 carpendis,
465 1618 514 1648 vel
535 1628 573 1647 ex
595 1616 692 1653 suavi,
714 1626 777 1656 quo
798 1617 868 1656 quis
889 1617 947 1647 sub

189 1663 305 1694 arboris
319 1664 430 1693 umbra
443 1661 483 1692 ad
497 1661 658 1692 salientem
672 1660 792 1690 fontem
815 1666 946 1699 prostra-

131 1718 133 1721 ·
187 1714 239 1738 tus
261 1706 386 1740 fruitur,
413 1705 487 1742 otio,
511 1704 560 1734 vel
581 1714 620 1734 ex
642 1703 817 1740 venatione,
839 1703 887 1733 vel
909 1713 946 1733 ex

188 1750 324 1790 aucupio
352 1755 424 1780 cett.
456 1747 572 1789 percipi
601 1747 705 1787 possit,
735 1752 808 1777 ante
839 1746 947 1777 oculos

186 1793 308 1834 posuit;
338 1799 503 1834 postquam
528 1790 740 1827 domesticam,
767 1800 831 1830 qua
852 1789 945 1820 rusti-

187 1847 243 1868 cus
267 1847 340 1867 curn
366 1844 451 1867 casta
476 1845 533 1866 sua
561 1834 696 1875 conjuge
724 1833 827 1863 vivere
856 1832 944 1871 solet,

186 1880 365 1911 felicitatem
392 1879 573 1910 suavissime
597 1877 767 1916 descripsit,
797 1877 948 1907 hominis-

187 1935 249 1965 que
271 1923 401 1964 agrestis
429 1921 650 1964 frugalitatem,
677 1920 773 1962 longe
797 1920 947 1951 ditiorum

186 1967 354 2008 opulentiae
370 1965 605 2007 praeferendam,
622 1964 768 2004 praeclare
788 1963 945 2002 laudavit;

186 2022 226 2042 ne
249 2011 367 2043 multa!
403 2017 568 2050 postquam
601 2007 738 2048 Alphius
763 2006 946 2045 feliciorem,

186 2065 250 2096 qua
263 2054 296 2084 in
311 2054 394 2096 agris
407 2053 530 2090 vivitur,
545 2053 639 2082 vitam
654 2050 822 2082 luculentis
836 2051 946 2081 colori-

186 2099 246 2129 bus
259 2097 475 2129 adumbratam
499 2095 605 2127 animo
626 2105 684 2125 suo
705 2095 945 2135 repraesentavit,

187 2142 278 2174 ecce!
310 2140 365 2182 qui
387 2140 482 2171 modo
503 2139 630 2170 futurus
652 2144 718 2169 erat
737 2138 881 2175 rusticus,
904 2139 943 2169 ad

186 2191 343 2226 quaestum
372 2194 410 2214 ex
440 2184 558 2214 foenore
586 2182 766 2212 faciendum
796 2181 877 2212 redit
892 2180 945 2212 !—

189 2228 328 2270 Egregie
347 2227 440 2267 plane
463 2226 534 2257 vitae
559 2225 682 2257 rusticae
707 2225 886 2256 felicitatem
910 2225 945 2255 in

186 2271 403 2303 boccan-mine
422 2270 608 2310 descriptam
629 2279 704 2305 esse,
728 2279 821 2300 nemo
842 2268 945 2299 adhuc

187 2317 323 2357 negavit,
338 2313 392 2345 sed
406 2314 461 2355 qui
477 2324 546 2344 eam
560 2314 599 2344 ab
613 2312 740 2342 homine
760 2320 823 2343 tam
846 2311 943 2343 sordi-

187 2359 240 2397 do,
255 2358 356 2400 qualis
372 2358 509 2397 Alpbius
521 2356 593 2392 fuit,
609 2356 858 2386 commendatam
874 2355 943 2386 nol-

186 2403 263 2439 lent,
283 2402 372 2434 fuere
391 2401 505 2441 plures.
555 2400 643 2430 Hinc
664 2406 797 2441 quatuor
819 2398 945 2430 ultimos

189 2447 285 2488 hujus
297 2444 443 2477 carminis
456 2453 562 2474 versus
577 2441 689 2474 seriore
702 2442 832 2473 demum
854 2449 944 2474 aetate

188 2492 227 2521 ab
244 2489 380 2527 Horatio
391 2487 529 2530 adjectos
543 2496 608 2517 esse
629 2486 790 2517 nonnullis
812 2493 945 2517 statuere

187 2533 314 2573 placuit.
363 2532 423 2564 Sed
438 2531 459 2562 ii
475 2540 593 2566 omnes,
609 2536 645 2560 ut
659 2529 739 2559 nihil
753 2529 866 2567 dicam,
877 2529 945 2570 jam

186 2587 277 2608 versu
291 2582 402 2618 quarto
415 2573 500 2606 haud
513 2575 643 2604 obscure
658 2573 728 2603 vitae
749 2583 815 2603 suae
835 2573 943 2603 condi-

187 2620 306 2651 tionem
320 2618 496 2661 designasse
513 2616 678 2656 Alpinum,
694 2616 871 2653 consilium,
887 2626 944 2646 cur

186 2663 403 2695 foeneratorem
429 2659 571 2701 inprimis
599 2660 671 2690 vitae
698 2659 822 2690 rusticae
856 2669 943 2690 nunc

186 2707 379 2738 laudatorem
393 2704 500 2738 fecerit
513 2711 613 2744 poeta,
629 2712 739 2742 parum
754 2702 943 2742 perspexisse

187 2750 341 2782 videntur.
389 2748 513 2781 Scilicet
526 2753 562 2778 ut
575 2746 637 2777 vim
657 2745 754 2783 illam,
777 2755 839 2786 qua
860 2747 941 2776 insa-

188 2793 301 2825 tiabilis
314 2793 493 2824 divitiarum
506 2788 660 2831 cupiditas
674 2796 846 2829 pervertere
860 2799 942 2828 saepe

187 2837 510 2873 hominum*mentes,
539 2840 572 2867 et
598 2832 813 2864 honestissima
840 2842 876 2862 ex
904 2832 941 2863 iis

189 2880 302 2918 pellere
326 2876 579 2914 soleat‘consilia,
605 2886 670 2907 non
695 2876 795 2906 verbis
818 2882 940 2907 tantum

188 2931 219 2952 et
243 2923 412 2962 semendis,
439 2922 524 2965 quod
544 2920 709 2962 sepissime
733 2919 847 2950 Noster
867 2919 941 2950 fecit

187 2966 270 3004 alias,
296 2967 349 2999 sed
371 2969 464 2999 etiam
491 2966 560 2997 vivo
584 2964 672 3006 quasi
698 2962 841 3002 exemplo
862 2973 939 3003 quo-

996 921 1068 953 dam
1084 921 1280 953 manifestam
1294 921 1445 960 redderet,
1467 929 1566 964 apum,
1589 935 1682 966 quem
1705 926 1752 956 in-

995 965 1149 996 tuendum
1165 966 1311 996 omnibus
1332 973 1526 1007 proponeret,
1551 967 1635 999 visus
1657 970 1685 1000 ei
1707 976 1753 1000 est

993 1007 1079 1039 dives
1092 1009 1220 1050 quidam
1236 1009 1401 1041 foenerator
1419 1010 1562 1050 Alphius.
1604 1013 1669 1048 Qui
1684 1012 1753 1054 qui·

995 1052 1066 1082 dem
1084 1052 1128 1083 ita
1142 1052 1174 1082 in
1189 1052 1329 1083 medium
1344 1053 1524 1093 productus,
1548 1061 1584 1085 ut
1605 1055 1669 1095 ips-e
1690 1057 1753 1096 pri-

995 1105 1085 1126 mum
1103 1096 1226 1137 justum
1242 1096 1377 1135 pretium
1398 1103 1546 1128 statueret
1564 1098 1712 1137 felicitati,
1735 1110 1754 1130 a

995 1149 1059 1180 qua
1071 1138 1268 1179 percipienda
1282 1139 1396 1170 deinde
1410 1140 1536 1171 foenoris
1555 1152 1645 1180 porro
1666 1153 1753 1174 exer-

995 1181 1086 1213 cendi
1115 1182 1220 1213 studio
1248 1183 1379 1223 turpiter
1407 1194 1440 1214 se
1468 1185 1620 1224 prohiberi
1645 1197 1753 1226 passus

995 1232 1051 1263 est,
1067 1235 1229 1266 personam
1245 1226 1383 1266 profecto
1397 1226 1429 1257 in
1445 1228 1504 1258 hoc
1519 1229 1655 1260 carmine
1676 1230 1752 1272 agit,

993 1279 1055 1310 qua
1069 1268 1191 1313 sublata
1204 1276 1269 1300 tota
1283 1269 1376 1300 simul
1392 1271 1486 1312 hujus
1503 1272 1648 1303 oerminis
1668 1274 1752 1304 tolli-

993 1318 1044 1343 tur
1065 1312 1208 1355 gravitas.
1223 1331 1266 1336 —
1279 1312 1485 1345 Foeneratoris
1499 1316 1604 1355 Alphii
1619 1317 1750 1348 mentio-

994 1366 1065 1386 nem
1080 1365 1204 1397 quoque
1217 1355 1292 1387 facit
1310 1357 1476 1388 Columell.
1492 1357 1520 1389 1.
1539 1357 1569 1389 7.
1588 1358 1751 1391 2.-Cum

993 1399 1184 1430 nobilissima
1198 1407 1315 1435 autem,
1332 1410 1427 1441 quam
1449 1402 1509 1432 hoc
1529 1412 1653 1434 carmen
1675 1414 1752 1434 con-

992 1442 1079 1479 tinet,
1104 1441 1175 1473 vitae
1197 1443 1320 1473 rusticae
1342 1440 1547 1484 descriptione
1566 1446 1604 1477 cf.
1634 1446 1747 1489 virgil.

996 1486 1112 1527 Georg.
1147 1486 1198 1516 11.
1231 1483 1305 1516 458.
1331 1493 1362 1517 et
1385 1487 1463 1518 alios
1488 1490 1529 1520 ibi
1556 1500 1575 1519 a
1602 1492 1700 1522 Cerdo
1721 1498 1753 1522 et

995 1531 1116 1570 Heynio
1132 1528 1283 1560 laudatos.

1033 1582 1060 1602 v.
1083 1571 1174 1602 1-8.
1193 1575 1328 1613 negotiis,
1343 1573 1375 1603 in
1390 1581 1511 1615 quaestu
1526 1575 1668 1608 faciendo
1682 1587 1749 1608 ver-

990 1615 1140 1653 santibus,
1169 1622 1201 1646 et
1229 1615 1358 1655 proinde
1387 1617 1477 1649 variis
1504 1619 1587 1650 curis
1607 1619 1749 1652 animum

990 1658 1165 1690 districtum
1179 1659 1356 1691 tenentibus
1367 1672 1378 1699 ;
1453 1673 1531 1694 rura
1546 1670 1672 1702 exercet,
1687 1664 1749 1695 ele-

991 1702 1118 1743 gantius
1131 1712 1205 1742 pro:
1231 1710 1305 1734 arat.
1341 1703 1393 1734 Sic
1407 1705 1505 1737 solum
1519 1716 1655 1739 maere
1662 1719 1751 1748 pres-

991 1757 1022 1776 so
1037 1747 1093 1777 suh
1108 1756 1226 1778 vomere
1240 1746 1325 1786 apud
1341 1746 1456 1789 Virgil.
1477 1748 1593 1790 Georg.
1614 1749 1663 1781 11.
1675 1749 1752 1783 356.

989 1806 1033 1814 —
1046 1791 1165 1821 solutus
1186 1790 1414 1832 omnisoemste,
1437 1790 1515 1822 liber
1535 1794 1575 1823 ab
1596 1794 1684 1825 omni
1705 1796 1751 1828 rei

987 1832 1135 1864 foenebris
1167 1833 1281 1863 studio.
1371 1835 1484 1876 Neque
1510 1837 1628 1868 excitat.
1659 1839 1746 1870 class.

990 1878 1055 1907 mil.
1074 1877 1157 1908 truci
1170 1883 1243 1907 cett.
1262 1876 1316 1918 qui
1331 1886 1434 1918 neque
1449 1878 1539 1909 miles
1552 1890 1571 1910 e
1584 1889 1696 1912 somno
1709 1881 1750 1913 ad

990 1929 1130 1961 pugnam
1146 1918 1308 1957 excitatur,
1324 1930 1427 1962 neque
1447 1931 1602 1954 mercator
1620 1923 1750 1957 musn-

990 1963 1035 2004 gii
1063 1963 1238 2002 periculum
1259 1965 1442 2004 expavescit,
1465 1975 1567 2007 neque
1587 1968 1681 1999 rebus
1700 1968 1749 2000 fo-

989 2006 1132 2038 rensibus
1159 2016 1284 2047 operam
1313 2007 1375 2042 dat,
1405 2018 1507 2050 neque
1531 2009 1664 2043 molesta
1683 2011 1748 2049 iun,

989 2051 1104 2091 quibus
1118 2051 1327 2090 potentiorum
1341 2052 1475 2093 gratiam
1489 2060 1521 2084 et
1534 2053 1671 2086 favorem
1691 2055 1749 2087 nbi

990 2092 1126 2135 colligat,
1142 2095 1208 2125 obit
1222 2093 1333 2125 officia.
1409 2097 1530 2128 excitat.
1546 2098 1665 2135 clam,
1679 2100 1743 2130 mil.

988 2137 1114 2168 classica
1128 2137 1212 2168 enim
1227 2145 1324 2169 noctu
1337 2147 1473 2179 quoque,
1492 2139 1596 2171 subito
1616 2141 1656 2172 ab
1676 2141 1747 2172 hos-

988 2181 1071 2211 tibus
1085 2181 1167 2212 facto
1181 2180 1312 2221 impetu,
1326 2181 1366 2212 ad
1385 2181 1500 2213 milites
1521 2193 1540 2213 e
1560 2193 1670 2214 somno
1691 2195 1746 2216 ex-

989 2224 1130 2255 citandos
1143 2226 1351 2263 canebantur;
1366 2223 1569 2266 qua‘quidem
1583 2236 1617 2257 re
1630 2227 1745 2267 posim

989 2267 1109 2298 militiae
1123 2277 1207 2298 curae
1220 2275 1253 2298 et
1272 2267 1423 2298 molestiae
1443 2267 1599 2310 designari
1621 2270 1744 2310 solent;

990 2310 1108 2342 Tibull.
1127 2311 1156 2342 1.
1178 2309 1205 2341 l.
1224 2309 1255 2341 4⁴.
1284 2313 1404 2342 Martia
1419 2313 1472 2343 cui
1484 2323 1605 2344 somnos
1618 2315 1744 2347 classica

981 2357 1074 2394 pulsa
1083 2355 1207 2396 fugent
1217 2370 1229 2391 ‚·
1316 2356 1408 2390 truci,
1423 2354 1505 2386 refer
1522 2355 1564 2387 ad
1576 2357 1745 2389 terribilem

987 2397 1105 2429 classici
1124 2407 1248 2434 sonum,
1271 2407 1336 2438 quo
1349 2397 1472 2439 *milites
1491 2409 1531 2429 ex
1555 2408 1666 2431 somno
1690 2411 1745 2432 ex-

987 2447 1149 2472 terrentur.
1220 2442 1350 2481 superba
1364 2443 1484 2480 limina,
1499 2441 1641 2485 intellige
1654 2454 1744 2486 mag-

988 2484 1081 2515 nifica
1095 2490 1126 2515 et
1140 2483 1302 2524 splendida
1314 2484 1400 2519 atria,
1419 2495 1491 2526 quae
1511 2485 1640 2518 clientes
1660 2488 1743 2519 salu-

987 2534 1087 2558 tatum
1110 2527 1268 2558 venientes
1289 2529 1436 2559 terebant.
1466 2528 1516 2560 el.
1541 2530 1664 2562 Mine-It.
1689 2541 1744 2562 ex-

987 2571 1081 2611 plicat
1093 2571 1232 2611 superba,
1247 2570 1303 2601 ubi
1316 2573 1448 2610 superbe
1461 2571 1590 2604 clientes
1609 2579 1744 2606 stacten-

987 2621 1048 2651 tur,
1063 2620 1242 2654 comparato
1255 2614 1324 2644 loco
1341 2614 1528 2646 Columella
1543 2615 1638 2648 Praef.
1655 2617 1685 2650 Ι.
1707 2617 1738 2650 ’7.

987 2667 1070 2699 seqq.
1100 2656 1156 2687 ubi
1183 2657 1264 2688 inter
1287 2657 1349 2688 alia
1371 2657 1516 2690 dicitur:>
1535 2671 1635 2702 neque
1657 2663 1742 2694 enim

986 2702 1118 2742 roganti,
1133 2702 1208 2742 quid
1221 2707 1334 2741 agnem
1348 2703 1444 2737 intus,
1465 2705 1645 2744 respondere
1665 2709 1745 2738 semi

984 2746 1163 2785 dignantur.
1208 2744 1357 2775 Ceterum
1371 2745 1458 2776 hunc
1470 2745 1575 2777 locum
1593 2747 1743 2780 Claudia-

985 2798 1045 2818 nus
1072 2797 1196 2828 quoque
1223 2787 1258 2817 in
1285 2788 1409 2818 rusticae
1437 2788 1507 2820 vitae
1536 2789 1742 2832 descriptione

984 2831 1123 2861 imitatus
1137 2837 1183 2861 est
1199 2830 1282 2861 LII.
1299 2841 1328 2860 v·
1346 2829 1376 2862 7.
1394 2830 1426 2862 8.
1474 2834 1646 2875 Nonsreta
1659 2846 1741 2868 mer-

984 2880 1067 2906 eaeor
1095 2876 1234 2911 tremuit,
1264 2886 1328 2906 non
1357 2877 1481 2908 classica
1517 2879 1601 2910 miles
1609 2880 1623 2916 ’,-
1663 2880 1740 2912 Non

985 2918 1076 2950 rauci
1089 2919 1154 2949 lices
1165 2919 1292 2958 pertulit
1307 2920 1358 2950 ille
1359 2921 1440 2962 son.

1027 2972 1055 2991 v.
1074 2959 1188 2991 9-22.
1211 2961 1353 2993 Molestis
1367 2962 1438 3000 illis,
1455 2963 1502 2994 vel
1517 2964 1556 2995 ad
1576 2970 1739 3006 quaestum,
