1904 3250
185 139 272 178 368

308 263 407 306 Vita
427 266 548 307 senis.

827 139 1137 183 HORATII

1583 151 1694 199 [Lm.
1718 163 1768 191 ιι.

613 265 778 321 Sequor
797 264 925 315 hunc,
949 265 1148 308 Lucanus
1169 282 1222 309 an
1245 269 1456 325 Appulus,
1479 285 1655 326 anceps:

306 335 417 377 Nam
439 335 680 378 Venusinus
700 343 792 377 arat
812 335 941 378 finem
961 336 1041 378 sub
1061 345 1287 396 utrumque
1308 341 1497 393 colonus,

305 403 466 446 Missus
486 404 541 446 ad
561 404 656 453 hoc,
678 403 810 459 pulsis
836 407 974 460 (vetus
995 412 1059 446 est
1078 414 1126 447 ut
1144 405 1274 460 fama)
1300 409 1501 453 Sabellis:

305 473 406 523 Quo
425 488 479 514 ne
499 487 576 528 per
596 486 776 514 vacuum
799 472 995 514 Romano
1014 474 1250 517 incurreret
1267 476 1426 529 hostis3

306 542 402 583 Sive
423 540 538 597 quod
559 540 703 596 Apula
721 556 841 598 gens,
864 556 939 583 seu
960 542 1076 598 quod
1097 542 1288 587 Lucania
1307 545 1468 589 bellum

304 612 517 653 Incuteret
537 610 730 653 violenta.
795 611 881 655 Sed
901 612 972 654 hic
992 611 1112 654 stilus
1132 612 1248 655 haud
1267 622 1384 670 petet
1402 616 1515 659 ultro

216 687 271 723 40

304 683 559 740 Quenquam
580 683 859 734 animantem3
891 692 934 726 et
953 700 1021 726 me
1042 685 1171 727 veluti
1191 687 1399 730 custodiet
1417 690 1528 734 ensis

305 756 470 813 Vagina
489 763 624 798 tectus
640 772 651 806 3
684 772 811 813 quem
832 772 908 799 cur
928 757 1191 815 destringere
1212 774 1340 801 coner

302 825 440 867 Tutus
462 826 516 868 ab
536 825 696 868 infestis
716 825 983 869 latronibus?
1014 827 1056 870 O
1075 837 1209 884 pater,
1231 837 1275 871 et
1294 845 1372 872 rex

302 896 481 953 Jupiter,
505 905 552 938 ut
571 905 718 952 pereat
737 898 924 953 positum
944 897 1137 956 robigine
1158 898 1303 951 telum,

303 967 396 1010 Nec
417 969 639 1026 quisquam
659 978 811 1011 noceat
831 970 988 1026 cupido
1007 970 1113 1012 mihi
1131 971 1248 1027 pacis
1265 971 1275 1015 !
1308 980 1352 1013 at
1371 971 1455 1023 ille,

302 1037 390 1087 Qui
411 1053 479 1080 me
499 1037 736 1090 commorit,
758 1039 925 1095 (melius
947 1054 1034 1080 non
1054 1047 1242 1097 tangere,
1266 1039 1437 1093 clamo,)

303 1110 453 1162 Flebit,
476 1119 518 1152 et
538 1111 713 1168 insignis
735 1120 824 1154 tota
844 1112 1082 1154 cantabitur
1103 1112 1221 1154 urbe.

303 1183 479 1225 Cervius
501 1184 631 1225 iratus
652 1184 767 1242 leges
789 1185 1006 1226 minitatur
1027 1191 1069 1225 et
1090 1199 1240 1226 urnam
1251 1200 1263 1234 3

190 1291 292 1322 Votiva
317 1291 419 1321 tabula
443 1296 497 1327 est,
514 1301 585 1330 quae
606 1301 641 1321 ex
661 1296 726 1322 voto
743 1292 843 1341 posita
858 1292 952 1322 estin

180 1334 292 1374 templo
320 1340 374 1365 aut
396 1335 497 1374 aliquo
519 1335 582 1365 loco
604 1335 734 1374 publico,
759 1336 794 1370 iu
816 1346 877 1375 qua
899 1336 952 1365 de-

180 1379 295 1418 scripta
319 1379 350 1408 Ιι.
375 1388 400 1408 e.
431 1378 552 1418 depicta
581 1383 625 1408 est
643 1379 780 1420 fortuna
810 1378 950 1418 alimy'us·

183 1423 237 1453 Ita
263 1423 360 1453 solent
386 1421 537 1463 naufragi
561 1431 656 1452 suum
679 1422 891 1463 naufragium
918 1423 954 1452 in

180 1466 288 1496 tabella
303 1466 460 1505 depictum
471 1464 683 1506 circumferre.
745 1471 864 1506 pateat,
877 1474 954 1495 con-

180 1508 373 1549 spiciendam
390 1509 534 1546 proebeat,
551 1507 727 1549 elegantius
741 1518 815 1547 pro:
842 1510 891 1540 sit.

222 1563 251 1582 v.
280 1550 422 1582 34—39.
459 1554 575 1591 Sequor
597 1553 692 1588 hunc,
721 1552 808 1582 hunc
836 1562 949 1593 sequor

178 1605 251 1637 ego,
266 1596 362 1626 homo
376 1595 534 1637 ignobiliS,
557 1595 649 1636 cujus
670 1596 770 1634 patria
784 1601 892 1627 utrum
908 1595 948 1626 ad

181 1638 371 1676 Lucaniam,
386 1649 428 1669 an
442 1638 483 1669 ad
503 1637 655 1677 Apuliam
671 1638 834 1669 referenda
848 1638 898 1676 sit,
913 1638 948 1669 in

179 1683 330 1724 ambiguo
344 1690 410 1720 est;
434 1692 509 1712 nam
524 1682 655 1712 colonus
676 1682 710 1711 in
733 1682 864 1721 patriam
880 1692 947 1712 me-

178 1736 231 1756 am
250 1726 423 1756 Venusiam
443 1725 599 1756 deductus
619 1725 701 1756 inter
724 1725 901 1756 Lucaniam
915 1732 948 1756 et

180 1769 333 1808 Apuliam
348 1779 461 1811 agrum
477 1768 561 1804 colit,
576 1770 632 1811 (ad
646 1769 715 1808 lzoc)
731 1768 813 1806 ideo,
831 1769 947 1811 (Sabel-

147 1829 150 1832 <
176 1812 229 1853 lis)
259 1813 462 1849 Samnitibus,
490 1818 526 1843 ut
548 1818 637 1843 vetus
657 1811 743 1843 fama
764 1819 821 1849 est,
837 1812 946 1852 pulsis,

177 1867 215 1887 eo
230 1856 353 1893 missus,
371 1858 457 1898 (Quo
467 1856 522 1896 ne)
535 1866 577 1886 ne
587 1855 684 1886 hostis
694 1866 751 1895 per
764 1855 834 1887 loca
846 1867 947 1887 vacua

177 1901 258 1942 (non
284 1901 418 1936 obsessa,
444 1909 510 1930 non
535 1898 678 1939 defensa)
702 1899 736 1929 in
762 1899 947 1930 Romanum

179 1953 292 1984 agrum
308 1943 520 1974 incursionem
541 1942 669 1980 faceret,
693 1942 756 1973 sive
770 1942 858 1984 quod
879 1943 946 1982 ipsa

179 1987 309 2026 Apulia,
326 1987 391 2017 sive
413 1986 527 2017 infesta
550 1986 694 2017 Lucania
712 1986 833 2017 bellum
847 1986 944 2017 infer-

174 2037 231 2062 ret.
316 2032 363 2062 hic
377 2033 478 2067 stilus,
494 2031 562 2061 haec
577 2029 756 2061 carminum
769 2029 810 2061 ad
827 2029 946 2061 Lucilii

176 2073 359 2114 exemplum
374 2073 609 2104 scribendorum
625 2073 714 2105 ratio.

217 2129 247 2148 v.
279 2116 333 2148 41.
373 2127 432 2157 pro
455 2119 646 2158 destringere
676 2116 847 2158 legendum
877 2126 945 2147 esse

174 2162 358 2202 distringere
380 2166 494 2200 praeter
519 2171 585 2191 rem
612 2160 653 2191 ad
677 2161 709 2191 h.
736 2160 757 2190 l.
784 2160 947 2192 contendit

176 2206 391 2255 Heindorfius.
480 2205 662 2245 distringere
683 2204 769 2235 enim
791 2210 855 2235 est:
882 2204 946 2234 huc

175 2247 255 2279 illuc
279 2249 330 2279 vel
355 2248 389 2278 in
412 2247 548 2278 diversas
570 2254 672 2287 partes
692 2248 832 2285 trahere;
858 2247 946 2278 unde

175 2291 289 2332 aliquis
302 2292 446 2330 distringi
467 2290 590 2327 dicitur,
612 2291 666 2332 qui
688 2301 755 2322 uno
769 2291 946 2332 eodemque

172 2342 314 2375 tempore
329 2333 420 2366 variis
441 2340 472 2364 et
491 2333 634 2373 pluribus
656 2334 794 2375 nogotiis
815 2336 941 2366 distine-

173 2384 239 2416 tur,
266 2379 330 2410 huc
358 2377 435 2408 illuc
462 2378 605 2408 trahitur.
655 2377 718 2409 Sed
753 2380 942 2418 destringere

172 2428 238 2453 est:
277 2432 316 2453 ex
340 2421 411 2452 loco
435 2419 541 2461 aliquo
565 2421 684 2462 aliquid
711 2421 864 2462 stringere
891 2420 940 2451 vel

178 2466 308 2496 trahere.
350 2464 440 2496 Hinc
455 2471 537 2495 recte
552 2473 637 2495 nunc
652 2464 686 2494 in
703 2464 857 2496 Cicerone
874 2464 941 2495 Off.

174 2509 248 2540 111.
282 2508 336 2540 31.
368 2507 503 2550 legitur.
536 2509 696 2551 confestim
717 2510 859 2549 gladium
892 2510 943 2539 de·

171 2555 304 2591 strinxit,
326 2558 359 2584 et
372 2551 406 2582 in
426 2550 516 2583 Orat.
545 2552 625 2592 Tog.
654 2551 754 2582 Cand.
784 2557 941 2582 conantur

169 2598 205 2628 in
219 2597 444 2638 rempublicam
458 2596 537 2626 sicas
553 2596 749 2635 destringere
788 2594 830 2625 In
844 2603 941 2635 quam

170 2639 300 2680 quidem
322 2649 390 2671 rem
412 2640 577 2670 Ernestius
600 2640 635 2669 in
661 2640 743 2669 Clav.
772 2639 835 2669 Cic.
860 2648 884 2667 S.
903 2647 933 2667 v.

170 2686 358 2725 destringere
379 2687 467 2713 notat
486 2682 572 2712 haec:
600 2680 744 2711 “Hodie
765 2690 860 2711 nemo
877 2680 938 2710 du-

170 2727 272 2758 bitat'
263 2737 297 2757 ιιι
286 2710 360 2758 ζἸιίς
374 2725 484 2758 litteris
497 2724 594 2765 paulo
607 2723 765 2761 versatior,
779 2723 813 2754 in
835 2724 938 2755 omni-

172 2771 243 2808 bus,
267 2771 301 2801 in
322 2770 437 2812 quibus
461 2767 642 2799 detrahendi
665 2767 711 2797 vis
735 2766 940 2807 exprimenda

172 2820 231 2852 est,
254 2813 449 2855 destringere
473 2818 595 2843 recmm
619 2821 696 2848 esse,
723 2820 788 2840 non
813 2809 938 2840 distrin-

170 2868 252 2897 gere.
259 2857 279 2870 ''
328 2857 421 2888 Viros
441 2856 558 2891 doctos,
580 2854 636 2897 qui
650 2853 733 2885 idem
748 2853 933 2890 docuerunt,

170 2900 286 2931 ibidem
311 2901 450 2932 laudavit
477 2900 652 2931 Ernestius.
702 2897 814 2938 ltaque
839 2907 934 2937 supra

170 2953 295 2985 quoque
326 2941 562 2976 od.111.l.
597 2940 646 2974 17.
679 2947 762 2973 recte
793 2939 927 2983 legitur·

995 1291 1176 1322 Destrictus
1200 1292 1291 1326 ensis,
1321 1292 1375 1322 cui
1398 1301 1492 1331 super
1517 1291 1613 1331 impia
1644 1294 1763 1326 cervice

991 1336 1113 1373 pendet.
1152 1333 1326 1365 Similiter
1316 1341 1399 1364 mter
1413 1344 1447 1364 se
1461 1333 1613 1366 differunt
1626 1337 1762 1377 deripere

997 1384 1029 1407 et
1042 1378 1186 1418 diripere,
1200 1376 1281 1407 illud
1302 1378 1388 1407 enim
1410 1377 1525 1408 dicitur
1537 1377 1578 1409 de
1590 1380 1685 1410 rebus
1697 1380 1762 1410 sin-

997 1419 1092 1461 gulis,
1118 1431 1192 1461 quae
1214 1430 1254 1451 ex
1279 1420 1349 1451 loco
1373 1421 1480 1462 aliquo
1501 1421 1711 1454 detrahuntur
1731 1429 1764 1455 et

996 1464 1194 1501 auferuntur,
1226 1463 1300 1494 hinc
1329 1474 1425 1503 supra
1455 1464 1519 1496 Od.
1555 1465 1628 1496 111.
1661 1465 1694 1497 ὃ.
1729 1465 1758 1498 l.

995 1509 1095 1547 signa,
1109 1509 1242 1539 Punicis
1255 1509 1355 1550 adsis-a
1371 1509 1514 1544 delubris,
1530 1510 1664 1549 derepta,
1681 1511 1762 1551 (non

990 1551 1125 1591 direpta)
1153 1551 1319 1589 dicuntur;
1350 1551 1410 1581 hoc
1431 1550 1472 1582 de
1492 1553 1586 1582 rebus
1606 1552 1759 1592 pluribus,

991 1605 1062 1635 quae
1075 1604 1095 1624 a
1109 1594 1277 1633 pluribus
1264 1605 1299 1625 tn
1309 1575 1450 1626 ’diversas
1458 1601 1564 1635 partes
1576 1596 1658 1638 (haec
1672 1596 1759 1628 enim

991 1637 1078 1669 notio
1093 1637 1175 1668 inest
1190 1637 1311 1668 voculae
1331 1639 1366 1669 di
1385 1637 1435 1668 vel
1449 1638 1517 1670 dis
1507 1648 1542 1668 ιιι
1556 1639 1658 1670 verbis
1671 1649 1761 1671 oom-

990 1680 1113 1721 positis)
1129 1681 1296 1721 rapiuntur
1316 1687 1349 1711 et
1362 1681 1560 1719 auferuntur,
1576 1687 1614 1713 ut
1626 1682 1661 1713 in
1675 1683 1760 1715 bello

990 1727 1094 1762 urbes,
1109 1725 1187 1761 loca,
1203 1732 1303 1756 castra
1316 1730 1389 1755 cett.
1414 1726 1509 1765 diripi
1523 1725 1627 1757 solent
1641 1737 1661 1758 a
1674 1727 1759 1758 mili-

991 1768 1086 1798 tibus.

1033 1822 1063 1842 v.
1078 1809 1131 1841 42.
1161 1813 1186 1843 0
1197 1818 1287 1852 pater
1302 1817 1330 1843 et
1344 1822 1396 1842 rea:
1409 1813 1485 1852 Jup.
1505 1815 1527 1831 ‘⁸
1519 1817 1670 1843 ‘unctum
1685 1813 1758 1853 hoc,

990 1863 1026 1885 ut
1049 1857 1191 1886 observat
1221 1857 1282 1887 Vee.
1301 1856 1399 1887 Schol.
1417 1866 1454 1886 ea:
1480 1855 1620 1889 Graecoss’
1642 1856 1762 1888 scilicet

991 1909 1030 1929 ex
1055 1898 1240 1929 Callimachi
1264 1899 1358 1940 Frag.
1383 1908 1414 1937 p.
1439 1897 1506 1930 378
1526 1906 1558 1930 et
1579 1897 1654 1932 581.
1680 1899 1755 1933 edit

990 1944 1129 1974 Ernesti.
1174 1943 1227 1973 Ζεῦ
1241 1944 1347 1985 πέψις,
1369 1942 1406 1976 ὥς
1431 1942 1578 1980 Χαλύβων
1599 1945 1660 1975 vbis
1682 1945 1759 1975 ata-6-

988 1993 1070 2017 λοιτο
1097 1986 1186 2026 γένος.
1237 1986 1336 2022 Quod
1364 1986 1515 2026 expressit
1541 1986 1690 2018 Catullus
1717 1986 1759 2019 de

991 2030 1092 2060 Coma
1109 2028 1278 2060 Berenices
1298 2039 1327 2060 v.
1347 2027 1400 2059 48.
1425 2030 1563 2070 Jupiter,
1585 2036 1623 2062 ut
1646 2032 1759 2072 Chaly-

990 2072 1049 2104 b6n
1072 2083 1164 2104 omne
1181 2083 1283 2113 genus
1299 2079 1415 2113 pereat.
1502 2079 1550 2110 ut,
1575 2073 1699 2105 utinam
1713 2091 1757 2098 -—

984 2118 1130 2157 positum,
1147 2115 1336 2156 depositum,
1358 2115 1542 2156 sepositum,
1566 2116 1616 2148 vel
1635 2123 1756 2149 tectum

990 2169 1115 2201 vagina.

1033 2214 1061 2234 v.
1084 2201 1138 2233 46.
1163 2214 1213 2234 me
1234 2203 1394 2235 commfirit
1418 2212 1460 2233 se.
1483 2201 1541 2240 ira,
1566 2213 1619 2234 me
1641 2202 1755 2235 iramm

988 2246 1168 2284 reddiderit,
1184 2246 1388 2285 lacessiverit3
1412 2255 1486 2278 uam
1501 2252 1612 2284 poetae,
1628 2253 1666 2276 ut
1681 2246 1755 2277 Ho-

987 2290 1084 2321 ratius
1108 2290 1191 2320 infra
1223 2290 1328 2330 Epist.
1362 2289 1411 2320 11.
1436 2288 1468 2318 2.
1501 2287 1573 2319 102.
1599 2289 1654 2326 ait,
1678 2297 1755 2320 suut

983 2345 1084 2374 genus
1099 2334 1267 2370 irritabile;
1290 2333 1366 2363 hinc
1386 2330 1501 2372 passim
1523 2331 1609 2371 apud
1632 2332 1751 2364 Teren-

984 2377 1076 2415 tium,
1093 2377 1149 2416 qui
1162 2377 1209 2407 ira
1223 2377 1330 2410 fervet.
1346 2380 1517 2407 commotus
1530 2375 1654 2406 dicitur.

1028 2431 1058 2450 v.
1091 2418 1147 2450 46.
1165 2421 1270 2462 flebit,
1294 2419 1438 2459 plorabit,
1467 2419 1629 2458 οἰμώξει-ω.
1656 2419 1689 2450 h.
1719 2429 1748 2452 e.

988 2463 1074 2505 gravi
1089 2473 1163 2494 cum
1179 2462 1286 2493 dolore
1299 2461 1462 2502 poenitebit
1475 2471 1551 2492 eum
1564 2462 1661 2504 hujus
1674 2463 1752 2494 stul,

987 2507 1073 2537 titiae.
1102 2509 1187 2548 flere
1221 2516 1297 2545 pro·
1337 2505 1473 2547 graviter
1507 2504 1622 2542 dolere,
1656 2516 1753 2546 supra

985 2549 1090 2590 Epod.
1106 2549 1137 2579 5.
1154 2547 1206 2579 74.
1257 2551 1283 2581 0
1296 2551 1396 2580 multa
1406 2550 1568 2592 fleturum
1590 2555 1753 2590 caput.—

983 2594 1123 2634 imignis,
1139 2592 1303 2634 insigniter
1318 2603 1338 2623 a
1351 2602 1404 2622 me
1419 2598 1554 2624 notatus.

1023 2647 1052 2667 v.
1067 2635 1209 2667 47-56.
1229 2635 1284 2667 Ad
1298 2635 1484 2666 sententiam
1496 2634 1747 2675 exprimendam·

983 2685 1071 2711 “sua
1099 2689 1258 2721 quemque
1285 2680 1399 2709 habere
1427 2689 1524 2716 arma,
1550 2679 1665 2720 quibus
1694 2688 1750 2712 aut

981 2723 1059 2754 alios
1073 2730 1169 2763 petat,
1185 2730 1241 2753 aut
1261 2724 1301 2752 ab
1323 2722 1392 2753 aliis
1414 2733 1448 2753 se
1469 2722 1648 2754 defendat”
1669 2733 1749 2764 qua-

981 2774 1054 2797 tuor
1067 2767 1223 2804 hominoe,
1247 2765 1395 2806 nequitia,
1412 2766 1620 2805 improbitate,
1637 2765 1749 2798 fraude

982 2817 1014 2841 et
1027 2809 1119 2840 malis
1133 2809 1254 2840 artibus
1274 2816 1424 2850 tanquam
1439 2809 1553 2858 armis,-
1567 2808 1708 2850 quibus'
1696 2821 1747 2841 m-

977 2853 1048 2884 festi
1062 2852 1235 2884 reddantur
1248 2852 1327 2888 aliis,
1344 2853 1521 2888 instructos,
1544 2853 1579 2883 in
1602 2853 1747 2885 medium

977 2896 1132 2936 producit.
1150 2914 1194 2921 -
1211 2898 1345 2928 Cer-vius.-
1357 2898 1462 2928 Schol.
1483 2899 1580 2937 Cruq.
1608 2899 1746 2935 Cervius,

976 2942 1106 2973 Ascanii
1118 2941 1254 2978 libertus,
1270 2941 1487 2978 calumniator,
1505 2941 1662 2972 accusavit
1682 2944 1742 2974 Cn·
