1904 3250
195 124 279 164 578

826 125 1136 169 HORATII

309 248 361 290 In
381 257 556 305 puteum
576 249 803 299 foveamve,
825 249 936 301 licet,
961 251 1215 304 Succurrite,
1240 253 1415 312 longum

194 322 280 362 460
313 321 491 373 Clamet,
515 322 564 363 Io
585 322 695 364 cives
715 320 725 365 ἱ
757 337 844 363 non
860 323 926 373 sit,
949 323 1021 379 qui
1041 323 1190 366 tollere
1210 334 1353 368 curet:

312 391 358 433 Si
378 392 471 448 quis
493 399 611 432 curet
631 406 756 447 opem
776 391 900 443 ferre,
922 399 966 434 et
985 392 1205 435 demittere
1229 394 1384 446 funem,

313 459 401 509 Qui
423 460 515 510 scis,
538 475 592 501 an
612 460 800 516 prudens
819 460 906 503 huc
926 476 970 503 se
991 461 1202 518 dejecerit,
1224 470 1350 520 atque

313 529 481 571 Servari
500 528 640 571 nolit?
670 529 822 580 dicam,
848 530 1062 587 Siculique
1081 539 1221 587 poetae

312 598 508 640 Narrabo
528 599 745 641 interitum
762 615 771 640 :
805 598 926 641 Deus
946 600 1193 642 immortalis
1214 601 1362 643 haberi

194 672 280 710 465
311 668 430 710 Dum
451 669 567 725 cupit
588 668 884 725 Empedocles,
907 669 1126 711 ardentem
1145 669 1324 728 frigidus
1347 670 1525 713 AEtnam

313 737 492 779 Insiluit.
555 738 620 780 Sit
633 741 718 795 jus,
741 738 947 796 liceatque
967 740 1106 795 perire
1126 741 1262 795 poetis
1279 757 1289 782 ε

314 810 498 852 Invitum
519 812 591 868 qui
613 821 763 863 servat,
785 812 1018 854 idem‘facit
1038 813 1259 855 occidenti.

314 880 406 922 Nec
427 881 555 922 semel
575 881 658 923 hoc
678 881 802 932 fecit3
833 897 924 933 nec,
948 882 983 924 si
1003 889 1209 924 retractus
1230 883 1324 933 erit,
1343 884 1433 939 jam

315 953 409 995 Fiet
428 953 570 1005 homo,
594 963 636 996 et
655 963 786 1011 ponet
805 951 986 996 famosae'
998 955 1145 996 mortis
1165 970 1365 997 amorem.

199 1029 284 1067 470

316 1025 410 1068 Nec
431 1026 530 1068 satis
551 1034 740 1082 apparet,
763 1042 840 1069 cur
860 1042 1006 1069 versus
1027 1027 1212 1078 factitet3
1243 1036 1387 1070 utrum

316 1096 526 1138 Minxerit
545 1097 589 1138 in
609 1097 769 1153 patrios
791 1098 965 1142 cineres.
989 1113 1043 1139 an
1063 1098 1182 1146 triste
1202 1097 1390 1139 bidental

317 1165 506 1207 Moverit
525 1166 708 1208 incestus
723 1183 735 1217 3
767 1175 880 1208 certe
901 1166 1014 1218 furit,
1038 1182 1087 1209 ac
1107 1167 1222 1209 velut
1242 1182 1380 1219 ursuS,

316 1237 518 1296 Objectos
540 1254 679 1282 caveae
700 1240 832 1282 valuit
852 1240 886 1281 si
906 1239 1101 1298 frangere
1123 1240 1321 1291 clathros‚

196 1380 300 1411 nibus.

384 1385 479 1417 errat,
505 1379 620 1410 ibras‘
610 1390 645 1410 m
668 1390 780 1420 campo
808 1380 858 1411 vel
878 1380 964 1411 silvis
1005 1379 1049 1411 di.

1130 1380 1203 1420 jus,
1226 1385 1370 1419 potestas,
1386 1385 1424 1411 ut
1437 1390 1532 1422 supra
1555 1391 1584 1412 v.
1609 1378 1684 1412 284.
1707 1382 1793 1418 suh,

198 1423 263 1454 huc
278 1421 355 1454 illuc
375 1423 507 1454 vertitur
526 1430 559 1454 et
579 1424 652 1459 ruit,
676 1425 844 1455 bacchatur
857 1431 890 1455 et
903 1425 963 1455 cir·
1006 1423 1095 1455 lato
1077 1435 1152 1464 Jure
1167 1426 1305 1455 nocendi.

199 1472 432 1507 cumvagatur3
455 1466 536 1496 hanc
550 1466 790 1506 explicationem
806 1467 967 1507 postulant

199 1510 371 1550 sequentia.
474 1511 614 1549 longum.
651 1520 717 1541 non
753 1511 793 1541 ad
831 1517 966 1550 tempus,

1054 1478 1084 1497 v.
1103 1465 1177 1497 467.
1202 1469 1284 1498 idem
1295 1468 1384 1509 facit
1403 1469 1562 1505 occidenti,
1588 1467 1674 1498 idem
1692 1466 1779 1503 facit,

1010 1509 1097 1551 quod
1125 1510 1282 1548 occidens,
1305 1510 1402 1549 idem,
1429 1520 1466 1541 ac
1487 1510 1515 1540 si
1544 1521 1617 1541 eum
1647 1509 1779 1546 occidat,

199 1553 255 1583 sed
291 1553 332 1583 ad
360 1563 452 1584 voces
479 1552 513 1582 in
542 1552 676 1594 longum
706 1553 817 1584 ductas
852 1554 963 1585 refero.
1012 1554 1243 1593 (manteau-0127
1257 1556 1300 1594 τῷ
1314 1553 1473 1594 κτείνοντι.)
1492 1554 1621 1584 Lucret.
1644 1554 1705 1585 IV.
1728 1551 1780 1584 ll.

201 1595 317 1637 virgil.
336 1596 412 1626 AEn.
437 1596 499 1626 IV.
526 1594 601 1627 463.
623 1596 663 1627 de
686 1598 832 1628 bubone·
858 1599 965 1638 longas
1009 1597 1064 1628 68.
1112 1599 1238 1638 Nempe
1252 1599 1468 1639 eademfacit,
1495 1603 1525 1629 et
1545 1598 1781 1639 scimusfacere

199 1641 235 1672 in
244 1642 367 1682 fletum
380 1641 493 1671 ducere
506 1651 602 1671 voces.

247 1694 276 1714 v,
296 1681 372 1713 460.
396 1695 461 1714 non
485 1685 534 1720 sit,
560 1685 615 1724 qu'i
641 1685 703 1714 toll.
730 1695 810 1719 cur„
832 1690 902 1714 tum
919 1695 974 1714 ne-

202 1726 323 1757 minem
338 1727 447 1757 adesse
462 1726 568 1764 velim,
585 1726 641 1768 qui
655 1737 730 1757 eum
745 1727 975 1758 extrahendum

203 1776 302 1801 curet.

246 1824 277 1844 v.
301 1811 486 1844 463-466.
506 1814 663 1854 Siculique
679 1818 779 1853 poetae
797 1831 841 1837 —
856 1815 975 1854 Empe-

204 1859 313 1895 docles,
344 1856 548 1896 philosophus
572 1863 604 1887 et
629 1856 784 1896 Physicus
813 1857 975 1898 Agrigen-

201 1902 289 1931 tinus
302 1900 474 1950 ‘egregium
501 1909 628 1930 cannen
654 1899 694 1930 de
717 1901 812 1930 rebus
839 1900 975 1941 physicis

202 1943 335 1984 scripsit,
366 1943 434 1975 Cic.
468 1943 512 1974 de
535 1944 624 1975 Orat.
656 1943 684 1973 I.
706 1942 773 1980 50.
804 1943 890 1975 unde
905 1945 974 1986 J'am

201 1987 316 2018 dicitur
325 1993 418 2028 poeta
435 1989 566 2019 Siculus.
601 1986 655 2017 De
670 1987 781 2017 ceteris
796 1987 864 2027 ejus
878 1987 974 2027 scrip·

201 2031 243 2062 tis
257 2030 320 2061 vid.
348 2033 472 2063 Fabric.
499 2032 581 2062 Bibe.
610 2031 711 2062 Graec.
739 2029 863 2060 11.l2.
914 2031 974 2061 Fa-

203 2074 280 2105 bula
294 2074 334 2105 de
348 2074 417 2115 ejus
437 2073 566 2105 interitu
590 2073 869 2104 circumferebatur
882 2075 968 2105 haec·
961 2087 968 2105 :

208 2117 291 2149 Cum
307 2117 492 2148 immortalis
506 2118 611 2148 haberi
621 2123 760 2156 cuperet,
776 2127 860 2154 eum,
872 2118 970 2154 aiunt,

203 2161 285 2192 clam
307 2161 341 2191 in
363 2167 504 2192 montem
528 2162 662 2192 AEtnam
683 2161 815 2192 enixum
837 2172 876 2192 eo
898 2172 974 2192 con-

201 2204 273 2235 silio
294 2205 337 2235 ibi
370 2204 405 2234 in
426 2204 588 2236 ardentem
622 2210 772 2235 craterem
801 2215 834 2235 se
863 2205 972 2245 praeci-

202 2247 301 2288 pitem
324 2247 455 2285 dedisse,
485 2255 533 2286 ut,
567 2247 594 2278 si
625 2255 753 2287 repente
786 2249 971 2285 evanuisset,

205 2302 245 2323 ex
266 2292 394 2323 homine
423 2291 502 2322 deus
535 2291 637 2322 factus
669 2302 736 2321 esse
769 2292 972 2329 crederetui-3

205 2345 274 2366 rem
295 2341 402 2366 autem
416 2335 526 2366 ferreis
550 2335 619 2376 ejus
641 2334 777 2373 crepidis
798 2345 837 2365 ex
860 2342 977 2366 cratere

206 2389 281 2410 cum
305 2389 406 2410 massa
426 2379 555 2410 ardente
570 2378 675 2419 ejectis
690 2379 875 2417 patefactam
898 2389 974 2410 esse.

206 2441 251 2447 —
281 2421 456 2453 ostendere
491 2422 591 2463 igitur
627 2421 697 2451 vult
736 2422 892 2453 Horatius
918 2423 977 2453 hac

208 2465 396 2503 narratione,
433 2475 588 2507 magnum
620 2464 700 2495 adeo
729 2464 822 2496 illum
853 2472 977 2505 poetam

209 2508 438 2549 Empedoclem
461 2520 499 2540 eo
520 2507 652 2540 consilio
675 2508 708 2538 in
730 2515 880 2539 craterem
905 2508 977 2540 AEt·

208 2563 260 2583 nae
286 2552 459 2589 desiluisse,
489 2562 530 2583 ne
558 2563 578 2582 a
598 2561 759 2593 quoquam
780 2552 854 2583 inde
875 2558 979 2591 posset

209 2595 339 2627 extrahi.
364 2614 408 2622 —
432 2597 592 2628 Caeterum
621 2595 758 2625 diversas
786 2595 825 2626 de
856 2596 976 2636 Empe-

211 2639 311 2670 doclis
325 2646 426 2671 morte
447 2639 650 2675 narrationes,
672 2639 731 2669 hac
752 2638 820 2678 ipsa
841 2639 880 2670 de
894 2650 979 2670 mor-

211 2683 267 2714 tali
302 2682 357 2713 illo
393 2682 434 2714 ad
469 2681 736 2713 immortalitatem
776 2682 858 2712 saltu
895 2683 981 2714 haud

209 2726 425 2767 praetermissa,
448 2727 543 2758 refert
557 2726 653 2767 Diog.
674 2725 779 2756 Laert.
801 2726 906 2756 VIII.
926 2725 978 2756 79.

255 2781 285 2802 v.
303 2768 378 2801 465.
390 2771 534 2813 frigidus
548 2770 648 2800 facete
669 2768 839 2809 opponitur
854 2772 980 2801 ardenti

213 2815 334 2846 AEtnoe.

256 2868 285 2888 v.
310 2855 385 2888 466.
427 2859 471 2890 Sit
489 2857 564 2898 jus..
588 2858 735 2897 liceatque
764 2862 850 2894 cett„
888 2856 979 2887 detur

212 2900 312 2940 poetis
334 2900 425 2933 venia
439 2908 471 2933 et
485 2906 621 2941 potestas
641 2910 698 2941 pro
718 2899 823 2932 lubitu
845 2910 979 2941 pereun-

1008 1642 1125 1678 omnia,
1141 1642 1238 1681 turpi,
1252 1659 1296 1665 —
1309 1644 1416 1672 eadem
1430 1642 1535 1681 turpi5
1560 1651 1631 1680 pro.
1659 1640 1781 1677 eadem,

1017 1695 1054 1715 ac
1068 1683 1179 1723 turpis,
1203 1690 1242 1714 ut
1262 1683 1398 1724 explicat
1417 1684 1462 1715 ibi
1489 1686 1610 1716 Oreech.
1624 1701 1667 1708 —
1684 1683 1784 1715 Redit

1019 1726 1176 1758 Horatius
1205 1727 1245 1758 ad
1273 1727 1423 1758 insanum
1448 1733 1573 1766 poetam
1597 1729 1649 1776 (v.
1676 1725 1785 1766 462),

1017 1770 1073 1811 qui
1098 1770 1237 1810 prudens
1258 1770 1430 1811 volensque
1443 1770 1572 1801 fortasse
1596 1769 1632 1800 in
1651 1776 1784 1810 puteum

1017 1814 1158 1855 dejectus
1174 1813 1290 1844 servari
1310 1813 1399 1844 nolit.

1061 1868 1090 1887 v.
1108 1855 1183 1887 468.
1210 1859 1280 1889 Nec
1295 1859 1388 1889 semel
1401 1858 1551 1899 hocfecit,
1566 1855 1621 1887 sed
1635 1855 1720 1888 idem
1737 1856 1786 1888 fa.-

1017 1900 1060 1932 cit
1073 1900 1198 1931 iterum.
1296 1935 1299 1939 ¹

1061 1955 1091 1974 v.
1119 1943 1194 1974 469.
1228 1945 1301 1976 Fiet
1329 1946 1427 1982 homo,
1448 1943 1489 1975 ad
1514 1953 1622 1974 sanam
1645 1950 1787 1981 mentem

1016 1987 1141 2019 redibit.
1218 1989 1366 2030 favmsae,
1389 1987 1599 2019 memorabilis
1615 1992 1650 2018 et
1668 1997 1787 2018 sermo-

1017 2032 1110 2062 nibus
1123 2030 1291 2061 hominum
1305 2030 1508 2067 celebrandae.
1555 2061 1559 2067 A

1061 2085 1092 2104 v.
1111 2072 1295 2105 470-473.
1319 2080 1431 2106 utrum
1446 2075 1596 2106 Minxerit
1617 2075 1653 2106 in
1669 2076 1787 2114 patrios

1016 2119 1142 2154 cineres,
1170 2124 1277 2148 utrum
1299 2119 1340 2149 ob
1361 2118 1463 2149 scelus
1483 2117 1642 2158 quoddam
1659 2118 1787 2158 gravius

1017 2161 1052 2191 in
1066 2161 1205 2192 furorem
1229 2162 1390 2203 conjectus
1403 2161 1452 2198 sit,
1478 2171 1537 2191 nec
1559 2170 1611 2198 ne,
1633 2166 1715 2191 certe
1736 2160 1788 2191 fu-

1015 2204 1075 2242 rit;
1097 2204 1216 2236 locutio
1231 2207 1266 2236 in
1277 2206 1393 2246 patrios
1405 2205 1522 2236 cineres
1535 2205 1682 2243 mingere.
1698 2214 1778 2244 pro:

1016 2248 1132 2289 patrios
1156 2248 1275 2279 cineres
1298 2248 1397 2287 impio
1422 2253 1548 2287 pectore
1575 2248 1712 2284 turbare,
1735 2247 1787 2278 vel

1016 2292 1190 2331 protervius
1214 2292 1252 2322 iis
1275 2291 1435 2328 insultare,
1459 2300 1549 2331 aeque
1573 2300 1610 2321 ac
1634 2300 1730 2330 supra
1753 2301 1783 2322 v.

1020 2333 1096 2366 457.
1109 2347 1213 2367 versus
1224 2337 1349 2367 ructari
1363 2333 1514 2374 displicet.

1063 2389 1094 2409 v.
1123 2377 1199 2411 471.
1227 2380 1374 2415 bidental,
1404 2377 1493 2408 locus
1518 2375 1655 2408 fulmine
1683 2382 1786 2408 tactus

1019 2422 1154 2463 ideoque
1169 2421 1302 2454 solemni
1322 2431 1410 2452 more
1430 2420 1573 2460 expiatus
1593 2426 1688 2461 atque
1709 2431 1787 2451 con-

1021 2472 1166 2497 sectatus.
1215 2465 1267 2496 Ad
1283 2466 1370 2495 hunc
1384 2464 1499 2500 locum,
1527 2463 1692 2503 sepimenti
1707 2474 1788 2505 quo-

1021 2509 1095 2540 dam
1116 2519 1231 2550 genere
1252 2508 1407 2544 clausum,
1434 2506 1556 2538 n'emini
1581 2508 1707 2546 patebat
1720 2507 1790 2538 adi-

1021 2559 1083 2590 tus,
1106 2559 1138 2583 et
1161 2552 1217 2593 qui
1240 2551 1308 2582 ullo
1332 2551 1428 2582 modo
1456 2560 1530 2581 eum
1559 2550 1788 2590 profanaverat,

1021 2606 1116 2638 grave
1143 2595 1246 2626 scelus
1266 2594 1457 2626 commisisse
1481 2594 1660 2634 putabatur.
1709 2594 1789 2625 Dic-

1023 2646 1075 2670 tus
1089 2645 1194 2670 autem
1210 2638 1264 2669 ille
1278 2645 1324 2668 est
1337 2648 1357 2668 a
1377 2643 1513 2668 mactata
1526 2636 1637 2675 hostia,
1657 2638 1789 2676 bidente,

1023 2693 1087 2724 qua
1099 2681 1290 2721 expiabatur,
1307 2682 1453 2712 bidental.

1067 2738 1097 2757 v.
1129 2723 1194 2756 472
1224 2727 1366 2760 Moverit,
1400 2723 1570 2762 violaverit,
1599 2722 1787 2762 irritaverit;

1023 2780 1117 2810 supra
1140 2768 1245 2810 Epod.
1275 2767 1325 2799 17.
1353 2767 1385 2799 3.
1445 2770 1509 2800 Per
1533 2775 1562 2800 et
1584 2769 1703 2800 Dianae
1723 2779 1790 2800 non

1024 2815 1174 2846 movenda
1189 2814 1333 2845 numina.

1067 2868 1097 2888 v.
1114 2854 1190 2887 473.
1223 2857 1365 2893 clatkros,
1394 2854 1570 2894 cancellos,-
1588 2854 1653 2885 sive
1686 2853 1790 2895 virgas

1025 2900 1146 2944 ligneas
1171 2899 1222 2932 vel
1246 2900 1372 2939 ferreas,
1397 2899 1431 2930 in
1457 2898 1550 2931 cratis
1572 2896 1711 2930 modum¹
1725 2897 1791 2944 qis-
