1904 3250
207 183 292 222 284

838 173 1144 218 HORATII

1510 181 1667 230 [CARM.
1689 191 1780 220 xvi.

237 309 292 346 35
327 304 447 355 Haec,
471 312 512 346 et
533 318 627 360 quae
648 308 849 358 poterunt
868 299 1028 342 reditus
1049 301 1294 344 abscindere
1314 303 1473 354 dulces,

443 374 600 416 Eamus
622 371 757 413 omnis
779 377 976 412 execrata
996 370 1155 421 civitas,

327 445 415 486 Aut
435 458 532 499 pars
554 440 726 482 indocili
744 439 894 481 melior
914 454 1068 497 grege3
1098 440 1238 482 mollis
1258 449 1300 483 et
1319 457 1469 499 exspes

444 514 682 556 Inominata
701 512 934 568 perprimat
954 512 1119 554 cubilia.

327 585 427 634 Vos,
451 583 603 639 quibus
626 590 689 624 est
709 582 855 632 virtus,
878 581 1128 624 muliebrem
1148 582 1283 624 tollite
1302 583 1475 635 luctum,

193 658 294 696 ,40

444 651 624 693 Etrusca
643 658 799 707 praeter
826 658 868 691 et
887 649 1026 692 volate
1045 650 1200 693 littora.

328 724 418 765 Nos
438 731 580 766 manet
603 722 799 765 Oceanus
821 722 1128 780 circumvagus,
1151 738 1264 775 arva,
1286 724 1409 766 beata

444 796 643 838 Petamus
665 811 778 847 arva>
801 795 950 837 divites
972 804 1014 838 et
1033 795 1218 846 insulas3

328 868 488 911 Reddit
507 869 581 910 ubi
604 868 805 910 Cererem
825 868 949 910 tellus
970 869 1134 911 inarata
1153 870 1390 927 quotannis,

444 939 500 980 Et
519 939 712 994 inputata
730 939 854 980 floret
874 954 1008 995 usque
1029 939 1152 980 vinea
1163 955 1174 989 3

223 1015 295 1052 ‘45
328 1011 552 1053 Germinat
571 1019 614 1053 et
633 1007 851 1068 nunquam
870 1010 1052 1053 fallentis
1073 1019 1228 1054 termes
1251 1012 1386 1063 olivae,

446 1084 658 1141 Suamque
677 1083 796 1140 pulla
815 1083 921 1126 ficus
943 1092 1066 1126 ornat
1085 1084 1306 1135 arborem3

330 1156 464 1198 Mella
485 1172 586 1198 cava
606 1164 778 1198 manant
798 1172 852 1198 ex
872 1157 979 1209 ilice,
1002 1158 1216 1199 montibus
1238 1157 1332 1199 altis

445 1227 571 1269 Levis
594 1234 792 1282 crepante
812 1227 988 1284 lympha
1006 1228 1146 1270 desilit
1165 1227 1287 1284 pede.

254 1368 284 1389 v.
302 1357 442 1389 35—38.
467 1359 654 1395 abscindere,
669 1358 865 1396 abrumpere,
880 1357 979 1388 inter-

212 1401 360 1440 cludere;
382 1403 503 1433 reditus
517 1403 631 1438 dulces,
653 1400 774 1432 reditus
786 1399 821 1430 in
836 1401 978 1440 patriam,

211 1456 293 1487 quae,
316 1451 354 1476 ut
380 1445 475 1476 Ovid.
502 1455 542 1475 ex
564 1445 658 1476 Pont.
685 1444 714 1476 1.
743 1443 774 1475 3.
800 1442 853 1475 35.
880 1444 982 1485 loqui-

212 1497 273 1526 tur,
290 1490 452 1520 dulcedine
473 1490 611 1530 quadam
631 1499 687 1520 nos
708 1494 810 1529 captos
823 1493 918 1518 tenet.
936 1505 981 1513 —-

212 1538 361 1569 execrata,
386 1531 594 1573 jurejurando
621 1538 654 1562 et
689 1531 910 1568 exsecratione,
947 1542 982 1562 se

212 1585 376 1617 nunquam
391 1575 561 1606 redituram
577 1585 654 1612 esse,
669 1575 827 1606 obstricta.
873 1576 981 1612 molle,

212 1630 279 1660 prae
306 1618 440 1650 mollitia
468 1624 500 1650 et
527 1619 653 1659 ignavia
683 1617 834 1649 maritimi
862 1617 983 1649 itineris

211 1663 334 1695 labores
356 1661 501 1703 fugiens3
526 1673 637 1703 exspes,
659 1661 817 1703 abjectum
838 1661 983 1692 animum

213 1706 255 1737 ad
275 1705 414 1736 melioris
435 1707 526 1736 sortis
548 1706 636 1745 spem
650 1704 736 1736 haud
755 1705 924 1743 attollens;
939 1723 982 1730 --

213 1751 342 1782 inomin.
355 1751 529 1790 perprimat
543 1750 657 1781 cubilia
675 1748 812 1791 graviter
832 1758 907 1789 pro:
934 1748 983 1779 in-

213 1793 374 1833 auspicato
388 1792 476 1824 domi
490 1798 624 1823 maneat.

255 1846 284 1867 v.
302 1834 444 1867 39-54,
469 1837 613 1868 muliebr.
629 1837 722 1867 tollite
736 1838 870 1874 luctum,
886 1835 985 1867 nolite

213 1881 272 1911 sub
287 1880 425 1911 discessu
437 1890 477 1910 ex
492 1880 592 1921 patria
602 1879 795 1910 muliebriter
806 1879 982 1915 lamentari.

213 1922 267 1955 sed
289 1923 348 1954 viri
370 1930 478 1954 estote.
528 1922 690 1954 Orationis
711 1922 858 1960 colorem,
880 1924 985 1954 obser-

213 1973 306 1998 vante
321 1967 565 2002 Mitscherliclaio,
578 1965 670 1998 duxit
685 1966 802 1997 Noster
812 1976 851 1996 ex
869 1966 984 1997 Archi·

213 2010 324 2049 locho;
350 2011 398 2052 (in
417 2011 503 2042 Stob.
524 2009 608 2041 Flor.
631 2010 721 2041 Grot.
740 2020 771 2050 p.
789 2008 883 2050 513.)
908 2012 985 2044 τλη-

215 2067 259 2092 τε,
291 2056 448 2095 γυναικεῖον
479 2054 574 2088 *rimae
604 2054 798 2093 brunam-01.
846 2055 985 2085 Etrusca

210 2103 299 2138 praet.
319 2103 349 2128 et
370 2098 467 2128 volate
488 2099 546 2128 lite.
563 2097 656 2128 celeri
678 2107 773 2127 cursu
794 2107 881 2128 mare
905 2097 987 2137 Tyr-

214 2141 351 2171 rhenum
362 2140 528 2171 transvecti
536 2140 702 2172 Oceanum
709 2150 818 2172 versus
824 2140 986 2182 navigate3

215 2186 331 2222 volare,
347 2183 387 2214 de
401 2184 494 2214 celeri
509 2183 640 2215 navium
662 2194 767 2222 cursu,
783 2184 846 2215 vid.
864 2184 905 2214 ad
922 2183 984 2215 Ca-

216 2227 288 2259 tull.
306 2227 369 2258 lv.
387 2226 419 2258 5.
488 2229 558 2260 Nos
572 2234 678 2259 manet
697 2228 838 2259 Oceanus
851 2229 985 2259 circum-

217 2282 323 2312 vagus,
340 2282 427 2308 arva,
451 2272 724 2308 Mitscherliclzius,
748 2271 805 2311 qui
818 2283 895 2303 arva
910 2280 985 2301 cum

217 2317 434 2355 circumvagm
451 2313 570 2355 jungit,
593 2315 679 2345 hunc
701 2313 807 2344 locum
827 2314 872 2344 ita
886 2313 986 2354 expli-

218 2364 284 2390 cat:
323 2362 344 2378 ‘¹
358 2368 422 2399 qua
450 2367 524 2388 arva
552 2358 659 2395 ambit,
697 2357 838 2398 adeoque
866 2357 987 2388 insulas

218 2403 252 2433 in
277 2401 408 2434 Oceano
429 2400 521 2439 sitas;
544 2411 601 2441 pro
615 2401 759 2443 vulgari:
785 2411 843 2431 nos
856 2406 987 2432 manent

219 2456 304 2483 arva,
330 2445 460 2477 Oceano
485 2443 671 2475 circumflua
679 2444 714 2483 3³⁵
749 2444 828 2475 mihi
857 2444 987 2486 quidem

219 2488 338 2521 locutio
358 2490 575 2528 circumvagus
597 2499 671 2519 arva
694 2498 772 2527 pro:
805 2498 906 2529 vagus
927 2487 987 2518 cir-

221 2543 296 2564 cum
317 2541 400 2569 arva,
423 2530 589 2562 durissima
610 2531 755 2570 videtur3
778 2537 816 2562 ut
836 2531 916 2562 nihil
938 2530 986 2562 di,-

221 2587 300 2612 cam,
317 2582 384 2607 tam
397 2575 461 2606 vim
473 2574 667 2615 repetitionis
688 2576 776 2606 beata
789 2586 876 2612 arva,
889 2584 988 2624 quarn

222 2619 373 2651 orationis
385 2618 569 2662 gravitatem
583 2624 677 2659 atque
699 2627 818 2648 nexum
832 2617 943 2658 perire,
959 2617 986 2648 si

222 2675 299 2696 arva
313 2663 415 2704 priore
429 2661 499 2694 loeo
519 2661 620 2701 posita
641 2660 682 2691 ad
703 2663 920 2702 circumvagus
936 2671 987 2692 re-

221 2707 350 2738 feratur.
378 2706 480 2746 Supra
494 2704 523 2736 1.
540 2702 593 2736 34.
613 2703 643 2735 9.
649 2706 796 2746 flumina
810 2704 991 2744 simpliciter

224 2749 411 2782 dicebantur
435 2760 533 2799 vagq5
567 2758 625 2779 cur
650 2757 714 2778 non
741 2758 831 2788 aeque
853 2747 894 2778 ad
922 2757 989 2778 rem

227 2795 370 2826 Oceanus
380 2790 561 2833 simpliciter
569 2791 632 2823 dici
640 2790 736 2831 possit
746 2793 976 2831 circumvagus.
971 2791 987 2813 ⁹

224 2838 257 2869 h.
274 2847 302 2868 e.
321 2836 384 2868 late
405 2835 550 2868 diffusus.
597 2836 730 2866 Sensus:
759 2834 862 2865 Trans
887 2834 989 2865 Ocea-

226 2891 306 2911 num
320 2880 567 2922 circumvagam,
578 2878 633 2921 qui
646 2888 705 2910 nos
717 2884 824 2909 manet
836 2888 985 2918 superan-

226 2923 297 2961 dus,
320 2930 464 2964 petamus
485 2933 567 2960 arva,
590 2929 623 2954 et
650 2920 778 2964 quidem
801 2923 890 2953 beata
915 2931 988 2952 arva

228 2973 259 2997 et
284 2967 394 3000 divites
418 2968 546 2999 insulas.
595 2965 645 2999 Sic
650 2933 734 2998 qsere
757 2964 842 3006 apud
873 2963 983 3007 virgil.

1024 1358 1103 1389 AEn.
1122 1358 1207 1390 VII.
1226 1357 1302 1390 225
1330 1359 1474 1390 Oceanus
1494 1358 1640 1401 refusus.-
1658 1364 1743 1389 -et
1763 1360 1790 1389 si

1023 1413 1117 1443 quem
1132 1404 1222 1434 tellus
1237 1409 1370 1434 extrema
1391 1402 1494 1444 affuso
1518 1402 1680 1434 Submovet
1697 1402 1790 1434 Ocea-

1024 1457 1077 1477 πο.
1171 1447 1277 1477 divites
1319 1447 1451 1482 insulas,
1495 1446 1641 1494 Μακάρων
1684 1446 1788 1481 νῆσσυς,

1027 1488 1218 1520 Fortunatas
1230 1488 1361 1526 insulas,
1384 1498 1449 1530 quo
1463 1487 1592 1518 nomine
1606 1487 1692 1528 apud
1706 1495 1790 1519 vete-

1024 1542 1074 1562 res
1088 1542 1150 1570 eas,
1165 1543 1238 1574 quae
1250 1542 1338 1563 nunc
1354 1533 1499 1564 Canariae
1511 1538 1672 1568 vocantur,
1687 1531 1790 1599 desig-

1025 1583 1114 1606 natas
1140 1554 1250 1614 i'uisse,
1272 1575 1339 1617 jam
1368 1574 1423 1606 alii
1446 1576 1612 1615 probatum
1635 1574 1727 1606 ivere-

1026 1619 1088 1653 Est
1115 1625 1223 1650 autem
1240 1598 1372 1702 ’pharum
1388 1618 1565 1650 insularum
1593 1618 1679 1659 apud
1710 1593 1792 1650 Plu—-

1025 1663 1123 1694 tan-ch.
1146 1662 1181 1693 in
1209 1663 1323 1694 Sertor.
1373 1660 1484 1693 ..520
1515 1661 1590 1693 edit.
1612 1629 1727 1694 PReisIc.
1759 1668 1792 1693 et

1028 1705 1186 1746 Pompon.
1213 1706 1294 1738 Mel.
1313 1703 1593 1737 111.10.10.im
1614 1711 1793 1746 comparata

1026 1749 1202 1789 descriptio,
1228 1755 1267 1780 ut
1293 1756 1420 1789 poetam
1448 1759 1501 1780 eas
1529 1748 1736 1789 potissimum,
1758 1749 1793 1780 iu

1026 1803 1114 1834 quas,
1130 1803 1202 1834 quae
1215 1799 1317 1833 poetae
1331 1792 1372 1824 de
1392 1802 1488 1825 aurea
1508 1798 1601 1824 etate
1621 1791 1793 1829 finxeram,

1026 1836 1216 1875 transferret,
1246 1836 1304 1867 sibi
1340 1835 1502 1877 delegisse,
1538 1834 1625 1867 haud
1659 1835 1793 1868 mireris.

1030 1879 1241 1912 obversatum
1260 1890 1386 1921 quoque
1406 1879 1537 1911 fortasse
1556 1885 1658 1920 poeta
1677 1886 1734 1916 est.
1755 1885 1795 1911 ut

1023 1923 1093 1964 jam
1122 1922 1336 1956 Gesner-usin
1364 1922 1509 1955 Praelect.
1542 1922 1595 1954 11.
1621 1924 1791 1964 demvig.

1027 1973 1102 1998 extr.
1130 1970 1270 1999 Column·
1291 1969 1388 1999 Here
1405 1977 1437 2007 p.
1462 1965 1537 2002 456.
1561 1965 1697 2003 monuit,
1718 1976 1795 1999 eon-

1028 2010 1135 2041 silium
1160 2010 1252 2047 illud,
1277 2010 1363 2052 quod
1390 2011 1547 2042 Sertorius
1573 2010 1652 2042 Urb.
1687 2009 1791 2043 Cond-

1031 2053 1324 2086 DCLXXXIII.
1340 2063 1416 2085 cum
1430 2054 1500 2096 ejus
1515 2063 1567 2084 res
1579 2053 1614 2084 in
1637 2053 1794 2093 Hispania

1028 2097 1064 2128 in
1089 2108 1253 2129 summum
1279 2097 1447 2129 discrimen
1477 2096 1623 2128 adductae
1650 2097 1793 2146 fuissent,

1028 2142 1063 2171 in
1096 2141 1216 2172 insulas
1246 2141 1436 2173 Fortunam
1469 2139 1643 2182 trajiciendi
1677 2139 1794 2180 cepisse

1028 2184 1164 2223 dicitur3
1180 2183 1241 2215 vid.
1262 2184 1422 2216 Plutarch.
1441 2183 1463 2215 l.
1479 2184 1503 2214 l.
1572 2183 1672 2215 reddit
1689 2186 1792 2216 Cerer-

1027 2228 1136 2270 fruges
1153 2208 1239 2266 ’fert3
1269 2228 1392 2268 proprie
1411 2227 1541 2268 quidem
1564 2229 1703 2259 Cererem
1723 2230 1794 2261 red·

1028 2274 1100 2303 dere
1124 2270 1241 2302 dicitur
1261 2281 1337 2312 ager
1357 2270 1463 2302 cultus
1483 2277 1516 2301 et
1535 2276 1652 2308 aranas,
1675 2270 1732 2312 qui
1745 2281 1793 2302 se-

1028 2324 1104 2345 men
1117 2314 1176 2346 sibi
1190 2314 1345 2345 creditum
1359 2323 1433 2345 cum
1454 2313 1574 2344 foeuore
1593 2315 1702 2350 reddit.
1720 2315 1752 2346 h.
1765 2325 1794 2347 e.

1028 2357 1132 2399 largas
1152 2357 1261 2399 fruges
1284 2367 1325 2388 ex
1346 2356 1465 2388 semine
1485 2356 1625 2396 profert;
1647 2357 1703 2388 eed
1724 2358 1793 2390 haec

1028 2400 1196 2432 locutionis
1214 2400 1385 2440 proprietas
1405 2399 1491 2431 haud
1511 2400 1654 2441 urgenda
1674 2406 1731 2432 est.
1747 2419 1794 2428 —

1032 2444 1183 2476 Ceterum
1207 2443 1389 2475 translatam
1410 2443 1499 2475 illam
1523 2453 1563 2474 ex
1581 2454 1678 2476 aurea
1701 2451 1792 2477 mte

1029 2487 1071 2518 ad
1088 2487 1276 2518 Fortunatas
1289 2486 1408 2518 insulas
1428 2489 1466 2518 de
1486 2498 1634 2528 agrorum
1654 2490 1793 2520 inarato-

1029 2542 1102 2562 rum
1109 2532 1275 2574 fertilitate
1295 2530 1481 2562 sententiam
1502 2537 1638 2571 quatuor
1657 2531 1794 2564 versibus

1029 2580 1122 2615 poeta
1149 2573 1280 2613 pulchre
1309 2573 1518 2613 amplificavit.
1574 2574 1794 2615 Comparanda

1027 2623 1133 2648 autem
1147 2627 1222 2648 cum
1239 2617 1358 2648 Nostro
1378 2627 1416 2648 ea
1435 2623 1599 2657 poetarum
1619 2617 1698 2654 loca.
1721 2629 1794 2660 quae

1027 2661 1063 2691 in
1087 2670 1190 2692 aureae
1213 2661 1312 2692 aetatis
1333 2660 1542 2701 descriptione
1562 2667 1733 2698 vet-sanun,
1756 2662 1792 2693 in

1033 2714 1160 2746 quoque
1173 2703 1239 2734 fere
1253 2709 1344 2744 poeta
1357 2704 1458 2735 obvia.
1487 2706 1578 2747 ficus
1594 2707 1695 2746 pulla,
1710 2706 1793 2738 fusci

1033 2747 1155 2786 coloris,
1176 2747 1280 2789 qualis
1301 2753 1348 2778 est
1363 2747 1482 2779 ficuum
1503 2755 1719 2788 maturarum;
1743 2761 1793 2781 or·

1031 2797 1088 2823 me
1102 2802 1193 2822 naam
1212 2793 1362 2829 arborem,
1383 2791 1418 2821 in
1439 2801 1497 2822 sua
1517 2792 1654 2824 nascitur
1673 2794 1792 2831 arbore,

1031 2844 1096 2865 non
1110 2834 1144 2864 in
1164 2833 1328 2866 frondibus
1348 2834 1529 2876 peregrinis,
1551 2836 1582 2866 h.
1601 2846 1628 2866 e.
1646 2846 1703 2876 per
1715 2836 1792 2867 insi-

1030 2877 1123 2909 tionis
1143 2887 1224 2918 opus
1244 2877 1418 2918 adoptatis3
1445 2877 1484 2909 de
1505 2878 1625 2910 ficuum
1645 2880 1792 2912 insitione

1030 2920 1092 2952 vid.
1121 2921 1200 2953 Cato
1223 2921 1343 2953 XLII.
1374 2920 1401 2952 l.
1429 2922 1599 2954 Columell.
1625 2922 1666 2954 V.
1689 2922 1738 2955 ll.
1757 2922 1788 2955 7.

1031 2976 1098 3005 sua,
1122 2964 1262 2997 similiter
1283 2965 1505 3008 apudivirgil.
1528 2966 1645 3009 Georg.
1666 2967 1714 3000 11.
1734 2966 1787 2997 82.
