1904 3250
123 1817 125 1819 ¹
191 1822 353 1854 enarrasti.

193 215 278 258 410

835 215 1142 260 HORATII

1586 223 1695 273 [ΜΒ.
1720 235 1769 262 11.

313 343 412 385 Non
433 351 572 386 tamen
592 344 799 398 interpres
820 340 1068 383 tantundem
1086 342 1245 397 juveris
1256 359 1268 393 3
1299 344 1409 387 adde

313 416 489 459 Vultum
510 416 784 471 habitumque
804 414 1011 464 hominis3
1043 429 1169 471 quem
1188 422 1235 456 tu
1254 417 1407 459 vidisse
1427 418 1575 460 beatus

312 485 413 528 Non
433 485 575 542 magni
595 484 759 540 pendis,
781 485 881 542 quia
902 484 1103 542 contigit:
1134 491 1178 525 at
1196 485 1301 527 mihi
1320 502 1422 530 cura

314 555 413 596 Non
433 554 657 596 mediocris
677 555 798 606 inest,
819 553 956 596 fontes
978 562 1025 596 ut
1044 553 1162 596 adire
1182 563 1364 598 remotos

226 632 280 669 95
314 627 454 682 Atque
475 626 645 668 haurire
664 641 818 683 queam
836 627 934 668 vitae
954 634 1169 683 praecepta
1188 627 1336 670 beatae.

834 842 974 885 SATI
980 842 1064 884 RA
1108 843 1161 885 V.

314 981 418 1024 Hoc
438 997 619 1039 quoque,
644 982 822 1035 Tiresia„
843 992 1001 1040 praeter
1020 992 1191 1026 narrata
1209 986 1368 1041 petenti

314 1052 567 1109 Responde:
600 1053 752 1110 quibus
773 1054 945 1095 amissas
966 1069 1164 1110 reparare
1184 1070 1335 1112 queam
1356 1071 1423 1098 res

313 1126 489 1168 Artibus
509 1135 635 1184 atque
655 1127 806 1169 modis.
868 1127 987 1177 Quid
1007 1127 1152 1170 rides?
1209 1128 1360 1171 Jamne
1380 1129 1529 1172 doloso

314 1195 414 1237 Non
435 1197 534 1238 satis
555 1205 619 1238 est
640 1197 831 1239 Ithacam
851 1197 1008 1249 revehi,
1030 1198 1274 1255 patriosque
1292 1207 1467 1255 penates

254 1270 280 1308 5
313 1265 547 1323 Adspicere
563 1265 583 1308 ?

644 1266 685 1308 O
706 1267 812 1309 nulli
832 1267 1063 1324 quidquam
1086 1269 1272 1320 mentite,
1298 1269 1416 1311 vides
1438 1277 1486 1311 ut

312 1334 467 1378 Nudus
487 1337 693 1393 inopsque
714 1337 888 1379 domum
908 1337 1091 1389 redeam,
1108 1346 1150 1380 te
1170 1347 1277 1390 vate,
1299 1354 1437 1396 neque
1456 1339 1543 1381 illic

313 1406 403 1447 Aut
422 1406 629 1462 apotheca
646 1407 787 1463 procis
807 1408 963 1450 intacta
983 1416 1059 1459 est,
1081 1416 1153 1450 aut
1182 1423 1336 1464 pecus;
1367 1409 1483 1466 atqui

314 1474 372 1516 Et
389 1491 538 1533 genus,
560 1483 602 1518 et
622 1477 766 1528 virtus,
789 1477 870 1518 nisi
891 1492 986 1518 cum
1007 1492 1067 1528 re,
1089 1477 1212 1519 vilior
1232 1478 1329 1535 alga
1348 1486 1423 1519 est.

314 1543 502 1594 Quando
521 1546 781 1601 pauperiem,
802 1546 939 1587 missis
960 1546 1222 1604 ambagibus,
1244 1546 1408 1598 horres,

231 1617 281 1656 10
313 1614 487 1670 Accipe,
517 1630 601 1671 qua
620 1615 783 1657 ratione
805 1631 933 1672 queas
954 1615 1171 1658 ditescere.

1235 1615 1424 1668 Turdus,

314 1686 410 1729 Sive
430 1687 545 1729 aliud
564 1688 733 1744 privum
753 1688 923 1730 dabitur
941 1688 1031 1740 tibi,
1054 1688 1222 1731 devolet
1239 1688 1354 1740 illuc,

438 1834 547 1864 perges
562 1836 758 1866 quocunque,
773 1835 963 1866 quacunque

191 1867 322 1898 tandem
349 1866 398 1897 via
422 1867 464 1897 ad
489 1877 575 1906 eum,
604 1869 698 1911 cujus
726 1878 844 1900 nomen
869 1869 963 1906 ceIaS,

192 1921 338 1991 peffiegl,
355 1953 408 1985 92.
432 1955 598 1995 interpres,
607 1955 669 1996 qui
683 1955 788 1993 refert,
804 1954 891 1996 quod
905 1966 963 1986 au·

193 1997 281 2028 divit.
371 1999 581 2040 habitumque,
598 1998 665 2029 scil.
677 1999 824 2039 corporis,
840 1998 881 2030 ad
895 1999 965 2041 dig.

192 2041 324 2091 nitatem
340 2048 372 2073 et
385 2042 570 2084 gravitatem
591 2049 747 2083 praecepta
761 2043 865 2074 dantis
878 2053 964 2074 com-

194 2094 297 2126 posm-
363 2129 369 2135 ι

451 2172 635 2204 SATIRA
666 2174 709 2205 V.

241 2258 397 2291 Horatius
415 2258 562 2299 Ulyssem
577 2271 651 2291 cum
676 2261 797 2293 Tiresia
812 2261 898 2302 apud
914 2261 964 2291 in-

193 2303 279 2334 feros
292 2303 534 2344 colloquentem,
551 2311 583 2334 et
597 2315 635 2335 ex
651 2316 699 2341 eo,
715 2305 831 2346 quibus
844 2306 964 2336 artibus

195 2346 332 2386 perditas
346 2357 422 2387 opos
435 2356 617 2387 recuperare
639 2349 744 2388 possit,
768 2355 963 2390 quaerentem

194 2389 327 2421 inducit.
376 2390 521 2427 Tiresias,
543 2390 576 2421 id
596 2393 714 2431 optime
727 2403 783 2432 per
797 2392 960 2423 haeredita-

194 2441 242 2465 tes
271 2433 392 2465 callidis
415 2434 533 2465 artibus
563 2436 732 2485 captandas
759 2435 830 2466 fieri
858 2446 959 2476 posse,

193 2477 397 2517 respondens,
417 2478 635 2509 Romanorum
650 2479 762 2510 misere
777 2479 960 2519 depravatos

193 2531 298 2552 mores
311 2521 411 2561 carpit
422 2528 454 2552 et
467 2527 540 2552 ante
555 2522 663 2552 oculos
677 2522 776 2562 ponit.

239 2575 268 2595 v.
285 2563 312 2595 l.
329 2567 400 2597 Hoc
411 2576 544 2607 quoque,
566 2567 694 2603 Tiresia,
710 2572 782 2597 cett.
803 2565 959 2596 Horatius

193 2608 343 2640 lectorem
357 2608 391 2638 in
405 2618 473 2639 rem
486 2607 625 2639 mediam
645 2609 736 2649 rapit,
759 2609 935 2639 nimirum'
925 2619 960 2639 m

194 2652 389 2693 colloquium
406 2651 527 2692 Ulyssis
540 2662 615 2682 cum
630 2663 713 2683 caeco
723 2652 780 2683 illo
790 2659 859 2683 vate
873 2653 959 2684 The-

193 2697 286 2733 bano,
310 2696 443 2734 Tiresiri,
468 2695 509 2726 de
529 2702 596 2726 arte
617 2695 788 2726 ditescendi
803 2696 956 2726 habitum.

197 2739 285 2769 Ante
310 2739 419 2770 oculos
442 2738 552 2770 habuit
579 2738 761 2770 Homerum
783 2739 817 2769 in
842 2738 956 2779 Odyss.

197 2783 264 2813 XI.
286 2781 357 2814 137.
376 2783 433 2814 ubi
457 2782 592 2814 Tiresias
612 2782 698 2822 apud
718 2782 835 2813 inferos
856 2781 959 2813 scisci-

194 2827 275 2857 tanti
293 2827 399 2867 Ulyssi
413 2827 554 2858 futuram
569 2826 637 2868 ejus
658 2832 771 2857 sortem
794 2826 901 2865 aperit.
916 2843 961 2851 —

195 2872 268 2901 Hoc
282 2882 403 2912 quoque
413 2889 457 2895 —-
463 2876 579 2911 praeter
591 2876 732 2906 τιαπαια,
752 2868 882 2909 ulysses
890 2869 958 2910 jam

194 2913 235 2943 de
264 2913 333 2944 aliis
360 2915 454 2945 rebus
482 2912 682 2945 consuluerat
705 2913 869 2950 Tiresiam,
894 2913 955 2943 vid.

199 2956 298 2987 Hom.
318 2957 432 2998 Odyss.
451 2957 516 2988 XI.
530 2968 559 2988 v.
575 2955 618 2988 90
629 2967 711 2998 seqq.
725 2962 758 2987 et
771 2966 857 2987 nunc
871 2963 957 2988 tran-

193 2999 233 3029 sit
248 3000 289 3031 ad
304 3011 417 3032 novam
431 3011 498 3032 rem
512 3003 552 3034 ab
565 3001 622 3033 illo
635 2999 868 3044 exquirendam.

1049 1834 1079 1854 v.
1098 1823 1130 1855 3.
1153 1826 1237 1860 Quid
1251 1825 1332 1856 rides
1342 1825 1361 1855 ε’
1387 1824 1490 1856 risisse
1503 1824 1628 1857 videtur
1641 1825 1777 1858 Tiresias

1007 1867 1046 1899 de
1063 1868 1240 1904 hominum,
1257 1878 1423 1910 nunquam
1443 1875 1528 1900 sorte
1540 1879 1598 1900 sua
1611 1876 1776 1902 contento-

1005 1921 1089 1949 rum,
1112 1911 1253 1953 ingenio.
1303 1912 1434 1952 Ulysses
1454 1912 1549 1950 enim,
1571 1912 1628 1955 qui
1648 1913 1682 1944 in
1701 1913 1776 1945 dul-

1006 1955 1131 1986 cissima
1145 1966 1210 1995 spe,
1223 1966 1256 1986 se
1269 1956 1355 1986 brevi
1368 1955 1410 1987 ad
1423 1966 1498 1987 suos
1506 1956 1681 1988 rediturum
1697 1967 1774 1995 esee,

1009 1999 1205 2040 acquiescere
1226 1999 1369 2038 debebat,
1391 2009 1478 2031 nunc
1499 1996 1581 2031 a'rtes
1601 2006 1634 2031 et
1652 2000 1774 2038 modos,

1008 2043 1125 2084 quibus
1147 2043 1276 2074 amissas
1296 2053 1346 2074 res
1365 2053 1509 2083 reparare
1528 2043 1636 2084 posdt,
1657 2044 1775 2075 discere

1009 2086 1108 2126 cupit,
1119 2086 1187 2127 ipse
1197 2086 1342 2117 omnium
1350 2086 1548 2118 fallacianstn
1561 2087 1775 2127 peritissimus.

1007 2147 1051 2154 —
1066 2132 1165 2162 doloso
1190 2131 1352 2171 eleganter
1375 2137 1408 2161 et
1432 2130 1568 2172 graviter
1595 2140 1669 2170 pro:
1701 2130 1770 2161 n’bi.

1011 2173 1064 2205 Sic
1092 2174 1178 2204 enim
1201 2173 1385 2216 designatur
1411 2173 1540 2215 Ulym
1563 2173 1644 2210 talis
1669 2173 1774 2223 qualis

1006 2223 1083 2255 erat,
1110 2217 1279 2260 «ozae-gom
1280 2231 1304 2255 ς,
1325 2224 1364 2248 ut
1381 2218 1422 2249 ab
1445 2217 1591 2248 Homero
1612 2216 1648 2246 in
1669 2215 1773 2256 primo

1007 2261 1112 2292 statim
1128 2271 1221 2292 versu
1237 2260 1388 2302 Odysseae
1401 2267 1540 2292 vocatur.

1048 2315 1078 2335 v.
1097 2304 1128 2335 6.
1152 2311 1183 2336 te
1209 2312 1287 2340 vate,
1310 2310 1348 2335 ut
1368 2310 1404 2335 tu
1425 2304 1492 2343 ipse
1516 2302 1703 2334 vaticinatus
1723 2314 1767 2335 es.

1007 2348 1109 2379 Hom.
1131 2347 1245 2388 odyss.
1266 2347 1334 2378 XI.
1351 2357 1381 2377 v.
1401 2345 1466 2377 110
1478 2357 1563 2397 seqq.

1046 2402 1076 2423 v.
1095 2391 1126 2423 7.
1143 2393 1296 2432 apotheca,
1319 2390 1399 2421 cella
1411 2390 1540 2427 vinaria,
1562 2389 1597 2420 in
1611 2390 1771 2430 superiore

1003 2435 1121 2466 aedium
1135 2442 1231 2475 parte,
1246 2433 1348 2471 fumo,
1363 2443 1429 2475 quo
1441 2434 1676 2465 octimber-etur
1697 2434 1772 2465 vino

1002 2479 1176 2515 maturitas,
1191 2477 1313 2518 pervia3
1338 2478 1412 2508 hinc
1426 2476 1623 2520 cadisumasi
1638 2479 1771 2510 Falerni

1002 2522 1089 2563 apud
1105 2521 1222 2553 Tibull.
1242 2517 1414 2551 11.1.2'7.

1046 2577 1075 2597 v.
1091 2565 1123 2596 8.
1141 2575 1270 2599 cum-re,
1287 2562 1503 2595 sesamiliari.
1560 2565 1612 2596 vil.
1629 2566 1771 2606 algaese.

1001 2611 1124 2649 —alga
1140 2607 1324 2648 proverbiali
1338 2607 1497 2638 locutione
1508 2606 1548 2638 de
1562 2617 1596 2638 re
1610 2608 1769 2640 vilissima.

1005 2652 1096 2694 Virg.
1117 2649 1555 2693 Eclog.V11.⁴1-2.prr,»yecta
1569 2653 1656 2683 vilior
1668 2654 1750 2693 alga.

1046 2706 1074 2726 v.
1103 2694 1154 2726 ll.
1177 2697 1316 2735 Jm'vum,
1343 2695 1509 2735 peculiare,
1535 2694 1704 2736 singulare,
1727 2696 1768 2727 de

1003 2749 1052 2777 eo,
1065 2738 1151 2780 quod
1165 2738 1261 2769 alicui
1281 2744 1330 2769 est
1351 2738 1523 2778 proprium,
1545 2738 1631 2779 quod
1652 2739 1767 2781 aliquis

1002 2793 1066 2822 prae
1080 2781 1149 2813 aliis
1162 2783 1272 2818 habet;
1289 2791 1365 2823 ergo
1379 2780 1499 2822 aliquid
1512 2782 1583 2819 rari,
1595 2783 1685 2821 (nos'
1675 2793 1709 2813 m
1721 2783 1767 2814 vi·

1002 2832 1035 2857 ta
1045 2827 1206 2857 communi
1215 2825 1319 2856 dicere
1329 2824 1484 2856 solemus·
1502 2831 1598 2857 etwas
1609 2828 1763 2865 delibata,

1002 2870 1168 2905 besondres,
1172 2869 1184 2908 )
1197 2868 1289 2910 quale
1300 2879 1357 2909 pro
1363 2868 1555 2899 munusculo
1565 2870 1674 2901 amicis
1682 2870 1765 2902 mitti

1001 2912 1089 2949 solet,
1105 2919 1142 2943 ut
1155 2914 1276 2948 turdus,
1293 2912 1348 2953 qui
1363 2912 1403 2943 ad
1417 2912 1548 2943 rariores
1569 2923 1654 2944 escas
1666 2915 1763 2954 pmi-

999 2963 1064 2994 net‚
1079 2963 1120 2994 et,
1135 2966 1207 2998 quae
1223 2962 1412 3005 sequuntur,
1435 2955 1598 2987 fructuum
1619 2957 1653 2987 in
1666 2958 1764 2988 hortis

1000 2999 1169 3042 fundisque
1184 2999 1339 3039 primitiae.
1366 2998 1491 3031 Eodem
1506 2999 1587 3032 redit
1600 3011 1620 3032 a
1632 3001 1763 3034 Gesnero
