1904 3250
196 192 220 228 8
827 188 1134 230 HORATII

1602 192 1711 240 [Lm.
1734 202 1763 230 1.

313 315 453 365 Quem
473 316 619 357 mortis
640 316 778 357 timuit
797 314 991 372 gradum,

373 385 460 436 Qui
481 387 604 428 rectis
626 385 757 427 oculis
777 391 969 426 monstra
989 382 1189 433 natantia,

314 457 400 508 Qui
421 459 526 501 vidit
545 474 660 500 mare
681 457 897 515 turgidum
918 463 959 496 et

223 530 278 568 20

371 528 554 570 Infames
576 527 769 583 scopulos
791 526 876 567 alta
898 523 1142 566 Ceraunia?

313 600 610 658 Nequidquam
631 600 751 642 Deus
773 597 951 640 abscidit
997 628 1000 635 ,

370 671 563 712 Prudens
587 669 760 711 Oceano
782 667 1036 710 dissociabili

313 743 481 794 Terras,
505 744 539 784 si
560 750 700 784 tamen
719 742 847 797 inpiae
912 763 914 765 ·

368 816 467 857 Non
488 815 701 873 tangenda
722 822 831 855 rates
852 814 1092 855 transiliunt
1112 814 1231 856 vada.

225 891 278 929 25
312 888 469 930 Audax
490 888 631 929 omnia
651 888 816 944 perpeti

370 958 488 1000 Gens
509 949 695 999 humana
714 958 799 999 ruit
819 972 895 1013 per
916 957 1090 999 vetitum
1109 956 1239 1001 nefas.

309 1030 468 1073 Audax
489 1030 623 1087 Iapeti
645 1046 777 1088 genus

367 1103 518 1161 Ignem
538 1103 686 1145 fraude
706 1104 817 1145 mala
836 1104 1032 1161 gentibus
1053 1103 1204 1145 intulit.

311 1172 416 1214 Post
435 1174 577 1231 ignem
599 1174 772 1215 aetheria
792 1173 920 1215 domo

222 1245 278 1283 30

311 1315 458 1358 Terris
479 1317 669 1358 incubuit
689 1316 864 1358 cohors:

371 1244 636 1286 subductum
660 1243 822 1285 Macies
845 1252 887 1285 et
907 1259 1017 1285 nova
1040 1243 1240 1286 Febrium

370 1389 612 1446 Semotique
632 1390 749 1446 prius
771 1389 894 1432 tarda
912 1390 1138 1432 necessitas

312 1458 409 1500 Leti
431 1460 634 1515 corripuit
654 1459 848 1518 gradum.

370 1531 583 1588 Expertus
605 1549 783 1575 vacuum
803 1533 1010 1576 Daedalus
1031 1548 1129 1575 aera

195 1647 337 1691 (Latinis
366 1651 505 1691 θαι-αἰαὶ)
537 1650 635 1681 stellae
657 1651 690 1681 in
719 1651 824 1682 fronte
848 1650 959 1687 Tauri,

130 1729 132 1731 q
194 1702 329 1734 quarum
355 1699 442 1724 ortus
468 1700 500 1724 et
523 1704 652 1725 occasus
674 1696 794 1726 tristem
823 1700 959 1733 tempes-

194 1741 291 1766 tatem
306 1736 475 1775 praedicere
490 1737 683 1769 credebatur.
700 1737 796 1770 Ovid.
813 1737 898 1768 Fast.
915 1737 956 1767 V.

196 1778 269 1810 165.
301 1781 364 1812 Ora
386 1782 507 1812 micant
543 1783 643 1814 Tauri
662 1788 776 1822 septem
798 1782 960 1812 radiantia

191 1824 351 1865 flammis,
375 1826 495 1856 Navita
519 1836 598 1866 quas
621 1827 754 1867 Hyadas
780 1826 898 1857 Graius
920 1825 958 1855 ab

195 1867 292 1898 imbre
315 1867 395 1908 (ὕειν,
418 1868 541 1909 pluere)
564 1876 661 1900 vocat.
751 1879 782 1899 v.
814 1866 865 1901 15.
893 1869 960 1903 Quo

195 1921 261 1942 mn
282 1912 397 1943 arbiter
419 1917 491 1942 cett.
508 1911 572 1953 qui,
597 1911 684 1953 quod
698 1911 812 1944 attinet
824 1911 865 1943 ad
880 1917 962 1942 tem-

195 1958 348 1994 pestatem
369 1960 436 1985 tam
458 1956 686 1991 concitandam,
710 1966 805 1997 quam
832 1964 962 1994 compo-

196 1997 345 2034 nendam,
360 2008 518 2029 summam
529 1999 562 2029 in
577 1999 657 2031 mari
670 1999 859 2031 Hadriatico
874 2008 962 2030 exer-

197 2046 248 2072 cet
260 2047 459 2081 potestatem.

239 2093 270 2114 v.
290 2083 427 2115 17-20.
454 2097 545 2127 quem
566 2089 673 2118 mortis
692 2088 843 2128 gradum,
865 2096 963 2128 quam

197 2127 281 2166 viam
295 2127 337 2159 ad
354 2128 488 2166 Orcum,
511 2131 543 2160 h.
562 2140 589 2160 e.
607 2130 694 2171 quod
714 2129 826 2161 mortis
847 2140 958 2172 genus-

199 2170 251 2202 18.
269 2181 328 2212 pro
341 2172 466 2214 vulgari
477 2173 628 2205 lectione:
648 2176 735 2206 siccis
745 2175 852 2212 oculis,
865 2173 962 2215 quod,

197 2215 262 2245 nisi
283 2225 360 2256 pro:
393 2216 480 2247 lento
505 2217 621 2254 animo,
644 2218 693 2248 vel
722 2217 962 2258 durolpectore,

197 2257 395 2298 explicueris,
411 2259 556 2299 ineptum
578 2268 634 2296 est,
653 2263 742 2302 (nam
756 2261 827 2302 quis
840 2260 960 2292 bellua-

198 2312 272 2333 rum
298 2302 493 2333 marinarum
515 2303 675 2343 adspectu,
696 2304 757 2335 nisi
787 2304 962 2335 admodum

197 2355 278 2385 puer
288 2345 340 2384 sit,
350 2345 494 2376 effundat
504 2346 647 2377 lacrimas
654 2347 685 2387 ἲ)
697 2347 963 2389 elegantissimam

199 2391 337 2422 Bentleii
345 2389 447 2429 recepi
463 2389 733 2422 emendationem:
751 2393 843 2424 rectis
854 2393 962 2429 oculis,

199 2433 232 2463 h.
250 2442 279 2464 e.
294 2432 396 2464 oculis
409 2442 475 2463 non
490 2433 623 2470 retortis,
645 2434 699 2464 sed
714 2440 798 2466 recta
817 2435 852 2465 in
871 2444 962 2465 mon-

200 2483 264 2508 stra
291 2476 348 2508 illa
367 2475 510 2508 natantia
535 2477 700 2507 conversis.
717 2495 760 2502 —
784 2480 835 2509 Vir
856 2480 965 2510 doctus

199 2519 330 2560 quid·
350 2519 386 2551 in
411 2521 512 2552 Novis
537 2523 719 2552 Commentc.
749 2523 838 2562 Lips.
868 2520 962 2553 1803.

206 2565 295 2595 Tom.
315 2563 345 2595 1.
359 2573 433 2605 pag.
450 2562 524 2594 532.
540 2566 636 2595 oculis
646 2565 731 2595 siccis
741 2565 876 2604 explicat
888 2567 964 2606 rigi-

201 2609 257 2643 dis,
272 2608 376 2651 (ξηροῖς
391 2607 573 2642 ἀκλαύστοις
589 2606 699 2647 duptam
715 2607 799 2646 apud
817 2608 960 2648 AEschyl.

205 2651 292 2689 Sept.
315 2660 342 2681 c.
371 2649 433 2682 Th.
451 2649 546 2691 698.)
568 2650 614 2681 ita
634 2656 671 2681 ut
685 2650 768 2680 oculi
783 2653 855 2682 sicci
867 2651 964 2682 iidem

204 2693 275 2729 sint,
299 2693 355 2735 qui
379 2696 475 2732 recti,-
501 2693 558 2726 sed
580 2693 651 2735 quis
669 2693 848 2731 lectionem,
870 2705 964 2735 quam

204 2746 282 2768 usus
303 2737 455 2778 loquendi
479 2737 656 2775 confirmat,
678 2746 742 2768 non
765 2738 910 2777 praeferat
924 2738 962 2774 ei,

204 2781 297 2820 cujus
324 2781 492 2821 explicatio
522 2780 621 2812 dubia
641 2786 673 2811 et
695 2780 814 2813 incerta
834 2782 963 2812 manet?

204 2832 233 2852 v.
253 2822 305 2853 20.
324 2826 461 2867 infames
474 2823 647 2865 naufragiis
659 2833 775 2863 nempe
789 2823 832 2854 ibi
854 2825 962 2862 sactis;

204 2868 269 2897 alta
286 2870 444 2900 Ceraunia
459 2869 555 2912 (linga
571 2866 725 2910 Κεραύνια)
740 2873 864 2898 montes
877 2867 909 2897 in
926 2867 963 2897 li-

206 2916 273 2939 tore
290 2910 379 2949 Epiri
395 2912 574 2944 intermare
589 2910 814 2943 Hadriaticum
828 2918 861 2941 et
877 2910 965 2941 Ioni-

206 2962 281 2983 cum
293 2955 514 2993 prominentes,
523 2965 604 2997 quos
613 2954 795 2995 praetervehi
810 2954 963 2986 debebant

207 3006 245 3026 ex
263 2995 357 3027 Italia
372 2998 403 3028 in
423 2999 579 3030 Graeciam
595 2997 786 3040 navigantes.

992 2042 1176 2085 frevecmfi,
1193 2042 1301 2084 sreclz.

1047 1660 1077 1680 v.
1095 1645 1236 1680 21-24.
1254 1648 1434 1680 dissociabili
1441 1647 1543 1679 activo
1557 1642 1652 1679 se'nsu
1667 1646 1767 1688 expli-

1003 1699 1093 1725 cant:
1113 1692 1168 1734 qui
1183 1699 1281 1723 terras
1294 1690 1484 1730 dissociaret,
1499 1697 1664 1734 separaret,
1679 1691 1763 1723 conf.

1009 1739 1135 1769 Gesner.
1154 1735 1209 1766 sed
1223 1745 1299 1767 cum
1320 1736 1505 1767 dissociabile
1525 1734 1658 1771 dicatur,
1680 1734 1767 1776 quod

1002 1780 1113 1811 sociari
1128 1779 1249 1821 nequit,
1266 1778 1457 1818 insociabile,
1473 1777 1583 1809 malim
1597 1777 1767 1819 explicare:

1003 1823 1091 1855 haud
1119 1821 1267 1854 sociando
1295 1833 1338 1854 sc.
1363 1832 1439 1854 cum
1466 1823 1578 1861 terrim
1610 1820 1768 1865 perplacet

1003 1874 1111 1900 autem
1126 1878 1146 1898 a
1160 1867 1301 1899 Bentleio
1315 1866 1474 1906 proposita
1484 1865 1599 1898 lectio:
1624 1866 1769 1897 dissocia-

1003 1913 1076 1943 biles
1096 1911 1128 1941 h.
1147 1921 1175 1941 e.
1191 1909 1279 1947 haud
1294 1908 1457 1941 sociandas
1470 1918 1513 1940 sc.
1526 1909 1607 1940 ‘cum
1623 1908 1765 1940 Oceano.

1005 1965 1034 1986 v.
1054 1953 1107 1985 24.
1133 1955 1247 1995 impioe‚
1269 1952 1417 1990 scelestae,
1438 1951 1519 1984 dum
1531 1951 1660 1997 audent,
1681 1951 1770 1993 quod

1004 1998 1154 2039 prudenti
1184 1997 1249 2029 Dei
1279 1995 1412 2028 consilio
1440 1995 1574 2027 vetitum
1597 2002 1661 2034 ωας
1686 1997 1765 2027 ’ωσι

1389 2041 1575 2072 transiliunt
1601 2037 1692 2081 quasi
1717 2048 1769 2082 ree

1005 2086 1127 2117 nullius
1141 2085 1207 2116 fere
1219 2083 1374 2116 momenti
1394 2083 1455 2122 sit;
1513 2083 1672 2115 transilire
1691 2091 1767 2113 cum

1006 2129 1132 2161 delectu
1150 2138 1227 2169 pro:
1253 2127 1405 2170 trajicere,
1428 2136 1585 2167 superare,
1605 2125 1648 2157 ad
1667 2124 1767 2157 nuda-

1005 2174 1088 2204 ciam
1102 2171 1365 2213 insolentiamque
1385 2169 1451 2200 desi
1539 2169 1635 2207 dam;
1658 2168 1771 2200 simili.

1006 2223 1055 2248 ter
1068 2215 1149 2247 dixit
1162 2215 1281 2247 Tibull.
1299 2215 1327 2246 l.
1337 2213 1369 2245 3.
1387 2211 1442 2245 3⁷.
1458 2214 1654 2246 contemnere
1663 2214 1769 2246 undas

1006 2268 1038 2292 et
1062 2257 1159 2292 ovid.
1177 2259 1260 2290 Met.
1280 2258 1311 2290 1.
1330 2255 1403 2289 134.
1419 2257 1572 2290 insultare
1574 2257 1744 2306 fluctibus.

1049 2314 1080 2335 v.
1097 2302 1237 2334 25-33.
1258 2303 1379 2343 perpeti
1399 2301 1433 2332 h.
1456 2310 1484 2331 e.
1509 2309 1676 2342 suscipere,
1697 2305 1768 2333 ten-

1006 2354 1083 2386 tare,
1098 2353 1285 2387 perpetrare,
1302 2347 1408 2379 τλῆναι
1420 2360 1428 2380 ς
1577 2353 1684 2388 omnip
1695 2353 1768 2385 per·

1001 2393 1076 2433 peti,
1099 2400 1140 2422 ex
1171 2390 1285 2421 Graeca
1304 2387 1456 2431 loquendi
1475 2386 1598 2419 ratione
1623 2395 1702 2428 pro:
1717 2385 1769 2423 lad

1007 2433 1115 2467 omnia
1135 2431 1345 2474 perpetienda.
1433 2442 1536 2474 gertus
1555 2431 1587 2462 h.
1616 2440 1645 2462 e.
1670 2429 1767 2467 filius,

1008 2488 1123 2518 nempe
1155 2477 1372 2508 Prometheus-
1398 2474 1400 2477 ’
1435 2475 1487 2506 Sic
1503 2515 1505 2518 Ι
1522 2473 1609 2517 apud
1647 2472 1766 2509 Catuli.

1010 2521 1112 2554 LXI.
1131 2519 1162 2552 2.
1197 2520 1399 2561 Hymenaeus
1426 2519 1561 2558 Uram,
1576 2527 1677 2559 genus
1690 2515 1770 2548 dici-

1005 2572 1068 2603 tur,
1083 2564 1138 2596 ubi
1153 2564 1237 2596 conf.
1255 2569 1373 2595 notata.
1441 2562 1575 2605 'fraude
1587 2562 1673 2593 mala
1684 2560 1718 2592 h.
1736 2570 1766 2591 e.

1006 2609 1081 2640 dolo
1095 2607 1283 2650 pernicioso,
1305 2607 1399 2650 eizrgr
1421 2606 1523 2649 κακῇς
1545 2614 1602 2646 per
1621 2602 1767 2635 standan

1007 2652 1191 2695 designatur
1205 2650 1368 2689 calliditas,
1382 2659 1446 2692 qua
1454 2647 1564 2690 ignem
1576 2658 1596 2679 e
1609 2645 1689 2679 colo
1697 2655 1769 2678 sur-

1007 2696 1106 2736 ripuit
1122 2695 1340 2727 Prometheus.
1415 2703 1445 2723 v.
1459 2690 1514 2724 31.
1527 2693 1616 2724 terris
1625 2690 1768 2723 §recubuit

1007 2740 1039 2770 h.
1054 2750 1081 2771 e.
1100 2739 1135 2770 in
1149 2745 1247 2770 terras
1261 2737 1363 2775 irruit,
1377 2735 1508 2781 ingruit,
1523 2741 1620 2766 terras
1632 2732 1766 2783 obeedit.

1008 2800 1053 2807 ·—
1067 2782 1159 2824 Ignis
1172 2792 1288 2822 nempe
1301 2791 1378 2812 usus
1387 2778 1488 2811 varias
1497 2785 1589 2817 artes,
1599 2778 1768 2808 hommum

1007 2825 1181 2857 valetudini
1194 2824 1391 2866 perniciosas,
1412 2833 1443 2853 v.
1459 2833 1487 2854 c.
1496 2823 1604 2853 'artem
1618 2819 1768 2862 coquina·

1007 2869 1098 2907 riam,
1120 2868 1262 2910 protulit.
1350 2878 1380 2898 v.
1405 2865 1460 2898 32.
1485 2866 1658 2907 &motique
1671 2865 1767 2904 ‘prius

1008 2919 1080 2943 cett.
1099 2913 1129 2942 h.
1149 2923 1176 2943 e.
1195 2919 1227 2944 et
1241 2917 1374 2943 mortem
1389 2909 1565 2945 hominum,
1580 2907 1637 2950 qui
1646 2906 1768 2938 diutius

1008 2962 1081 2986 ante
1102 2957 1204 2987 vivere
1227 2955 1378 2994 solebant,
1400 2951 1604 2991 acceleravit3
1625 2949 1767 2997 expende

1008 2998 1152 3029 dictionis
1167 3005 1312 3030 ornatum
1325 2998 1332 3030 !
