1904 3250
218 128 312 167 318·

858 125 1168 170 HORATII

1605 135 1608 138 ⁴
1631 135 1746 183 [L113.'
1764 145 1805 172 1.:

338 244 557 286 Sincerum
579 246 771 301 cupimus
793 259 864 285 vas
887 245 1131 287 incrustare.
1149 271 1152 274 Δ
1180 247 1363 294 -,Ρι·οὶ)ιι3’
1384 249 1477 305 quis

336 315 568 358 Nobiscum
590 317 703 366 vivit,
725 315 907 357 multum
926 315 1135 358 demissus
1156 317 1308 369 homo3
1340 319 1400 361 illi

335 384 482 426 Tardo
503 399 740 441 cognomen
759 384 909 441 pingui
929 392 972 426 et
992 384 1154 427 damus.

1218 386 1303 430 Hic
1322 388 1430 446 fugit
1449 404 1595 432 omnes
1636 422 1640 426 .

334 453 527 503 Insidias,
549 452 739 508 nullique
759 452 872 493 malo
892 452 1002 494 latus
1023 454 1144 496 obdit
1163 464 1369 511 apertum,

185 539 188 542 ·
246 525 301 562 60
334 522 481 571 Quum
501 536 635 578 genus
656 521 739 563 hoc
758 521 869 563 inter
889 522 987 563 vitae

1008 531 1211 574 verset—ur,
1244 525 1318 567 ubi
1337 527 1445 568 acris

333 591 499 633 Invidia
518 599 644 648 atque
665 592 809 649 vigent
829 592 902 634 ubi
923 593 1121 644 crimina3
1152 609 1232 650 pro
1253 595 1361 636 bene
1381 611 1484 638 sano

333 664 399 704 Ac
420 678 507 704 non
526 663 696 705 incauto
716 663 864 705 fictum
885 673 1154 722 astutumque
1175 682 1386 710 vocamus.

336 735 575 791 Simplicior
596 737 690 793 quis
711 745 754 778 et
773 745 849 788 est,
873 738 1040 794 qualem
1061 754 1129 781 me
1150 755 1263 796 saepe
1276 739 1464 789 libenter
1506 765 1511 772 ·

333 805 574 849 Obtulerim
595 807 684 858 tibi,
709 806 942 859 Maecenas,
965 817 1012 850 ut
1031 808 1141 851 forte
1160 810 1373 868 legentem
1426 841 1430 844 >

335 951 565 993 Communi
585 967 710 994 sensu
730 953 857 1009 plane
877 962 1006 1005 caret,
1029 955 1255 1012 inquimus.

333 879 422 920 Aut
442 879 617 920 tacitum
637 880 828 936 impellat
849 882 998 938 quovis
1021 897 1214 925 sermone
1234 883 1459 926 molestus:

1319 955 1470 1004 Eheu!
1498 982 1500 986 ·
1524 986 1526 989 -

334 1024 477 1074 Quam
498 1032 656 1067 temere
676 1026 721 1066 in
741 1035 906 1068 nosmet
926 1027 1064 1085 legem
1076 1029 1296 1076 sancimus
1317 1029 1505 1086 iniquam
1521 1028 1531 1072 ἔ

333 1093 446 1135 Nam
467 1094 576 1135 vitiis
597 1109 723 1149 nemo
742 1095 834 1137 sine
853 1097 1064 1147 nascitur3
1095 1096 1371 1153 optimustille
1392 1105 1469 1149 est,

333 1166 422 1216 Qui
442 1167 625 1208 minimis
646 1176 852 1225 urgetur.
897 1169 1074 1211 Amicus
1095 1169 1245 1220 dulcis,
1267 1178 1316 1212 ut
1335 1185 1506 1227 aequum
1526 1178 1604 1221 est,
1657 1196 1662 1200 -

245 1240 301 1278 ¹70

215 1443 369 1473 habemus
382 1448 414 1472 et
435 1441 480 1472 sic
493 1441 629 1473 facimus
642 1440 738 1478 idem,
760 1451 797 1472 ac
812 1441 838 1471 si
854 1441 987 1472 velimus

217 1497 272 1516 vas
295 1485 468 1525 integrum,
486 1493 647 1526 ⁴tanquam
670 1485 815 1516 vitiatum
837 1491 870 1515 et
889 1485 985 1515 rimo-

215 1539 307 1568 sum;
323 1528 483 1566 oblinere3
505 1530 692 1566 incrustare,
706 1529 787 1568 pice,
802 1539 882 1566 cera,
898 1536 987 1568 stup-

218 1583 259 1612 pa
271 1572 321 1603 vel
335 1572 399 1603 alia
411 1582 445 1603 re
466 1579 618 1612 tanquam
641 1579 746 1603 crusta
759 1572 924 1603 obducere.
941 1589 987 1597 —

218 1617 340 1648 Probus
355 1617 422 1656 quis
436 1622 508 1646 cett.
526 1617 615 1646 hunc
628 1615 745 1653 locum,
760 1626 856 1656 quem
871 1615 987 1646 rectius

216 1658 479 1701 distinguendum
500 1659 618 1696 curavi,
641 1660 740 1701 ejecta
761 1669 839 1690 voce
858 1665 903 1690 ese
917 1665 987 1698 post

215 1705 365 1740 multum,
380 1702 425 1733 ita
438 1702 597 1744 intelligo:
617 1702 643 1732 si
657 1703 728 1743 quis
741 1704 867 1742 probus
890 1702 986 1733 multi

214 1745 344 1785 pudoris
358 1753 391 1776 et
404 1745 582 1777 timiditatis
596 1746 703 1782 homo,
719 1746 883 1777 nobiscum
898 1745 985 1784 vivit,

212 1789 306 1820 illum
329 1789 473 1820 tardioris
492 1796 526 1820 et
545 1789 723 1830 pinguioris
742 1789 863 1831 ingenii
882 1789 986 1819 homi-

212 1843 287 1864 nem
301 1832 517 1873 appellamus;
530 1850 571 1858 —
589 1839 634 1865 est
651 1835 883 1873 postmultum
897 1839 982 1863 recte

213 1878 283 1908 Fea
310 1887 370 1907 nec
397 1876 466 1907 sine
493 1876 610 1907 idonea
638 1877 822 1907 auctoritate
840 1876 981 1914 :omisit3

214 1922 419 1964 Heindorfius
433 1930 491 1960 pro
505 1926 549 1951 est
564 1919 651 1950 dedit
665 1926 706 1958 et,
722 1920 808 1960 quod
822 1920 897 1950 ferri
912 1926 985 1960 pot-

213 1971 271 2000 est,
289 1963 344 1995 sed
359 1974 424 1994 non
439 1974 520 2003 opus
533 1970 600 2002 θεῖς
621 1965 734 2004 pingui
746 1970 776 1995 et
792 1973 849 2003 pro
862 1970 892 1994 et
910 1965 984 2004 pin-

210 2010 276 2047 gui,
294 2014 331 2038 ut
347 2008 410 2038 Sat.
428 2007 456 2038 Ι.
473 2005 504 2037 4.
515 2005 571 2037 51.
597 2009 716 2039 Ebrius
725 2013 755 2038 et
764 2017 821 2046 pro
831 2013 861 2038 et
871 2008 987 2038 ebrius.

214 2069 258 2076 —
275 2052 437 2082 Ceterum·
447 2052 537 2091 probi
560 2057 592 2081 et
615 2052 739 2082 demissi
752 2050 839 2090 apud
855 2050 984 2082 Cicero-

215 2104 443 2135 nemlquoque
461 2096 645 2136 junguntur
668 2094 709 2125 de
735 2094 826 2125 Orat.
853 2094 904 2125 11.
927 2092 982 2124 43.

211 2149 306 2180 eaque
331 2139 447 2175 omnia,
475 2150 546 2179 quae
567 2139 744 2178 proborum,
769 2139 982 2175 demissorum,

210 2194 277 2214 ‘non
291 2183 423 2217 acrium.
434 2193 504 2212 -non
521 2183 742 2222 pertinacium,
761 2193 828 2213 non
842 2182 983 2221 litigioso-

210 2237 292 2263 rum,
307 2237 374 2257 ·rwn
387 2226 566 2256 acerborum
587 2231 674 2260 sunt,
698 2227 784 2256 valde
805 2226 983 2256 benevolen-

210 2271 288 2301 tiam
311 2270 487 2301 conciliant.
563 2270 612 2299 laic
633 2270 718 2309 sugit
733 2286 778 2294 —
793 2268 875 2299 alius
895 2268 981 2310 fugit

211 2319 284 2344 cett.
323 2313 466 2353 nullique
479 2323 520 2343 m.
538 2313 558 2342 l.
578 2313 645 2342 obd.
663 2319 820 2352 apertum,
835 2311 981 2353 nullique

211 2356 298 2387 malo
308 2355 367 2386 sibi
381 2355 515 2386 nocendi
525 2355 721 2386 occasionem
732 2357 866 2395 praebet;
882 2362 984 2385 trans-

212 2400 315 2431 latum
329 2410 351 2430 a
364 2409 398 2430 re
419 2398 612 2439 gladiatoria,
629 2399 654 2428 si
670 2398 826 2440 gladiator
838 2398 984 2429 adversa-

212 2443 271 2481 rio,
286 2449 325 2474 ut
337 2443 407 2484 ejus
419 2442 502 2473 ictus
516 2450 549 2472 et
571 2442 737 2481 petitiones
757 2442 877 2480 eludat,
900 2442 983 2472 latus

212 2493 330 2519 tectum
343 2486 483 2526 opponit.
572 2488 715 2522 crimina,
734 2485 978 2516 criminationes.

220 2554 223 2558 .
255 2541 285 2561 v.
299 2529 439 2561 63—66.
456 2530 631 2570 Simplicior
645 2535 718 2560 cett.
736 2530 761 2559 si
775 2528 983 2569 quissimpli.

212 2574 278 2605 cior
291 2581 324 2605 et
345 2573 416 2605 talis
436 2579 491 2609 est,
519 2572 646 2613 qualem
669 2582 827 2612 me-saepe
848 2571 982 2602 libenter

212 2618 270 2649 tibi
296 2616 476 2652 obtulerim,
499 2616 673 2655 Maecena&
707 2616 751 2646 ita
770 2615 920 2657 quidem,
944 2621 982 2646 ut

214 2661 387 2701 simplicior
415 2660 479 2698 ille,
507 2658 617 2701 quovis
645 2669 790 2689 sermone
818 2658 978 2694 molestus,

212 2711 268 2736 aut
290 2704 372 2735 forte
395 2704 555 2746 legentem
577 2708 634 2733 aut
654 2704 786 2734 tacitum
810 2701 981 2743 (meditan-

211 2748 292 2788 tem)
307 2751 450 2789 impellat.
465 2747 548 2790 (ejus
567 2748 711 2777 animum
733 2744 926 2785 impellendo
948 2752 981 2775 et

213 2792 253 2823 ad
268 2802 302 2822 se
322 2791 512 2823 advertendo
530 2789 668 2830 :tui-bet),
694 2788 798 2820 dicere
820 2788 975 2819 solemus:

211 2836 268 2868 en!
293 2835 351 2866 iste
367 2837 464 2866 homo
479 2838 574 2866 s'ensu
587 2834 749 2865 communi
764 2838 856 2863 caret.
898 2834 977 2863 Sim-

208 2881 319 2917 plicior
339 2879 422 2910 refer
443 2878 483 2909 ad
505 2887 630 2908 morum
651 2875 893 2916 simplicitatem,
914 2885 979 2916 qua

214 2922 285 2962 quis
299 2933 344 2961 ea,
360 2933 433 2964 quae
446 2922 499 2954 alii
513 2921 554 2955 ad
567 2921 698 2964 gratiam
713 2918 898 2960 camandam
913 2926 980 2950 stu.

335 1236 446 1278 Cum
466 1252 561 1278 mea
581 1247 826 1293 compenset
846 1239 955 1280 vitiis
976 1240 1101 1291 bona,
1124 1239 1318 1295 pluribus
1338 1240 1468 1292 hisce,

334 1309 380 1352 Si
399 1309 529 1351 modo
549 1309 674 1366 plura
693 1310 797 1351 mihi
817 1311 930 1353 bona
951 1319 1061 1362 sunt,
1085 1312 1271 1355 inclinet.

1334 1313 1483 1355 Amari

1030 1441 1118 1474 diose
1131 1448 1301 1480 sectantur,
1313 1452 1378 1474 non
1393 1449 1492 1474 curat.
1536 1444 1674 1479 libenter,
1691 1442 1799 1474 animo

1029 1487 1074 1517 ita
1082 1486 1224 1527 jubente.
1410 1486 1415 1490 “

1073 1540 1102 1560 ν.
1120 1528 1174 1560 67.
1203 1532 1306 1565 Quam
1327 1539 1439 1561 temere
1459 1535 1531 1560 cett.
1582 1530 1689 1566 Quam
1702 1530 1800 1561 stulta

1029 1580 1079 1604 est
1090 1574 1157 1604 haec
1171 1580 1278 1604 nostra
1296 1573 1331 1603 in
1354 1572 1499 1604 notandis
1519 1573 1694 1604 amicorum
1715 1573 1799 1604 vitiis

1029 1616 1195 1654 severitas3
1218 1616 1331 1657 quodsi
1345 1617 1432 1648 enim
1445 1626 1551 1648 severe
1563 1616 1605 1647 de
1624 1616 1802 1647 amicorum·

1029 1659 1113 1690 vitiis
1129 1659 1321 1701 judicamus,
1342 1659 1480 1691 vicissim
1502 1666 1535 1691 et
1547 1660 1611 1691 illis
1622 1660 1664 1691 de
1685 1660 1799 1691 nostris

1029 1703 1112 1734 vitiis
1126 1713 1232 1734 severe
1240 1703 1390 1745 judicare.
1397 1703 1514 1735 licebit.

1031 1765 1042 1768 —
1071 1757 1101 1777 v.
1120 1746 1174 1785 70,
1191 1746 1243 1777 71.
1273 1749 1354 1779 Cum
1374 1758 1564 1788 meervcomp.
1581 1753 1655 1778 cett.
1676 1746 1719 1778 ad
1738 1747 1799 1787 hy-

1031 1791 1158 1830 perbata
1170 1791 1257 1821 hunc
1271 1789 1377 1821 locum
1398 1789 1550 1828 referunt,
1571 1797 1614 1828 et,
1637 1796 1800 1830 preeunte

1025 1842 1130 1865 vetere
1147 1833 1341 1871 Scholiastaf
1349 1834 1512 1876 junguntt
1535 1835 1616 1870 bona
1627 1845 1698 1866 mea
1712 1845 1799 1865 com-

1019 1883 1131 1918 pemet
1145 1889 1216 1909 cum
1229 1879 1308 1909 vitiis
1316 1893 1328 1915 ,-
1351 1877 1407 1908 sed
1421 1887 1462 1908 ex
1474 1887 1548 1908 meo
1561 1887 1655 1908 sensu
1670 1877 1801 1908 concin.

1028 1923 1101 1952 nius
1132 1920 1314 1960 procederet
1348 1921 1459 1956 oratio,
1489 1921 1517 1951 si
1546 1931 1603 1961 pro
1626 1927 1798 1962 compenset

1027 1965 1214 1995 scriberetur
1226 1971 1414 2005 compe-usae,
1428 1971 1462 1995 et
1481 1975 1556 1996 cnm
1571 1974 1628 2004 pro
1647 1967 1800 2006 conjunc-

1028 2008 1116 2038 tione
1145 2008 1347 2047 acciperetur.

1030 2051 1139 2093 (dum)
1165 2058 1204 2083 ut
1217 2063 1344 2093 aequum
1365 2058 1420 2089 est,
1441 2063 1512 2083 mea
1524 2053 1797 2092 bonocompenmt

1028 2097 1108 2127 vitiis
1124 2095 1262 2136 (inversa
1275 2094 1435 2126 locutione
1448 2105 1523 2135 pro:
1549 2105 1623 2126 cum
1638 2095 1713 2125 vitia
1724 2105 1798 2125 men.

1028 2145 1209 2178 compensat
1236 2138 1342 2178 bonis)
1354 2156 1358 2165 ·
1367 2140 1512 2179 pluribus
1543 2139 1627 2170 ‘hisce
1652 2139 1793 2175 inclinet,

1027 2183 1170 2213 animum
1183 2181 1382 2222 potissimum
1397 2181 1438 2212 ad
1451 2182 1543 2222 plura
1553 2182 1656 2212 haecce
1668 2180 1794 2221 (bona),

1027 2225 1053 2256 si
1067 2225 1164 2256 modo
1177 2225 1269 2265 plura
1283 2226 1365 2256 bona
1377 2225 1458 2255 mihi
1477 2230 1560 2261 sunt,
1582 2223 1731 2255 advertat.
1747 2242 1793 2249 —-

1022 2271 1125 2300 amari
1140 2270 1172 2300 Si
1185 2270 1242 2300 vol.
1259 2271 1290 2300 Ιι.
1308 2270 1395 2309 lege,·
1417 2278 1475 2308 pro
1494 2269 1601 2299 amari
1620 2267 1792 2309 legendum

1023 2312 1156 2343 omnino
1169 2311 1248 2342 mihi
1256 2310 1387 2342 videtur
1399 2322 1519 2348 amare,
1534 2317 1571 2342 ut
1583 2310 1642 2341 sit:
1667 2312 1695 2342 si
1715 2314 1792 2343 volet

1027 2358 1086 2387 hac
1099 2357 1163 2396 lege
1176 2365 1229 2385 me
1242 2366 1359 2392 amre,
1367 2353 1562 2386 adeand-
1575 2353 1679 2395 legem
1702 2354 1794 2385 vicis-

1027 2399 1086 2429 sim
1102 2409 1122 2429 ο
1135 2409 1188 2429 me
1201 2398 1368 2429 amabitur.
1426 2417 1428 2421 ·
1455 2399 1644 2434 inaemtina,
1668 2404 1790 2435 statera,

1024 2441 1173 2473 translate
1187 2441 1228 2472 de
1242 2451 1363 2479 norma,
1375 2440 1426 2471 vel
1438 2440 1568 2474 ratione.
1581 2440 1622 2471 nd
1636 2451 1731 2481 quam
1742 2452 1792 2473 res

1025 2485 1130 2526 aliqua
1143 2484 1344 2524 ponderatur.
1359 2486 1436 2516 Cim
1451 2485 1493 2515 de
1509 2484 1666 2516 Orat-Il.
1684 2483 1738 2515 38.
1750 2488 1793 2517 ad

1025 2540 1060 2560 eo
1069 2529 1244 2569 probanda,
1267 2539 1337 2569 quae
1350 2539 1416 2559 non
1437 2529 1576 2571 aun-‘ficis
1588 2534 1716 2565 statera,
1737 2532 1792 2560 sed

1024 2574 1163 2613 quadam
1173 2572 1318 2611 populari
1331 2573 1455 2603 trutina
1468 2573 1600 2613 (norma
1618 2571 1735 2612 aliqua,
1750 2572 1792 2603 ad

1024 2625 1118 2656 quam
1135 2614 1273 2654 populus
1286 2625 1335 2645 res
1348 2614 1515 2655 ponderat)
1529 2616 1762 2647 examinamur.

1066 2669 1095 2688 v.
1135 2657 1276 2688 76—79.
1306 2664 1479 2699 quatenus,
1523 2658 1790 2700 quandoquidem,

1023 2701 1186 2742 quoniam,
1201 2709 1238 2732 ut
1251 2711 1347 2741 supra
1370 2702 1435 2732 Sat.
1457 2701 1486 2732 1.
1507 2700 1536 2732 l.
1550 2700 1603 2732 64.
1692 2704 1790 2734 excidi

1001 2748 1013 2757 '
1017 2746 1154 2786 penitus,
1166 2744 1315 2776 radicitus
1326 2744 1546 2784 exstirpari.—
1557 2744 1661 2776 Schol.
1671 2745 1791 2786 Porph.

1026 2793 1047 2808 “
1064 2788 1154 2818 Hinc
1178 2788 1299 2829 (poeta)
1321 2788 1484 2827 paullatim
1506 2799 1545 2820 eo
1566 2788 1736 2827 descendit,
1750 2796 1789 2820 ut

1021 2831 1168 2862 adversus
1184 2832 1308 2862 Stoicos
1330 2831 1478 2872 disputet,
1499 2832 1556 2874 qui
1580 2832 1701 2871 dicunt,
1716 2843 1788 2873 pec-

1021 2881 1090 2905 cata
1105 2874 1211 2905 omnia
1231 2875 1318 2915 paria
1330 2885 1398 2906 esse
1411 2881 1444 2906 et
1457 2875 1581 2913 similia,
1597 2882 1630 2906 et
1643 2876 1787 2907 animum

1022 2918 1227 2959 spectandum
1242 2919 1407 2959 peccantis,
1428 2929 1495 2951 non
1509 2920 1715 2961 quantitatem
1729 2920 1788 2957 rei,

1405 2010 1540 2040 Amicus
1568 2009 1679 2044 dulcis,
1697 2019 1795 2043 vum,
1847 2018 1851 2021 ·
