1904 3250
180 124 264 162 514

815 121 1123 164 HORATII

1567 127 1676 175 [Lm.
1699 137 1748 164 11.

299 247 386 297 Qui
407 248 515 290 redit
535 248 588 289 ad
610 248 751 297 fastos,
775 255 816 288 et
837 247 1033 288 virtutem
1053 248 1232 289 aestimat
1251 249 1384 298 annis,

299 319 567 377 Miraturque
587 319 706 370 nihil,
728 320 810 360 nisi
831 319 948 376 quod
970 318 1158 362 Libitina
1177 322 1366 363 sacravit.

210 396 266 435 50
299 393 475 442 Ε11111113,
498 399 540 433 et
560 392 725 447 sapiens
746 400 789 433 et
807 391 940 442 fortis,
964 399 1006 434 et
1026 391 1132 434 alter
1155 391 1382 443 Homerus,

300 463 363 505 Ut
383 462 515 504 critici
535 461 694 512 dicunt,
716 461 863 503 leviter
879 477 1028 503 curare
1047 462 1226 513 videtur,

299 531 399 581 Quo
418 531 626 586 promissa
646 530 798 572 cadant
818 539 860 573 et
881 532 1043 573 somnia
1065 531 1344 589 Pythagorea.

298 600 472 641 Naevius
494 600 538 640 in
558 601 752 642 manibus
772 616 857 642 non
879 609 955 652 est,
978 609 1020 643 et
1039 602 1249 643 mentibus
1270 601 1404 643 haeret

300 669 430 711 Paene
450 684 610 720 recens,
633 670 740 711 adeo
762 679 953 712 sanctum
973 679 1037 712 est
1056 679 1175 713 vetus
1196 687 1320 714 omne
1340 687 1504 728 poema.

212 744 267 781 55
300 740 544 798 Ambigitur
565 741 728 796 quoties
749 749 844 782 uter
864 748 962 782 utro
983 742 1037 782 sit
1056 742 1174 798 prior
1185 758 1197 792 3
1228 741 1364 783 aufert

299 810 508 852 Pacuvius
529 810 643 852 docti
662 810 817 852 famam
838 810 961 862 senis,
985 811 1141 853 Accius
1161 811 1259 853 alti:

298 884 469 926 Dicitur
491 882 643 925 Afrani
663 891 764 942 toga
784 885 1028 926 convenisse
1051 884 1294 926 Menandro
1305 901 1316 935 3

301 956 477 998 Plautus
498 956 553 998 ad
573 957 790 1013 exemplar
814 958 944 1000 Siculi
964 973 1194 1014 properare
1217 957 1485 1014 Epicharmi3

299 1029 482 1071 Vincere
506 1029 702 1071 Caecilius
722 1030 941 1088 gravitate,
966 1030 1192 1073 Terentius
1214 1038 1317 1072 arte.
1338 1053 1340 1055 ·

213 1106 268 1144 60
303 1101 397 1144 Ηο3
418 1102 579 1153 ediscit,
603 1110 645 1144 et
664 1102 743 1144 hos
765 1110 883 1145 arcto
904 1104 1056 1160 stipata
1075 1103 1254 1154 theatro,

226 1230 256 1250 v.
282 1218 336 1251 49.
360 1221 425 1252 nisi
450 1222 532 1261 quod
558 1222 697 1252 Libitina
723 1223 867 1256 sacravit,
890 1221 951 1252 nisi

183 1263 270 1305 quod
284 1264 361 1295 olim
376 1263 568 1302 scripserunt
582 1264 729 1295 Libitinae
741 1264 863 1300 sacrati,
878 1265 910 1295 h.
924 1276 952 1296 e.

183 1307 314 1346 sepulti3
330 1307 371 1338 de
386 1309 540 1344 Libitina,
554 1307 616 1339 vid.
630 1318 723 1347 supra
738 1308 780 1338 ad
797 1308 860 1340 Od.
879 1308 952 1340 111.

183 1350 237 1382 30.
257 1350 287 1382 7.
306 1357 338 1382 et
351 1351 393 1382 ad
410 1353 473 1382 Sat.
497 1351 548 1382 ΙΙ.
566 1351 596 1382 6.
619 1350 669 1382 19.

228 1405 257 1425 v.
276 1394 320 1426 50
335 1405 399 1436 seq.
438 1394 514 1426 Jam
532 1395 686 1426 Horatius
707 1395 798 1426 affert
811 1402 953 1427 veterum

183 1445 348 1479 poetarum
370 1438 638 1476 celebratissimos,
661 1440 821 1475 Ennium,
844 1441 952 1471 Νωνί-

184 1495 243 1515 um
258 1488 340 1518 cett..
357 1483 497 1522 profecto
519 1492 596 1519 non,
620 1488 656 1513 ut
671 1481 776 1522 plures
792 1482 952 1522 Interpre-

185 1533 232 1557 tes
249 1528 456 1563 contendunt,
478 1532 516 1556 ut
536 1535 646 1556 manes
666 1525 794 1556 illorum
815 1526 950 1563 vellicet,

185 1575 218 1601 et
239 1569 279 1601 de
301 1570 411 1610 pretio,
434 1568 521 1611 quod
541 1569 581 1599 iis
602 1569 808 1607 tribuebatur,
834 1569 954 1611 aliquid

185 1613 338 1649 detrahat,
353 1612 408 1644 sed
423 1620 460 1643 ut
473 1612 626 1650 ostendat,
643 1624 740 1654 quam
754 1620 899 1645 sanctum
913 1617 953 1644 sit

187 1659 232 1698 (v.
250 1655 323 1697 54.)
340 1663 426 1688 vetus
439 1667 530 1688 omne
539 1667 661 1697 poema.
708 1656 846 1693 Laudat,
868 1657 954 1697 quod

185 1700 387 1731 laudandum·
397 1706 454 1737 est,
470 1706 503 1730 et
516 1699 732 1739 reprehendit,
756 1700 842 1741 quod
856 1700 890 1730 in
906 1710 954 1731 re-

121 1780 123 1782 ,
185 1743 423 1784 prehensionem
450 1743 609 1774 incurrere
632 1743 766 1774 videtur.
810 1743 900 1774 Hinc
921 1754 951 1774 v.

187 1787 241 1818 63.
268 1789 431 1819 Interdum
447 1788 559 1826 vulgus
572 1793 694 1817 rectum
708 1788 812 1823 videt‚·
836 1793 879 1818 est
901 1789 956 1818 ubi

181 1837 305 1874 peccat.
317 1848 360 1854 —
371 1829 405 1861 Si
421 1830 577 1860 Horatius
593 1829 692 1860 Ennii
708 1829 860 1860 laudem
850 1830 956 1860 11111111-

188 1885 287 1906 nuere
301 1873 458 1909 voluisset,
471 1873 580 1904 leviter
591 1879 674 1903 certe
688 1880 863 1904 ceterorum
877 1884 956 1914 quo-

188 1929 262 1959 que,
278 1918 333 1959 qui
355 1922 543 1958 sequuntur,
559 1916 712 1957 tetigisset
726 1916 811 1947 vitia.
861 1917 903 1947 In
917 1927 956 1947 eo

187 1968 313 1994 tantum
328 1961 472 1991 homines
486 1970 589 1991 errare
610 1960 664 1996 ait,
680 1959 790 2001 (111οᾶ
780 1966 824 1991 ita
837 1961 956 1991 miren-
960 1970 964 1975 ⁴

189 2013 242 2037 tur
257 2011 376 2036 veteres
392 2006 436 2046 (v.
450 2003 503 2035 65.
511 2004 534 2044 ),
550 2009 588 2034 ut
609 1971 700 2034 nihilq
709 2004 748 2034 iis
768 2003 955 2042 anteferant,

190 2048 293 2080 nihil
284 2049 322 2078 113
336 2051 527 2099 comparent.

234 2103 264 2123 v.
282 2091 335 2123 50.
357 2093 488 2132 sapiens,
512 2091 634 2129 doctus,
658 2091 821 2130 eruditus;
845 2090 956 2122 eodem

191 2147 285 2168 sensu
307 2142 409 2176 poetae
433 2134 518 2175 apud
543 2135 672 2166 Graeoos
692 2135 843 2166 dicuntur
864 2136 952 2177 σοφοί.

192 2181 347 2223 -Ῑονήε,
363 2179 473 2210 altiore
486 2178 597 2218 spiritu
611 2189 793 2220 exsurgens-

236 2234 265 2254 v.
294 2222 348 2260 51,
378 2222 431 2254 52.
455 2224 564 2257 critici.
590 2233 697 2253 rerum
719 2223 760 2254 ad
783 2222 957 2254 doctrinam

193 2267 404 2308 spectantium
441 2266 652 2304 aestimatores,
689 2266 958 2308 grammatici.

193 2314 298 2343 leviter
312 2321 424 2343 curare
438 2312 571 2347 υἰιίειαν,
588 2309 718 2340 Ennius
732 2320 843 2350 pamm
858 2316 958 2347 curat,

196 2357 283 2397 (Quo
294 2355 474 2394 —cadam)
490 2363 585 2394 quem
601 2360 749 2384 eventum
764 2355 899 2384 habeant
912 2364 961 2390 00,

195 2409 267 2440 quae
282 2398 321 2429 de
335 2398 514 2429 animorum
528 2396 716 2437 migratione
731 2396 908 2436 promiserit
929 2404 961 2428 et

194 2441 395 2473 somniaverit
419 2441 622 2490 Pythagoras,
645 2451 812 2480 persuasus
833 2440 973 2477 scilicets

196 2495 230 2516 se
255 2491 327 2525 post
351 2490 484 2516 mortem
510 2493 575 2513 non
601 2485 634 2514 in
659 2484 787 2514 animali
810 2483 959 2525 quodam,

197 2528 252 2559 sed
273 2528 307 2559 in
328 2527 494 2559 hominum
516 2526 630 2558 animis
650 2528 756 2558 sedem
778 2527 960 2558 habiturum

196 2583 274 2610 asse,
289 2573 322 2603 11.
341 2583 368 2603 0.
387 2581 502 2602 nomen
518 2580 614 2601 suum
632 2578 707 2610 >post
720 2577 854 2602 mortem
875 2569 961 2611 apud

197 2623 337 2657 posteros
350 2615 542 2647 celebratum
556 2613 605 2645 iri.

241 2670 272 2691 v.
288 2659 343 2691 53.
370 2660 501 2691 Naevius
516 2660 552 2689 in
565 2659 710 2689 manibus
731 2669 794 2689 non
808 2664 863 2694 est,
881 2658 958 2688 Nae-

197 2704 268 2734 vius
281 2702 408 2744 quidem
423 2712 489 2733 non
503 2702 648 2732 manibus
662 2700 782 2738 teritur,
805 2701 860 2731 sed
881 2702 959 2741 ejus,

199 2754 238 2778 ut
251 2757 341 2787 paene
355 2746 488 2777 recentis
508 2750 620 2785 poetae,
642 2745 782 2775 carmina
803 2744 974 2775 dictantur-

199 2797 231 2821 et
252 2801 271 2820 a
293 2790 398 2830 pueris
412 2789 613 2826 ediscuntur3
637 2788 676 2819 cf.
692 2798 786 2828 supra
799 2788 840 2818 ad
855 2788 956 2827 Epist.

203 2834 230 2864 Ι.
259 2833 312 2864 20.
343 2832 403 2865 17..
481 2834 636 2864 mentibus
659 2834 772 2863 haerere
801 2831 959 2868 dicuntur,

201 2888 272 2918 quae
295 2877 494 2914 ediscuntur;
518 2877 656 2907 carmina
675 2875 783 2916 igitur,
797 2885 869 2916 quae
882 2874 963 2905 edis-

201 2927 327 2959 cuntur,
356 2926 561 2962 opponuntur
588 2919 635 2957 iis,
666 2931 738 2961 quae
761 2921 797 2952 in
819 2920 964 2951 manibus

993 1228 1080 1259 sunt,
1106 1223 1139 1253 h.
1155 1232 1182 1252 e.
1201 1221 1372 1263 leguntur3
1395 1220 1470 1252 hinc
1491 1230 1568 1261 pro:
1594 1226 1624 1251 et
1644 1221 1756 1252 menti—

993 1268 1051 1297 bus
1066 1276 1140 1297 cum
1155 1267 1288 1297 Dacerio
1302 1265 1476 1307 legendum
1486 1264 1610 1295 videtur
1623 1270 1654 1295 at
1669 1275 1758 1295 men-

994 1312 1084 1341 tibus.
1131 1309 1281 1340 Ceterum
1312 1309 1444 1341 Naevius
1469 1318 1535 1340 non
1556 1313 1681 1342 tantum
1705 1316 1759 1337 00-

997 1353 1128 1384 moedias
1156 1359 1188 1383 et
1219 1359 1267 1383 tra
1425 1351 1481 1382 sed
1509 1350 1604 1382 etiam
1633 1359 1759 1382 carmen

996 1397 1122 1436 epicum
1137 1395 1178 1426 de
1194 1396 1288 1427 Bello
1304 1396 1428 1427 Punico
1444 1395 1554 1426 Primo
1567 1394 1698 1434 scripsit.

1039 1450 1069 1470 v.
1101 1438 1242 1470 55-61.
1281 1439 1358 1471 Jam
1385 1432 1550 1474 Horatius,
1580 1436 1758 1473 sententias,

994 1493 1067 1523 quae
1088 1494 1108 1514 a
1128 1482 1225 1524 vulgo
1246 1482 1287 1514 de
1312 1489 1452 1513 veterum
1474 1489 1638 1532 poetarum
1659 1479 1760 1520 pretio

993 1526 1151 1562 feruntur,
1167 1526 1315 1565 referens,
1327 1536 1390 1563 eos
1405 1525 1462 1567 qui
1475 1525 1511 1555 in
1525 1530 1677 1562 veterum,
1690 1530 1760 1555 tan-

997 1579 1093 1610 quam
1118 1569 1416 1609 perfectissimorum
1445 1568 1632 1608 scriptorum
1652 1574 1685 1598 et
1709 1577 1760 1598 re-

997 1613 1188 1644 centioribus
1223 1613 1318 1655 longe
1354 1611 1630 1652 praeferendomm,
1666 1601 1761 1642 laude

998 1656 1061 1687 sint
1086 1656 1187 1694 nimii,
1211 1667 1324 1694 errare,
1346 1656 1419 1687 illos
1441 1665 1526 1691 vero,
1548 1654 1605 1696 qui
1626 1665 1674 1692 00,
1687 1664 1761 1696 quae

998 1700 1074 1730 vitio
1099 1699 1249 1730 vertenda
1277 1700 1340 1730 sint
1374 1699 1542 1735 veteribus,
1578 1704 1761 1740 agnose-nt,

997 1742 1114 1773 rectius
1127 1753 1234 1774 secum
1256 1742 1297 1774 de
1317 1742 1356 1773 iis
1373 1741 1518 1783 judicare
1536 1741 1590 1773 ait.
1679 1744 1761 1773 Am-

999 1787 1114 1826 bigitur
1128 1788 1243 1827 quoties
1256 1792 1328 1817 cett.
1359 1785 1494 1822 Quoties
1506 1785 1668 1826 quaeritur,
1682 1794 1763 1815 uum

1002 1829 1162 1860 Pacuvius
1185 1830 1295 1866 Accio,
1322 1839 1363 1860 an
1385 1828 1436 1860 bic
1456 1828 1504 1859 illi
1524 1827 1763 1869 anteponendus

1001 1872 1050 1908 sit,
1065 1873 1207 1904 Pacuvio
1227 1873 1298 1904 laus
1319 1873 1403 1904 docti
1424 1872 1515 1908 senis,
1541 1872 1642 1903 Accio
1662 1878 1763 1912 poetae

999 1916 1190 1947 sublimioris
1203 1917 1331 1956 spiritus
1344 1916 1502 1947 tribuitur.
1588 1917 1638 1947 M.
1656 1916 1765 1948 Pacu-

999 1962 1078 1995 vius,
1097 1960 1320 1996 Brundisinus,
1345 1959 1447 1991 Ennii
1468 1969 1508 1990 ex
1529 1969 1635 1990 sorore
1654 1969 1762 2000 nepos,

1001 2003 1096 2034 Laelii
1129 2004 1284 2044 Sapientis
1312 2004 1433 2035 amicus
1460 2010 1493 2034 et
1521 2004 1642 2042 hospes,
1671 2010 1764 2043 poeta

1002 2047 1139 2078 Latinus
1152 2047 1215 2078 fuit
1231 2048 1396 2089 Tragicus.
1443 2047 1596 2079 Mortuus
1617 2053 1664 2078 est
1677 2053 1774 2077 001οι

1000 2092 1090 2132 ginta
1111 2101 1210 2122 annos
1230 2098 1342 2129 natus3
1365 2091 1440 2121 hinc
1460 2101 1559 2126 senez.
1582 2095 1615 2122 et
1634 2089 1764 2131 quidem

1001 2139 1119 2171 doctus,
1134 2135 1209 2176 quia
1222 2141 1333 2174 poetae,
1349 2134 1405 2176 qui
1418 2144 1483 2165 non
1496 2139 1621 2165 tantum
1635 2133 1765 2174 ingenio

1003 2178 1117 2215 valent,
1133 2178 1189 2209 sed
1203 2179 1298 2209 etiam
1313 2179 1401 2219 larga
1414 2179 1568 2209 bonarum
1589 2177 1763 2208 litterarum
1806 2204 1809 2206 .

1003 2222 1093 2261 copia
1111 2221 1255 2253 instructi
1277 2227 1360 2257 sunt,
1384 2221 1533 2252 dicuntur
1553 2222 1636 2252 docti
1657 2221 1762 2262 (σοφή,

966 2276 968 2278 ·
1001 2268 1151 2306 sapientes
1177 2276 1205 2295 v.
1234 2265 1316 2306 50.).
1347 2265 1458 2297 Cicero
1481 2265 1522 2296 ad
1550 2264 1615 2306 Qu.
1646 2263 1698 2303 Fr.
1723 2264 1766 2295 de

1007 2309 1096 2340 Orat.
1116 2309 1145 2340 I.
1171 2308 1223 2340 58.
1248 2309 1289 2340 de
1313 2311 1471 2341 Pacuvio.-
1505 2308 1766 2348 Neo-quisquam

1004 2359 1048 2385 est
1069 2364 1186 2389 eorum,
1209 2352 1272 2394 qiai,
1295 2354 1321 2384 si
1334 2353 1412 2393 jam
1432 2354 1627 2383 ediscendum
1647 2353 1685 2383 sit
1707 2353 1766 2383 sibi

1003 2398 1132 2438 aliquid,
1148 2408 1213 2428 non
1233 2399 1392 2428 Teucrum
1409 2397 1541 2428 Pamv‘ii
1553 2397 1651 2431 malit,
1666 2407 1765 2436 quam

1004 2442 1190 2472 Maraiamu
1224 2441 1380 2472 venalium
1414 2441 1646 2471 vendendorum
1687 2442 1767 2480 leges

1004 2485 1146 2516 ediscere.
1234 2485 1361 2519 Accius,
1383 2484 1522 2525 (Actius,
1537 2482 1658 2523 Aetius)
1675 2483 1767 2514 Lati-

1004 2537 1066 2558 nus
1079 2533 1171 2567 poeta
1186 2527 1349 2568 Tragicus„
1368 2526 1499 2558 Pacuvii
1513 2526 1658 2558 aemulus.
1695 2526 1763 2558 cic.

1007 2571 1101 2602 Brut.
1130 2569 1183 2601 64.
1200 2591 1202 2594 -
1223 2572 1456 2606 Accius—ait,
1483 2581 1515 2602 se
1536 2576 1565 2601 ee
1588 2572 1779 2603 Pacuvium*

1005 2616 1141 2646 docuisse
1156 2614 1315 2656 fabulam,
1341 2625 1415 2646 cum
1439 2615 1489 2645 ille
1514 2616 1676 2655 octoginta,
1702 2615 1766 2655 ipse

1003 2659 1131 2699 triginta
1143 2669 1256 2690 annos
1262 2664 1359 2689 natus
1380 2664 1464 2689 esset.
1553 2660 1646 2689 Accii
1658 2663 1690 2689 et
1704 2667 1766 2688 08-

1004 2707 1141 2732 terorum
1155 2701 1331 2742 fragmenta
1345 2711 1364 2732 a
1378 2703 1721 2742 Stephanis‚De1rione
1734 2708 1767 2733 et

1006 2747 1150 2777 Scriverio
1164 2745 1294 2776 collecta
1309 2751 1392 2775 sunt.
1439 2747 1556 2777 Accius
1567 2746 1635 2787 jam
1650 2745 1767 2776 (11011111-

1004 2788 1130 2820 laudem
1166 2788 1320 2829 accepisse
1354 2790 1422 2826 alti,
1451 2789 1483 2819 h.
1515 2800 1541 2820 e.
1578 2788 1766 2820 sublimioris

1005 2839 1127 2871 poetam
1149 2832 1200 2862 vix
1223 2833 1308 2863 enim
1328 2834 1384 2864 alti
1405 2831 1445 2862 ad
1467 2834 1548 2864 senis
1570 2842 1696 2874 quoque
1716 2842 1767 2864 re-

1006 2875 1079 2906 ferri
1094 2882 1204 2916 potest,
1226 2886 1300 2906 cum
1325 2875 1443 2906 Accius
1465 2886 1529 2906 non
1550 2876 1646 2907 fuerit
1665 2887 1776 2914 senez-s

1007 2925 1044 2950 ut
1058 2930 1097 2952 ex
1111 2918 1239 2951 laudato
1259 2919 1329 2951 loco
1352 2919 1515 2952 Ciceronis
1535 2926 1662 2961 apparet
1672 2931 1693 2959 ς,
1706 2928 1767 2951 1100
