<?xml version="1.0" encoding="UTF-8"?>
<!DOCTYPE html PUBLIC "-//W3C//DTD XHTML 1.0 Transitional//EN"
    "http://www.w3.org/TR/xhtml1/DTD/xhtml1-transitional.dtd">
<html xmlns="http://www.w3.org/1999/xhtml" xml:lang="en" lang="en">
 <head>
  <title>
</title>
<meta http-equiv="Content-Type" content="text/html;charset=utf-8" />
  <meta name='ocr-system' content='tesseract 3.04.00' />
  <meta name='ocr-capabilities' content='ocr_page ocr_carea ocr_par ocr_line ocrx_word'/>
</head>
<body>
  <div class='ocr_page' id='page_1' title='image "./operaomniacumind00horauoft_0436.png"; bbox 0 0 1904 3250; ppageno 0'>
   <div class='ocr_carea' id='block_1_1' title="bbox 203 172 305 212">
    <p class='ocr_par' dir='ltr' id='par_1_1' title="bbox 203 172 305 212">
     <span class='ocr_line' id='line_1_1' title="bbox 203 172 305 212; baseline -0.029 -1"><span class='ocrx_word' id='word_1_1' title='bbox 203 172 288 212; x_wconf 84' lang='lat'><strong>396</strong></span> <span class='ocrx_word' id='word_1_2' title='bbox 302 206 305 208; x_wconf 82' lang='grc'><strong>.</strong></span> 
     </span>
    </p>
   </div>
   <div class='ocr_carea' id='block_1_2' title="bbox 832 166 1136 212">
    <p class='ocr_par' dir='ltr' id='par_1_2' title="bbox 832 166 1136 212">
     <span class='ocr_line' id='line_1_2' title="bbox 832 166 1136 212; baseline 0 0"><span class='ocrx_word' id='word_1_3' title='bbox 832 166 1136 212; x_wconf 86' lang='lat' dir='ltr'><strong>HORATII</strong></span> 
     </span>
    </p>
   </div>
   <div class='ocr_carea' id='block_1_3' title="bbox 1580 173 1762 222">
    <p class='ocr_par' dir='ltr' id='par_1_3' title="bbox 1580 173 1762 222">
     <span class='ocr_line' id='line_1_3' title="bbox 1580 173 1762 222; baseline -0.005 -11"><span class='ocrx_word' id='word_1_4' title='bbox 1580 173 1688 222; x_wconf 78' lang='lat' dir='ltr'><strong>[mn.</strong></span> <span class='ocrx_word' id='word_1_5' title='bbox 1711 182 1762 211; x_wconf 86' lang='lat'><strong>11.</strong></span> 
     </span>
    </p>
   </div>
   <div class='ocr_carea' id='block_1_4' title="bbox 205 291 1732 1345">
    <p class='ocr_par' dir='ltr' id='par_1_4' title="bbox 205 291 1456 352">
     <span class='ocr_line' id='line_1_4' title="bbox 205 291 1456 352; baseline 0 -16"><span class='ocrx_word' id='word_1_6' title='bbox 205 298 291 336; x_wconf 81' lang='lat'><strong>220</strong></span> <span class='ocrx_word' id='word_1_7' title='bbox 323 294 492 352; x_wconf 86' lang='lat' dir='ltr'><strong>Integer</strong></span> <span class='ocrx_word' id='word_1_8' title='bbox 513 301 575 336; x_wconf 90' lang='lat' dir='ltr'><strong>est</strong></span> <span class='ocrx_word' id='word_1_9' title='bbox 594 291 746 335; x_wconf 86' lang='lat' dir='ltr'><strong>animi!</strong></span> <span class='ocrx_word' id='word_1_10' title='bbox 778 307 832 334; x_wconf 92' lang='lat' dir='ltr'><strong>ne</strong></span> <span class='ocrx_word' id='word_1_11' title='bbox 852 293 1024 334; x_wconf 85' lang='lat' dir='ltr'><strong>dixeris.</strong></span> <span class='ocrx_word' id='word_1_12' title='bbox 1085 292 1214 351; x_wconf 89' lang='lat' dir='ltr'><strong>Ergo,</strong></span> <span class='ocrx_word' id='word_1_13' title='bbox 1235 295 1307 336; x_wconf 87' lang='lat' dir='ltr'><strong>ubi</strong></span> <span class='ocrx_word' id='word_1_14' title='bbox 1327 309 1456 351; x_wconf 86' lang='lat' dir='ltr'><strong>prava</strong></span> 
     </span>
    </p>

    <p class='ocr_par' dir='ltr' id='par_1_5' title="bbox 325 362 1439 419">
     <span class='ocr_line' id='line_1_5' title="bbox 325 362 1439 419; baseline 0.001 -13"><span class='ocrx_word' id='word_1_15' title='bbox 325 364 520 414; x_wconf 82' lang='lat' dir='ltr'><strong>Stultitia,</strong></span> <span class='ocrx_word' id='word_1_16' title='bbox 542 363 612 404; x_wconf 89' lang='lat' dir='ltr'><strong>hic</strong></span> <span class='ocrx_word' id='word_1_17' title='bbox 631 370 694 404; x_wconf 87' lang='lat' dir='ltr'><strong>est</strong></span> <span class='ocrx_word' id='word_1_18' title='bbox 714 376 877 403; x_wconf 84' lang='lat' dir='ltr'><strong>summa</strong></span> <span class='ocrx_word' id='word_1_19' title='bbox 895 362 1079 403; x_wconf 86' lang='lat' dir='ltr'><strong>insania:</strong></span> <span class='ocrx_word' id='word_1_20' title='bbox 1109 363 1183 419; x_wconf 92' lang='lat' dir='ltr'><strong>qui</strong></span> <span class='ocrx_word' id='word_1_21' title='bbox 1203 363 1439 415; x_wconf 80' lang='lat' dir='ltr'><strong>sceleratus,</strong></span> 
     </span>
    </p>

    <p class='ocr_par' dir='ltr' id='par_1_6' title="bbox 324 433 1285 491">
     <span class='ocr_line' id='line_1_6' title="bbox 324 433 1285 491; baseline -0.003 -13"><span class='ocrx_word' id='word_1_22' title='bbox 324 437 381 478; x_wconf 89' lang='lat' dir='ltr'><strong>Et</strong></span> <span class='ocrx_word' id='word_1_23' title='bbox 399 436 580 479; x_wconf 87' lang='lat' dir='ltr'><strong>furiosus</strong></span> <span class='ocrx_word' id='word_1_24' title='bbox 600 434 702 483; x_wconf 87' lang='lat' dir='ltr'><strong>erit3</strong></span> <span class='ocrx_word' id='word_1_25' title='bbox 734 449 860 491; x_wconf 91' lang='lat' dir='ltr'><strong>quem</strong></span> <span class='ocrx_word' id='word_1_26' title='bbox 880 434 992 490; x_wconf 87' lang='lat' dir='ltr'><strong>cepit</strong></span> <span class='ocrx_word' id='word_1_27' title='bbox 1011 434 1144 476; x_wconf 87' lang='lat' dir='ltr'><strong>vitrea</strong></span> <span class='ocrx_word' id='word_1_28' title='bbox 1161 433 1285 486; x_wconf 85' lang='lat' dir='ltr'><strong>fama,</strong></span> 
     </span>
    </p>

    <p class='ocr_par' dir='ltr' id='par_1_7' title="bbox 325 505 1390 564">
     <span class='ocr_line' id='line_1_7' title="bbox 325 505 1390 564; baseline 0 -14"><span class='ocrx_word' id='word_1_29' title='bbox 325 509 453 550; x_wconf 89' lang='lat' dir='ltr'><strong>Hunc</strong></span> <span class='ocrx_word' id='word_1_30' title='bbox 474 507 769 549; x_wconf 88' lang='lat' dir='ltr'><strong>circumtonuit</strong></span> <span class='ocrx_word' id='word_1_31' title='bbox 787 506 977 564; x_wconf 86' lang='lat' dir='ltr'><strong>gaudens</strong></span> <span class='ocrx_word' id='word_1_32' title='bbox 997 505 1177 548; x_wconf 87' lang='lat' dir='ltr'>Bellona</span> <span class='ocrx_word' id='word_1_33' title='bbox 1196 507 1390 550; x_wconf 85' lang='lat' dir='ltr'><strong>cruentis.</strong></span> 
     </span>
    </p>

    <p class='ocr_par' dir='ltr' id='par_1_8' title="bbox 324 575 1543 634">
     <span class='ocr_line' id='line_1_8' title="bbox 324 575 1543 634; baseline 0 -14"><span class='ocrx_word' id='word_1_34' title='bbox 324 578 450 620; x_wconf 88' lang='lat' dir='ltr'><strong>Nunc</strong></span> <span class='ocrx_word' id='word_1_35' title='bbox 470 591 561 634; x_wconf 85' lang='lat' dir='ltr'>age,</span> <span class='ocrx_word' id='word_1_36' title='bbox 583 575 795 618; x_wconf 82' lang='lat' dir='ltr'><strong>luxuriam</strong></span> <span class='ocrx_word' id='word_1_37' title='bbox 815 584 858 619; x_wconf 92' lang='lat' dir='ltr'><strong>et</strong></span> <span class='ocrx_word' id='word_1_38' title='bbox 878 576 1189 618; x_wconf 87' lang='lat' dir='ltr'><strong>Nomentanum</strong></span> <span class='ocrx_word' id='word_1_39' title='bbox 1210 577 1350 633; x_wconf 81' lang='lat' dir='ltr'><strong>arripe</strong></span> <span class='ocrx_word' id='word_1_40' title='bbox 1368 592 1543 620; x_wconf 86' lang='lat' dir='ltr'><strong>mecum.</strong></span> 
     </span>
    </p>

    <p class='ocr_par' dir='ltr' id='par_1_9' title="bbox 208 649 1309 705">
     <span class='ocr_line' id='line_1_9' title="bbox 208 649 1309 705; baseline -0.003 -11"><span class='ocrx_word' id='word_1_41' title='bbox 208 655 291 694; x_wconf 86' lang='grc'><strong>225</strong></span> <span class='ocrx_word' id='word_1_42' title='bbox 323 651 474 692; x_wconf 89' lang='lat' dir='ltr'><strong>Vincet</strong></span> <span class='ocrx_word' id='word_1_43' title='bbox 494 649 606 690; x_wconf 92' lang='lat' dir='ltr'><strong>enim</strong></span> <span class='ocrx_word' id='word_1_44' title='bbox 627 649 775 691; x_wconf 89' lang='lat' dir='ltr'><strong>stultos</strong></span> <span class='ocrx_word' id='word_1_45' title='bbox 795 650 903 691; x_wconf 88' lang='lat' dir='ltr'><strong>ratio</strong></span> <span class='ocrx_word' id='word_1_46' title='bbox 922 650 1104 692; x_wconf 88' lang='lat' dir='ltr'><strong>insanire</strong></span> <span class='ocrx_word' id='word_1_47' title='bbox 1123 656 1309 705; x_wconf 85' lang='lat' dir='ltr'><strong>nepotes.</strong></span> 
     </span>
    </p>

    <p class='ocr_par' dir='ltr' id='par_1_10' title="bbox 326 717 1303 775">
     <span class='ocr_line' id='line_1_10' title="bbox 326 717 1303 775; baseline 0.001 -15"><span class='ocrx_word' id='word_1_48' title='bbox 326 718 410 760; x_wconf 90' lang='lat' dir='ltr'><strong>Hic</strong></span> <span class='ocrx_word' id='word_1_49' title='bbox 431 718 555 760; x_wconf 90' lang='lat' dir='ltr'><strong>simul</strong></span> <span class='ocrx_word' id='word_1_50' title='bbox 574 719 734 775; x_wconf 86' lang='lat' dir='ltr'><strong>accepit</strong></span> <span class='ocrx_word' id='word_1_51' title='bbox 753 717 981 775; x_wconf 78' lang='lat' dir='ltr'><strong>patrimoni</strong></span> <span class='ocrx_word' id='word_1_52' title='bbox 1000 719 1114 762; x_wconf 90' lang='lat' dir='ltr'><strong>mille</strong></span> <span class='ocrx_word' id='word_1_53' title='bbox 1133 719 1303 770; x_wconf 84' lang='lat' dir='ltr'><strong>talenta,</strong></span> 
     </span>
    </p>

    <p class='ocr_par' dir='ltr' id='par_1_11' title="bbox 326 791 1286 919">
     <span class='ocr_line' id='line_1_11' title="bbox 326 791 1216 849; baseline 0.002 -17"><span class='ocrx_word' id='word_1_54' title='bbox 326 791 478 843; x_wconf 85' lang='lat' dir='ltr'><strong>Edicit,</strong></span> <span class='ocrx_word' id='word_1_55' title='bbox 499 792 682 848; x_wconf 84' lang='lat' dir='ltr'><strong>piscator</strong></span> <span class='ocrx_word' id='word_1_56' title='bbox 702 793 777 843; x_wconf 91' lang='lat' dir='ltr'><strong>uti,</strong></span> <span class='ocrx_word' id='word_1_57' title='bbox 799 793 1025 848; x_wconf 86' lang='lat' dir='ltr'><strong>pomarius,</strong></span> <span class='ocrx_word' id='word_1_58' title='bbox 1048 807 1216 849; x_wconf 86' lang='lat' dir='ltr'><strong>auceps,</strong></span> 
     </span>
     <span class='ocr_line' id='line_1_12' title="bbox 326 860 1286 919; baseline 0 -15"><span class='ocrx_word' id='word_1_59' title='bbox 326 860 658 919; x_wconf 87' lang='lat' dir='ltr'><strong>Unguentarius‚</strong></span> <span class='ocrx_word' id='word_1_60' title='bbox 679 877 728 904; x_wconf 83' lang='lat' dir='ltr'><strong>ac</strong></span> <span class='ocrx_word' id='word_1_61' title='bbox 749 861 881 904; x_wconf 89' lang='lat' dir='ltr'><strong>Tusci</strong></span> <span class='ocrx_word' id='word_1_62' title='bbox 900 860 1173 919; x_wconf 84' lang='lat' dir='ltr'><strong>turbaimpia</strong></span> <span class='ocrx_word' id='word_1_63' title='bbox 1191 862 1286 914; x_wconf 84' lang='lat' dir='ltr'><strong>vici,</strong></span> 
     </span>
    </p>

    <p class='ocr_par' dir='ltr' id='par_1_12' title="bbox 325 931 1500 985">
     <span class='ocr_line' id='line_1_13' title="bbox 325 931 1500 985; baseline 0.002 -11"><span class='ocrx_word' id='word_1_64' title='bbox 325 931 436 974; x_wconf 91' lang='lat' dir='ltr'><strong>Cum</strong></span> <span class='ocrx_word' id='word_1_65' title='bbox 456 932 611 974; x_wconf 87' lang='lat' dir='ltr'><strong>scurris</strong></span> <span class='ocrx_word' id='word_1_66' title='bbox 630 932 775 983; x_wconf 83' lang='lat' dir='ltr'><strong>fartor,</strong></span> <span class='ocrx_word' id='word_1_67' title='bbox 798 947 895 975; x_wconf 88' lang='lat' dir='ltr'><strong>cum</strong></span> <span class='ocrx_word' id='word_1_68' title='bbox 916 932 1102 975; x_wconf 87' lang='lat' dir='ltr'><strong>Velabro</strong></span> <span class='ocrx_word' id='word_1_69' title='bbox 1121 948 1246 975; x_wconf 88' lang='lat' dir='ltr'><strong>omne</strong></span> <span class='ocrx_word' id='word_1_70' title='bbox 1265 933 1500 985; x_wconf 76' lang='lat' dir='ltr'><strong>macellum,</strong></span> 
     </span>
    </p>

    <p class='ocr_par' dir='ltr' id='par_1_13' title="bbox 209 1000 1732 1276">
     <span class='ocr_line' id='line_1_14' title="bbox 209 1000 1642 1059; baseline 0.002 -17"><span class='ocrx_word' id='word_1_71' title='bbox 209 1005 292 1043; x_wconf 79' lang='lat'><strong>230</strong></span> <span class='ocrx_word' id='word_1_72' title='bbox 326 1000 458 1043; x_wconf 89' lang='lat' dir='ltr'><strong>Mane</strong></span> <span class='ocrx_word' id='word_1_73' title='bbox 477 1000 650 1043; x_wconf 91' lang='lat' dir='ltr'><strong>domum</strong></span> <span class='ocrx_word' id='word_1_74' title='bbox 669 1001 850 1044; x_wconf 85' lang='lat' dir='ltr'><strong>veniant.</strong></span> <span class='ocrx_word' id='word_1_75' title='bbox 911 1000 1030 1051; x_wconf 82' lang='lat' dir='ltr'><strong>Quid</strong></span> <span class='ocrx_word' id='word_1_76' title='bbox 1050 1000 1175 1044; x_wconf 84' lang='lat' dir='ltr'><strong>tum?</strong></span> <span class='ocrx_word' id='word_1_77' title='bbox 1205 1001 1371 1044; x_wconf 87' lang='lat' dir='ltr'><strong>Venere</strong></span> <span class='ocrx_word' id='word_1_78' title='bbox 1389 1001 1642 1059; x_wconf 87' lang='lat' dir='ltr'><strong>frequentes,</strong></span> 
     </span>
     <span class='ocr_line' id='line_1_15' title="bbox 325 1073 1542 1133; baseline 0.002 -18"><span class='ocrx_word' id='word_1_79' title='bbox 325 1074 468 1116; x_wconf 89' lang='lat' dir='ltr'><strong>Verba</strong></span> <span class='ocrx_word' id='word_1_80' title='bbox 486 1073 585 1116; x_wconf 87' lang='lat' dir='ltr'><strong>facit</strong></span> <span class='ocrx_word' id='word_1_81' title='bbox 598 1074 718 1116; x_wconf 86' lang='lat' dir='ltr'><strong>leno:</strong></span> <span class='ocrx_word' id='word_1_82' title='bbox 751 1074 951 1132; x_wconf 90' lang='lat' dir='ltr'><strong>quicquid</strong></span> <span class='ocrx_word' id='word_1_83' title='bbox 970 1074 1087 1126; x_wconf 87' lang='lat' dir='ltr'><strong>mihi,</strong></span> <span class='ocrx_word' id='word_1_84' title='bbox 1109 1074 1310 1133; x_wconf 79' lang='lat' dir='ltr'><strong>quIcquid</strong></span> <span class='ocrx_word' id='word_1_85' title='bbox 1329 1082 1371 1117; x_wconf 91' lang='lat' dir='ltr'><strong>et</strong></span> <span class='ocrx_word' id='word_1_86' title='bbox 1389 1075 1542 1118; x_wconf 90' lang='lat' dir='ltr'><strong>horum</strong></span> 
     </span>
     <span class='ocr_line' id='line_1_16' title="bbox 329 1143 1732 1203; baseline 0.001 -17"><span class='ocrx_word' id='word_1_87' title='bbox 329 1143 494 1201; x_wconf 90' lang='lat' dir='ltr'><strong>Cuique</strong></span> <span class='ocrx_word' id='word_1_88' title='bbox 513 1144 629 1187; x_wconf 89' lang='lat' dir='ltr'><strong>domi</strong></span> <span class='ocrx_word' id='word_1_89' title='bbox 648 1152 724 1196; x_wconf 88' lang='lat' dir='ltr'><strong>est,</strong></span> <span class='ocrx_word' id='word_1_90' title='bbox 746 1144 791 1187; x_wconf 91' lang='lat' dir='ltr'><strong>id</strong></span> <span class='ocrx_word' id='word_1_91' title='bbox 811 1145 936 1187; x_wconf 86' lang='lat' dir='ltr'><strong>crede</strong></span> <span class='ocrx_word' id='word_1_92' title='bbox 956 1152 1099 1187; x_wconf 90' lang='lat' dir='ltr'><strong>tuum:</strong></span> <span class='ocrx_word' id='word_1_93' title='bbox 1131 1153 1174 1188; x_wconf 85' lang='lat' dir='ltr'><strong>et</strong></span> <span class='ocrx_word' id='word_1_94' title='bbox 1193 1145 1259 1189; x_wconf 90' lang='lat' dir='ltr'><strong>vel</strong></span> <span class='ocrx_word' id='word_1_95' title='bbox 1278 1161 1391 1188; x_wconf 91' lang='lat' dir='ltr'><strong>nunc</strong></span> <span class='ocrx_word' id='word_1_96' title='bbox 1410 1154 1520 1203; x_wconf 80' lang='lat' dir='ltr'><strong>pete,</strong></span> <span class='ocrx_word' id='word_1_97' title='bbox 1541 1146 1608 1188; x_wconf 88' lang='lat' dir='ltr'><strong>vel</strong></span> <span class='ocrx_word' id='word_1_98' title='bbox 1627 1160 1732 1189; x_wconf 88' lang='lat' dir='ltr'><strong>cras.</strong></span> 
     </span>
     <span class='ocr_line' id='line_1_17' title="bbox 326 1217 1444 1276; baseline 0.003 -18"><span class='ocrx_word' id='word_1_99' title='bbox 326 1217 500 1273; x_wconf 88' lang='lat' dir='ltr'><strong>Accipe,</strong></span> <span class='ocrx_word' id='word_1_100' title='bbox 522 1217 624 1274; x_wconf 85' lang='lat' dir='ltr'><strong>quid</strong></span> <span class='ocrx_word' id='word_1_101' title='bbox 643 1226 791 1261; x_wconf 88' lang='lat' dir='ltr'><strong>contra</strong></span> <span class='ocrx_word' id='word_1_102' title='bbox 803 1219 971 1275; x_wconf 83' lang='lat' dir='ltr'><strong>juvenis</strong></span> <span class='ocrx_word' id='word_1_103' title='bbox 990 1218 1255 1275; x_wconf 89' lang='lat' dir='ltr'><strong>responderit</strong></span> <span class='ocrx_word' id='word_1_104' title='bbox 1273 1234 1444 1276; x_wconf 87' lang='lat' dir='ltr'><strong>aequus:</strong></span> 
     </span>
    </p>

    <p class='ocr_par' dir='ltr' id='par_1_14' title="bbox 329 1286 1336 1345">
     <span class='ocr_line' id='line_1_18' title="bbox 329 1286 1336 1345; baseline 0.005 -18"><span class='ocrx_word' id='word_1_105' title='bbox 329 1286 381 1328; x_wconf 93' lang='lat' dir='ltr'><strong>In</strong></span> <span class='ocrx_word' id='word_1_106' title='bbox 400 1287 497 1330; x_wconf 89' lang='lat' dir='ltr'><strong>nive</strong></span> <span class='ocrx_word' id='word_1_107' title='bbox 518 1287 692 1331; x_wconf 83' lang='lat' dir='ltr'><strong>Lucana</strong></span> <span class='ocrx_word' id='word_1_108' title='bbox 712 1289 871 1331; x_wconf 89' lang='lat' dir='ltr'><strong>dormis</strong></span> <span class='ocrx_word' id='word_1_109' title='bbox 890 1296 1097 1340; x_wconf 87' lang='lat' dir='ltr'><strong>ocreatus,</strong></span> <span class='ocrx_word' id='word_1_110' title='bbox 1118 1297 1166 1332; x_wconf 91' lang='lat' dir='ltr'><strong>ut</strong></span> <span class='ocrx_word' id='word_1_111' title='bbox 1185 1304 1336 1345; x_wconf 88' lang='lat' dir='ltr'><strong>aprum</strong></span> 
     </span>
    </p>
   </div>
   <div class='ocr_carea' id='block_1_5' title="bbox 212 1424 989 2988">
    <p class='ocr_par' dir='ltr' id='par_1_15' title="bbox 212 1424 974 1546">
     <span class='ocr_line' id='line_1_19' title="bbox 212 1424 974 1469; baseline 0.007 -14"><span class='ocrx_word' id='word_1_112' title='bbox 212 1425 383 1462; x_wconf 81' lang='lat' dir='ltr'><strong>decretum,</strong></span> <span class='ocrx_word' id='word_1_113' title='bbox 413 1424 504 1456; x_wconf 80' lang='lat' dir='ltr'><strong>certis</strong></span> <span class='ocrx_word' id='word_1_114' title='bbox 525 1426 670 1458; x_wconf 76' lang='lat' dir='ltr'><strong>formulis</strong></span> <span class='ocrx_word' id='word_1_115' title='bbox 689 1434 888 1468; x_wconf 82' lang='lat' dir='ltr'><strong>conceptum,</strong></span> <span class='ocrx_word' id='word_1_116' title='bbox 909 1437 974 1469; x_wconf 86' lang='lat' dir='ltr'><strong>quo</strong></span> 
     </span>
     <span class='ocr_line' id='line_1_20' title="bbox 212 1467 969 1512; baseline 0.005 -14"><span class='ocrx_word' id='word_1_117' title='bbox 212 1475 325 1508; x_wconf 78' lang='lat' dir='ltr'><strong>praetor</strong></span> <span class='ocrx_word' id='word_1_118' title='bbox 338 1467 456 1510; x_wconf 87' lang='lat' dir='ltr'><strong>aliquid</strong></span> <span class='ocrx_word' id='word_1_119' title='bbox 470 1468 538 1500; x_wconf 84' lang='lat' dir='ltr'><strong>fleri</strong></span> <span class='ocrx_word' id='word_1_120' title='bbox 552 1470 601 1500; x_wconf 81' lang='lat' dir='ltr'><strong>ve&#39;l</strong></span> <span class='ocrx_word' id='word_1_121' title='bbox 622 1471 713 1512; x_wconf 84' lang='lat' dir='ltr'><strong>jubet</strong></span> <span class='ocrx_word' id='word_1_122' title='bbox 726 1471 776 1502; x_wconf 84' lang='lat' dir='ltr'><strong>vel</strong></span> <span class='ocrx_word' id='word_1_123' title='bbox 791 1477 882 1502; x_wconf 80' lang='lat' dir='ltr'><strong>vetat.</strong></span> <span class='ocrx_word' id='word_1_124' title='bbox 907 1470 969 1502; x_wconf 83' lang='lat' dir='ltr'><strong>vid.</strong></span> 
     </span>
     <span class='ocr_line' id='line_1_21' title="bbox 213 1511 903 1546; baseline 0.003 -2"><span class='ocrx_word' id='word_1_125' title='bbox 213 1513 343 1544; x_wconf 85' lang='lat' dir='ltr'><strong>Ernest.</strong></span> <span class='ocrx_word' id='word_1_126' title='bbox 359 1511 394 1542; x_wconf 87' lang='lat' dir='ltr'><strong>in</strong></span> <span class='ocrx_word' id='word_1_127' title='bbox 411 1511 500 1543; x_wconf 85' lang='lat' dir='ltr'><strong>Clav.</strong></span> <span class='ocrx_word' id='word_1_128' title='bbox 520 1513 587 1544; x_wconf 84' lang='lat' dir='ltr'><strong>Cic.</strong></span> <span class='ocrx_word' id='word_1_129' title='bbox 605 1525 630 1545; x_wconf 88' lang='lat' dir='ltr'><strong>s.</strong></span> <span class='ocrx_word' id='word_1_130' title='bbox 649 1525 677 1545; x_wconf 88' lang='lat' dir='ltr'><strong>v.</strong></span> <span class='ocrx_word' id='word_1_131' title='bbox 695 1516 903 1546; x_wconf 80' lang='lat' dir='ltr'><strong>interdictum.</strong></span> 
     </span>
    </p>

    <p class='ocr_par' dir='ltr' id='par_1_16' title="bbox 214 1554 976 1771">
     <span class='ocr_line' id='line_1_22' title="bbox 255 1554 975 1600; baseline 0.008 -15"><span class='ocrx_word' id='word_1_132' title='bbox 255 1566 286 1586; x_wconf 84' lang='lat' dir='ltr'><strong>v.</strong></span> <span class='ocrx_word' id='word_1_133' title='bbox 305 1554 379 1586; x_wconf 89' lang='grc'><strong>218.</strong></span> <span class='ocrx_word' id='word_1_134' title='bbox 406 1557 452 1587; x_wconf 81' lang='lat' dir='ltr'><strong>Et</strong></span> <span class='ocrx_word' id='word_1_135' title='bbox 466 1558 507 1587; x_wconf 86' lang='lat' dir='ltr'><strong>ad</strong></span> <span class='ocrx_word' id='word_1_136' title='bbox 520 1568 611 1589; x_wconf 72' lang='lat' dir='ltr'><strong>sanos</strong></span> <span class='ocrx_word' id='word_1_137' title='bbox 625 1559 712 1589; x_wconf 83' lang='lat' dir='ltr'><strong>abeat</strong></span> <span class='ocrx_word' id='word_1_138' title='bbox 731 1560 829 1590; x_wconf 79' lang='lat' dir='ltr'><strong>tutela</strong></span> <span class='ocrx_word' id='word_1_139' title='bbox 845 1560 975 1600; x_wconf 80' lang='lat' dir='ltr'><strong>propin·</strong></span> 
     </span>
     <span class='ocr_line' id='line_1_23' title="bbox 214 1598 973 1641; baseline 0.003 -10"><span class='ocrx_word' id='word_1_140' title='bbox 214 1610 290 1641; x_wconf 79' lang='lat' dir='ltr'><strong>quos</strong></span> <span class='ocrx_word' id='word_1_141' title='bbox 297 1614 309 1636; x_wconf 92' lang='lat'><strong>,·</strong></span> <span class='ocrx_word' id='word_1_142' title='bbox 326 1598 444 1629; x_wconf 84' lang='lat' dir='ltr'><strong>seilicet</strong></span> <span class='ocrx_word' id='word_1_143' title='bbox 456 1600 497 1629; x_wconf 88' lang='lat' dir='ltr'><strong>ad</strong></span> <span class='ocrx_word' id='word_1_144' title='bbox 511 1599 615 1641; x_wconf 86' lang='lat' dir='ltr'><strong>legem</strong></span> <span class='ocrx_word' id='word_1_145' title='bbox 629 1601 664 1632; x_wconf 92' lang='lat' dir='ltr'><strong>in</strong></span> <span class='ocrx_word' id='word_1_146' title='bbox 678 1601 845 1632; x_wconf 90' lang='lat' dir='ltr'><strong>duodecim</strong></span> <span class='ocrx_word' id='word_1_147' title='bbox 859 1602 973 1639; x_wconf 69' lang='lat' dir='ltr'><strong>Tabb„</strong></span> 
     </span>
     <span class='ocr_line' id='line_1_24' title="bbox 214 1642 974 1686; baseline 0.004 -12"><span class='ocrx_word' id='word_1_148' title='bbox 214 1652 310 1686; x_wconf 80' lang='lat' dir='ltr'><strong>quam</strong></span> <span class='ocrx_word' id='word_1_149' title='bbox 331 1642 449 1682; x_wconf 84' lang='lat' dir='ltr'><strong>profert</strong></span> <span class='ocrx_word' id='word_1_150' title='bbox 480 1642 590 1674; x_wconf 89' lang='lat' dir='ltr'><strong>Cicero</strong></span> <span class='ocrx_word' id='word_1_151' title='bbox 619 1643 659 1675; x_wconf 91' lang='lat' dir='ltr'><strong>de</strong></span> <span class='ocrx_word' id='word_1_152' title='bbox 686 1644 810 1676; x_wconf 82' lang='lat' dir='ltr'><strong>Invent.</strong></span> <span class='ocrx_word' id='word_1_153' title='bbox 845 1644 896 1676; x_wconf 91' lang='lat'><strong>11.</strong></span> <span class='ocrx_word' id='word_1_154' title='bbox 922 1645 974 1677; x_wconf 84' lang='lat'><strong>50.</strong></span> 
     </span>
     <span class='ocr_line' id='line_1_25' title="bbox 214 1687 976 1732; baseline 0.007 -15"><span class='ocrx_word' id='word_1_155' title='bbox 214 1688 247 1719; x_wconf 84' lang='lat' dir='ltr'><strong>Si</strong></span> <span class='ocrx_word' id='word_1_156' title='bbox 254 1687 402 1729; x_wconf 77' lang='lat' dir='ltr'><strong>furiosus</strong></span> <span class='ocrx_word' id='word_1_157' title='bbox 415 1692 468 1723; x_wconf 77' lang='lat' dir='ltr'><strong>est,</strong></span> <span class='ocrx_word' id='word_1_158' title='bbox 484 1693 673 1727; x_wconf 81' lang='lat' dir='ltr'><strong>agnatorum</strong></span> <span class='ocrx_word' id='word_1_159' title='bbox 694 1690 920 1732; x_wconf 75' lang='lat' dir='ltr'><strong>gentiliumque</strong></span> <span class='ocrx_word' id='word_1_160' title='bbox 941 1692 976 1722; x_wconf 87' lang='lat' dir='ltr'><strong>in</strong></span> 
     </span>
     <span class='ocr_line' id='line_1_26' title="bbox 215 1730 759 1771; baseline 0 -9"><span class='ocrx_word' id='word_1_161' title='bbox 215 1742 248 1762; x_wconf 87' lang='lat' dir='ltr'><strong>eo</strong></span> <span class='ocrx_word' id='word_1_162' title='bbox 259 1730 455 1771; x_wconf 80' lang='lat' dir='ltr'><strong>pecuniaque</strong></span> <span class='ocrx_word' id='word_1_163' title='bbox 469 1730 536 1770; x_wconf 61' lang='lat' dir='ltr'><strong>qius</strong></span> <span class='ocrx_word' id='word_1_164' title='bbox 543 1737 676 1771; x_wconf 75' lang='lat' dir='ltr'><strong>potestas</strong></span> <span class='ocrx_word' id='word_1_165' title='bbox 689 1738 759 1764; x_wconf 75' lang='lat' dir='ltr'><strong>esto.</strong></span> 
     </span>
    </p>

    <p class='ocr_par' dir='ltr' id='par_1_17' title="bbox 215 1771 976 1856">
     <span class='ocr_line' id='line_1_27' title="bbox 258 1771 976 1818; baseline 0.007 -14"><span class='ocrx_word' id='word_1_166' title='bbox 258 1784 288 1805; x_wconf 84' lang='lat' dir='ltr'><strong>v.</strong></span> <span class='ocrx_word' id='word_1_167' title='bbox 311 1771 386 1803; x_wconf 91' lang='grc'><strong>219.</strong></span> <span class='ocrx_word' id='word_1_168' title='bbox 406 1784 465 1814; x_wconf 84' lang='lat' dir='ltr'><strong>pro</strong></span> <span class='ocrx_word' id='word_1_169' title='bbox 478 1781 579 1812; x_wconf 81' lang='lat' dir='ltr'><strong>muta,</strong></span> <span class='ocrx_word' id='word_1_170' title='bbox 592 1776 694 1813; x_wconf 78' lang='lat' dir='ltr'><strong>bruta,</strong></span> <span class='ocrx_word' id='word_1_171' title='bbox 716 1775 846 1808; x_wconf 81' lang='lat' dir='ltr'><strong>rationis</strong></span> <span class='ocrx_word' id='word_1_172' title='bbox 866 1787 976 1818; x_wconf 84' lang='lat' dir='ltr'><strong>exper-</strong></span> 
     </span>
     <span class='ocr_line' id='line_1_28' title="bbox 215 1816 714 1856; baseline 0.012 -11"><span class='ocrx_word' id='word_1_173' title='bbox 215 1823 270 1856; x_wconf 83' lang='lat' dir='ltr'><strong>te3</strong></span> <span class='ocrx_word' id='word_1_174' title='bbox 293 1816 334 1847; x_wconf 86' lang='lat' dir='ltr'><strong>cf.</strong></span> <span class='ocrx_word' id='word_1_175' title='bbox 353 1826 447 1856; x_wconf 87' lang='lat' dir='ltr'><strong>supra</strong></span> <span class='ocrx_word' id='word_1_176' title='bbox 463 1818 526 1848; x_wconf 83' lang='lat' dir='ltr'><strong>Sat.</strong></span> <span class='ocrx_word' id='word_1_177' title='bbox 546 1817 574 1849; x_wconf 86' lang='grc' dir='ltr'><strong>Ι.</strong></span> <span class='ocrx_word' id='word_1_178' title='bbox 589 1818 621 1849; x_wconf 87' lang='lat'><strong>3.</strong></span> <span class='ocrx_word' id='word_1_179' title='bbox 642 1818 714 1851; x_wconf 88' lang='grc'><strong>100.</strong></span> 
     </span>
    </p>

    <p class='ocr_par' dir='ltr' id='par_1_18' title="bbox 217 1859 983 2209">
     <span class='ocr_line' id='line_1_29' title="bbox 259 1859 981 1906; baseline 0.007 -16"><span class='ocrx_word' id='word_1_180' title='bbox 259 1872 287 1891; x_wconf 86' lang='grc' dir='ltr'><strong>ν.</strong></span> <span class='ocrx_word' id='word_1_181' title='bbox 313 1859 496 1892; x_wconf 84' lang='grc'><strong>220-223.</strong></span> <span class='ocrx_word' id='word_1_182' title='bbox 522 1863 618 1903; x_wconf 83' lang='lat' dir='ltr'><strong>Ergo,</strong></span> <span class='ocrx_word' id='word_1_183' title='bbox 634 1865 689 1894; x_wconf 80' lang='lat' dir='ltr'><strong>ubi</strong></span> <span class='ocrx_word' id='word_1_184' title='bbox 702 1868 775 1894; x_wconf 85' lang='lat' dir='ltr'><strong>cett.</strong></span> <span class='ocrx_word' id='word_1_185' title='bbox 822 1862 911 1905; x_wconf 80' lang='lat' dir='ltr'><strong>Ergo</strong></span> <span class='ocrx_word' id='word_1_186' title='bbox 925 1864 981 1906; x_wconf 85' lang='lat' dir='ltr'><strong>qui</strong></span> 
     </span>
     <span class='ocr_line' id='line_1_30' title="bbox 217 1905 978 1947; baseline 0.005 -12"><span class='ocrx_word' id='word_1_187' title='bbox 217 1905 313 1935; x_wconf 82' lang='lat' dir='ltr'><strong>stulte</strong></span> <span class='ocrx_word' id='word_1_188' title='bbox 341 1911 477 1935; x_wconf 82' lang='lat' dir='ltr'><strong>sectatur</strong></span> <span class='ocrx_word' id='word_1_189' title='bbox 505 1915 608 1944; x_wconf 78' lang='lat' dir='ltr'><strong>prava,</strong></span> <span class='ocrx_word' id='word_1_190' title='bbox 630 1905 800 1938; x_wconf 83' lang='lat' dir='ltr'><strong>rectissime</strong></span> <span class='ocrx_word' id='word_1_191' title='bbox 828 1907 978 1947; x_wconf 87' lang='lat' dir='ltr'><strong>insauus;</strong></span> 
     </span>
     <span class='ocr_line' id='line_1_31' title="bbox 218 1948 979 1991; baseline 0.005 -13"><span class='ocrx_word' id='word_1_192' title='bbox 218 1949 273 1989; x_wconf 91' lang='lat' dir='ltr'><strong>qui</strong></span> <span class='ocrx_word' id='word_1_193' title='bbox 287 1953 443 1988; x_wconf 83' lang='lat' dir='ltr'><strong>perpetrat</strong></span> <span class='ocrx_word' id='word_1_194' title='bbox 456 1948 579 1985; x_wconf 81' lang='lat' dir='ltr'><strong>scelera,</strong></span> <span class='ocrx_word' id='word_1_195' title='bbox 594 1960 659 1980; x_wconf 91' lang='lat' dir='ltr'><strong>non</strong></span> <span class='ocrx_word' id='word_1_196' title='bbox 673 1949 777 1981; x_wconf 85' lang='lat' dir='ltr'><strong>solum</strong></span> <span class='ocrx_word' id='word_1_197' title='bbox 802 1950 979 1991; x_wconf 82' lang='lat' dir='ltr'><strong>sceleratus,</strong></span> 
     </span>
     <span class='ocr_line' id='line_1_32' title="bbox 218 1991 980 2035; baseline -0.001 -12"><span class='ocrx_word' id='word_1_198' title='bbox 218 1991 273 2023; x_wconf 90' lang='lat' dir='ltr'><strong>sed</strong></span> <span class='ocrx_word' id='word_1_199' title='bbox 288 1991 381 2022; x_wconf 84' lang='lat' dir='ltr'><strong>etiam</strong></span> <span class='ocrx_word' id='word_1_200' title='bbox 391 1992 538 2034; x_wconf 77' lang='lat' dir='ltr'><strong>furiosus</strong></span> <span class='ocrx_word' id='word_1_201' title='bbox 553 1992 778 2033; x_wconf 82' lang='lat' dir='ltr'><strong>appellabitur3</strong></span> <span class='ocrx_word' id='word_1_202' title='bbox 804 1994 860 2035; x_wconf 90' lang='lat' dir='ltr'><strong>qui</strong></span> <span class='ocrx_word' id='word_1_203' title='bbox 882 1995 980 2026; x_wconf 82' lang='lat' dir='ltr'><strong>virtu-</strong></span> 
     </span>
     <span class='ocr_line' id='line_1_33' title="bbox 218 2034 982 2077; baseline 0.004 -11"><span class='ocrx_word' id='word_1_204' title='bbox 218 2035 258 2066; x_wconf 80' lang='lat' dir='ltr'><strong>fis</strong></span> <span class='ocrx_word' id='word_1_205' title='bbox 271 2034 391 2066; x_wconf 83' lang='lat' dir='ltr'><strong>bellicae</strong></span> <span class='ocrx_word' id='word_1_206' title='bbox 404 2035 505 2076; x_wconf 85' lang='lat' dir='ltr'><strong>gloria</strong></span> <span class='ocrx_word' id='word_1_207' title='bbox 520 2037 772 2076; x_wconf 83' lang='lat' dir='ltr'><strong>exsplendescere</strong></span> <span class='ocrx_word' id='word_1_208' title='bbox 786 2038 883 2077; x_wconf 81' lang='lat' dir='ltr'><strong>cupit,</strong></span> <span class='ocrx_word' id='word_1_209' title='bbox 906 2049 982 2069; x_wconf 89' lang='lat' dir='ltr'><strong>eum</strong></span> 
     </span>
     <span class='ocr_line' id='line_1_34' title="bbox 223 2079 982 2124; baseline 0.003 -14"><span class='ocrx_word' id='word_1_210' title='bbox 223 2079 357 2110; x_wconf 82' lang='lat' dir='ltr'><strong>Bellona</strong></span> <span class='ocrx_word' id='word_1_211' title='bbox 368 2081 511 2119; x_wconf 84' lang='lat' dir='ltr'><strong>gaudens</strong></span> <span class='ocrx_word' id='word_1_212' title='bbox 528 2081 736 2124; x_wconf 65' lang='grc' dir='ltr'><strong>(χωρέκαικος)</strong></span> <span class='ocrx_word' id='word_1_213' title='bbox 754 2081 847 2111; x_wconf 87' lang='lat' dir='ltr'><strong>rebus</strong></span> <span class='ocrx_word' id='word_1_214' title='bbox 868 2092 982 2112; x_wconf 87' lang='lat' dir='ltr'><strong>cruen-</strong></span> 
     </span>
     <span class='ocr_line' id='line_1_35' title="bbox 219 2122 983 2165; baseline 0.005 -12"><span class='ocrx_word' id='word_1_215' title='bbox 219 2123 260 2154; x_wconf 81' lang='lat' dir='ltr'><strong>tis</strong></span> <span class='ocrx_word' id='word_1_216' title='bbox 272 2122 379 2153; x_wconf 81' lang='lat' dir='ltr'><strong>furore</strong></span> <span class='ocrx_word' id='word_1_217' title='bbox 393 2122 442 2152; x_wconf 88' lang='lat' dir='ltr'><strong>vel</strong></span> <span class='ocrx_word' id='word_1_218' title='bbox 459 2124 510 2164; x_wconf 88' lang='lat' dir='ltr'><strong>(ut</strong></span> <span class='ocrx_word' id='word_1_219' title='bbox 530 2124 671 2165; x_wconf 83' lang='lat' dir='ltr'><strong>loquitur</strong></span> <span class='ocrx_word' id='word_1_220' title='bbox 693 2124 733 2156; x_wconf 91' lang='lat' dir='ltr'><strong>de</strong></span> <span class='ocrx_word' id='word_1_221' title='bbox 761 2123 896 2157; x_wconf 86' lang='lat' dir='ltr'><strong>Bellona</strong></span> <span class='ocrx_word' id='word_1_222' title='bbox 919 2125 983 2158; x_wconf 87' lang='lat' dir='ltr'><strong>Ju-</strong></span> 
     </span>
     <span class='ocr_line' id='line_1_36' title="bbox 220 2164 780 2209; baseline 0.005 -12"><span class='ocrx_word' id='word_1_223' title='bbox 220 2165 321 2198; x_wconf 84' lang='lat' dir='ltr'><strong>venal.</strong></span> <span class='ocrx_word' id='word_1_224' title='bbox 342 2165 404 2196; x_wconf 92' lang='lat' dir='ltr'><strong>IV.</strong></span> <span class='ocrx_word' id='word_1_225' title='bbox 425 2164 515 2206; x_wconf 92' lang='grc'><strong>123.)</strong></span> <span class='ocrx_word' id='word_1_226' title='bbox 532 2177 624 2199; x_wconf 75' lang='lat' dir='ltr'><strong>oestso</strong></span> <span class='ocrx_word' id='word_1_227' title='bbox 637 2167 780 2209; x_wconf 81' lang='lat' dir='ltr'><strong>percutit·</strong></span> 
     </span>
    </p>

    <p class='ocr_par' dir='ltr' id='par_1_19' title="bbox 221 2207 985 2329">
     <span class='ocr_line' id='line_1_37' title="bbox 263 2207 983 2252; baseline 0.007 -13"><span class='ocrx_word' id='word_1_228' title='bbox 263 2220 293 2240; x_wconf 87' lang='lat' dir='ltr'><strong>v.</strong></span> <span class='ocrx_word' id='word_1_229' title='bbox 318 2207 393 2239; x_wconf 88' lang='grc'><strong>222.</strong></span> <span class='ocrx_word' id='word_1_230' title='bbox 429 2211 474 2241; x_wconf 84' lang='grc' dir='ltr'><strong>Ει</strong></span> <span class='ocrx_word' id='word_1_231' title='bbox 497 2211 617 2251; x_wconf 80' lang='lat' dir='ltr'><strong>furios.</strong></span> <span class='ocrx_word' id='word_1_232' title='bbox 631 2229 675 2237; x_wconf 93' lang='lat'><strong>—-—</strong></span> <span class='ocrx_word' id='word_1_233' title='bbox 687 2213 731 2244; x_wconf 77' lang='lat' dir='ltr'><strong>Et</strong></span> <span class='ocrx_word' id='word_1_234' title='bbox 761 2222 838 2252; x_wconf 82' lang='lat' dir='ltr'><strong>pro:</strong></span> <span class='ocrx_word' id='word_1_235' title='bbox 878 2211 983 2250; x_wconf 84' lang='lat' dir='ltr'><strong>etiam,</strong></span> 
     </span>
     <span class='ocr_line' id='line_1_38' title="bbox 221 2253 985 2296; baseline 0.003 -11"><span class='ocrx_word' id='word_1_236' title='bbox 221 2253 309 2285; x_wconf 84' lang='lat' dir='ltr'><strong>adeo.</strong></span> <span class='ocrx_word' id='word_1_237' title='bbox 388 2253 500 2291; x_wconf 69' lang='lat' dir='ltr'><strong>Vitrea,</strong></span> <span class='ocrx_word' id='word_1_238' title='bbox 530 2254 712 2294; x_wconf 86' lang='lat' dir='ltr'><strong>splendida;</strong></span> <span class='ocrx_word' id='word_1_239' title='bbox 735 2255 797 2287; x_wconf 85' lang='lat' dir='ltr'><strong>vid.</strong></span> <span class='ocrx_word' id='word_1_240' title='bbox 829 2266 924 2296; x_wconf 86' lang='lat' dir='ltr'><strong>supra</strong></span> <span class='ocrx_word' id='word_1_241' title='bbox 943 2255 985 2287; x_wconf 92' lang='lat' dir='ltr'><strong>ad</strong></span> 
     </span>
     <span class='ocr_line' id='line_1_39' title="bbox 225 2294 482 2329; baseline -0.012 0"><span class='ocrx_word' id='word_1_242' title='bbox 225 2297 288 2329; x_wconf 82' lang='lat' dir='ltr'><strong>Od.</strong></span> <span class='ocrx_word' id='word_1_243' title='bbox 308 2295 337 2327; x_wconf 90' lang='lat'><strong>1.</strong></span> <span class='ocrx_word' id='word_1_244' title='bbox 359 2294 408 2328; x_wconf 80' lang='lat'><strong>17.</strong></span> <span class='ocrx_word' id='word_1_245' title='bbox 428 2295 482 2327; x_wconf 87' lang='grc'><strong>20.</strong></span> 
     </span>
    </p>

    <p class='ocr_par' dir='ltr' id='par_1_20' title="bbox 266 2339 983 2379">
     <span class='ocr_line' id='line_1_40' title="bbox 266 2339 983 2379; baseline 0.004 -8"><span class='ocrx_word' id='word_1_246' title='bbox 266 2351 295 2371; x_wconf 88' lang='lat' dir='ltr'><strong>v.</strong></span> <span class='ocrx_word' id='word_1_247' title='bbox 320 2339 396 2371; x_wconf 91' lang='grc'><strong>223.</strong></span> <span class='ocrx_word' id='word_1_248' title='bbox 421 2342 651 2379; x_wconf 75' lang='lat' dir='ltr'><strong>circumtonuit,</strong></span> <span class='ocrx_word' id='word_1_249' title='bbox 680 2342 907 2374; x_wconf 78' lang='lat' dir='ltr'><strong>circummnare</strong></span> <span class='ocrx_word' id='word_1_250' title='bbox 934 2353 983 2374; x_wconf 86' lang='lat' dir='ltr'><strong>so-</strong></span> 
     </span>
    </p>

    <p class='ocr_par' dir='ltr' id='par_1_21' title="bbox 221 2383 988 2677">
     <span class='ocr_line' id='line_1_41' title="bbox 223 2383 956 2426; baseline 0.003 -10"><span class='ocrx_word' id='word_1_251' title='bbox 223 2383 287 2423; x_wconf 84' lang='lat' dir='ltr'><strong>let;</strong></span> <span class='ocrx_word' id='word_1_252' title='bbox 375 2386 520 2421; x_wconf 78' lang='lat' dir='ltr'><strong>cruentis.</strong></span> <span class='ocrx_word' id='word_1_253' title='bbox 536 2395 577 2415; x_wconf 87' lang='lat' dir='ltr'><strong>sc.</strong></span> <span class='ocrx_word' id='word_1_254' title='bbox 592 2387 684 2417; x_wconf 82' lang='lat' dir='ltr'><strong>rebus</strong></span> <span class='ocrx_word' id='word_1_255' title='bbox 698 2386 747 2417; x_wconf 88' lang='lat' dir='ltr'><strong>vel</strong></span> <span class='ocrx_word' id='word_1_256' title='bbox 761 2385 956 2426; x_wconf 80' lang='lat' dir='ltr'><strong>spectaculis.</strong></span> 
     </span>
     <span class='ocr_line' id='line_1_42' title="bbox 233 2424 985 2470; baseline 0.003 -12"><span class='ocrx_word' id='word_1_257' title='bbox 233 2424 235 2430; x_wconf 49' lang='lat'>‘</span> <span class='ocrx_word' id='word_1_258' title='bbox 266 2438 296 2459; x_wconf 82' lang='lat' dir='ltr'><strong>v.</strong></span> <span class='ocrx_word' id='word_1_259' title='bbox 321 2426 396 2458; x_wconf 69' lang='lat'><strong>224.</strong></span> <span class='ocrx_word' id='word_1_260' title='bbox 417 2429 518 2460; x_wconf 82' lang='lat' dir='ltr'><strong>Nunc</strong></span> <span class='ocrx_word' id='word_1_261' title='bbox 546 2440 612 2468; x_wconf 88' lang='lat' dir='ltr'><strong>age,</strong></span> <span class='ocrx_word' id='word_1_262' title='bbox 633 2428 701 2470; x_wconf 85' lang='lat' dir='ltr'><strong>jam</strong></span> <span class='ocrx_word' id='word_1_263' title='bbox 727 2431 903 2468; x_wconf 76' lang='lat' dir='ltr'><strong>Stertinius,</strong></span> <span class='ocrx_word' id='word_1_264' title='bbox 929 2440 985 2461; x_wconf 88' lang='lat' dir='ltr'><strong>ne-</strong></span> 
     </span>
     <span class='ocr_line' id='line_1_43' title="bbox 225 2470 983 2513; baseline 0.003 -11"><span class='ocrx_word' id='word_1_265' title='bbox 225 2478 312 2512; x_wconf 64' lang='lat' dir='ltr'><strong>potes</strong></span> <span class='ocrx_word' id='word_1_266' title='bbox 326 2478 359 2503; x_wconf 85' lang='lat' dir='ltr'><strong>et</strong></span> <span class='ocrx_word' id='word_1_267' title='bbox 372 2470 520 2513; x_wconf 81' lang='lat' dir='ltr'><strong>prodigos</strong></span> <span class='ocrx_word' id='word_1_268' title='bbox 532 2482 657 2513; x_wconf 90' lang='lat' dir='ltr'><strong>quoque</strong></span> <span class='ocrx_word' id='word_1_269' title='bbox 671 2473 808 2504; x_wconf 78' lang='lat' dir='ltr'><strong>insanire</strong></span> <span class='ocrx_word' id='word_1_270' title='bbox 821 2472 983 2511; x_wconf 76' lang='lat' dir='ltr'><strong>docturus,</strong></span> 
     </span>
     <span class='ocr_line' id='line_1_44' title="bbox 225 2514 982 2557; baseline 0.004 -12"><span class='ocrx_word' id='word_1_271' title='bbox 225 2514 358 2546; x_wconf 84' lang='lat' dir='ltr'><strong>reditad</strong></span> <span class='ocrx_word' id='word_1_272' title='bbox 375 2514 622 2553; x_wconf 78' lang='lat' dir='ltr'><strong>Nomentanum,</strong></span> <span class='ocrx_word' id='word_1_273' title='bbox 647 2526 743 2556; x_wconf 85' lang='lat' dir='ltr'><strong>quem</strong></span> <span class='ocrx_word' id='word_1_274' title='bbox 762 2516 830 2557; x_wconf 83' lang='lat' dir='ltr'><strong>jam</strong></span> <span class='ocrx_word' id='word_1_275' title='bbox 853 2526 882 2546; x_wconf 87' lang='lat' dir='ltr'><strong>v.</strong></span> <span class='ocrx_word' id='word_1_276' title='bbox 911 2515 982 2548; x_wconf 81' lang='lat'><strong>175.</strong></span> 
     </span>
     <span class='ocr_line' id='line_1_45' title="bbox 225 2558 988 2599; baseline 0.003 -10"><span class='ocrx_word' id='word_1_277' title='bbox 225 2558 383 2599; x_wconf 80' lang='lat' dir='ltr'><strong>produxit.</strong></span> <span class='ocrx_word' id='word_1_278' title='bbox 450 2559 573 2599; x_wconf 69' lang='lat' dir='ltr'><strong>Art-ipe,</strong></span> <span class='ocrx_word' id='word_1_279' title='bbox 588 2558 629 2590; x_wconf 83' lang='lat' dir='ltr'><strong>ad</strong></span> <span class='ocrx_word' id='word_1_280' title='bbox 651 2560 836 2590; x_wconf 81' lang='lat' dir='ltr'><strong>sententiam</strong></span> <span class='ocrx_word' id='word_1_281' title='bbox 856 2570 876 2590; x_wconf 86' lang='lat' dir='ltr'><strong>a</strong></span> <span class='ocrx_word' id='word_1_282' title='bbox 897 2561 988 2591; x_wconf 88' lang='lat' dir='ltr'><strong>nobis</strong></span> 
     </span>
     <span class='ocr_line' id='line_1_46' title="bbox 221 2599 986 2644; baseline 0.001 -11"><span class='ocrx_word' id='word_1_283' title='bbox 221 2601 382 2644; x_wconf 86' lang='lat' dir='ltr'><strong>judicibus</strong></span> <span class='ocrx_word' id='word_1_284' title='bbox 405 2599 593 2633; x_wconf 79' lang='lat' dir='ltr'><strong>audiendam</strong></span> <span class='ocrx_word' id='word_1_285' title='bbox 620 2609 771 2643; x_wconf 80' lang='lat' dir='ltr'><strong>tanquam</strong></span> <span class='ocrx_word' id='word_1_286' title='bbox 796 2603 986 2642; x_wconf 81' lang='lat' dir='ltr'><strong>prehensum</strong></span> 
     </span>
     <span class='ocr_line' id='line_1_47' title="bbox 226 2644 860 2677; baseline 0.002 -1"><span class='ocrx_word' id='word_1_287' title='bbox 226 2656 317 2677; x_wconf 86' lang='lat' dir='ltr'><strong>reum</strong></span> <span class='ocrx_word' id='word_1_288' title='bbox 332 2645 438 2676; x_wconf 84' lang='lat' dir='ltr'><strong>adesse</strong></span> <span class='ocrx_word' id='word_1_289' title='bbox 453 2645 532 2676; x_wconf 72' lang='lat' dir='ltr'><strong>&#39;ube-</strong></span> <span class='ocrx_word' id='word_1_290' title='bbox 551 2645 590 2676; x_wconf 85' lang='lat' dir='ltr'><strong>cf.</strong></span> <span class='ocrx_word' id='word_1_291' title='bbox 605 2645 668 2677; x_wconf 80' lang='lat' dir='ltr'><strong>Sat.</strong></span> <span class='ocrx_word' id='word_1_292' title='bbox 688 2645 739 2677; x_wconf 94' lang='grc' dir='ltr'><strong>ΙΙ.</strong></span> <span class='ocrx_word' id='word_1_293' title='bbox 758 2644 786 2676; x_wconf 93' lang='lat' dir='ltr'><strong>l.</strong></span> <span class='ocrx_word' id='word_1_294' title='bbox 805 2645 860 2677; x_wconf 90' lang='grc'><strong>69.</strong></span> 
     </span>
    </p>

    <p class='ocr_par' dir='ltr' id='par_1_22' title="bbox 228 2688 986 2818">
     <span class='ocr_line' id='line_1_48' title="bbox 270 2688 986 2730; baseline 0.001 -11"><span class='ocrx_word' id='word_1_295' title='bbox 270 2699 300 2720; x_wconf 89' lang='lat' dir='ltr'><strong>v.</strong></span> <span class='ocrx_word' id='word_1_296' title='bbox 323 2688 399 2720; x_wconf 84' lang='grc'><strong>225.</strong></span> <span class='ocrx_word' id='word_1_297' title='bbox 455 2695 547 2726; x_wconf 78' lang='lat' dir='ltr'><strong>meet,</strong></span> <span class='ocrx_word' id='word_1_298' title='bbox 561 2689 693 2725; x_wconf 85' lang='lat' dir='ltr'><strong>evincet,</strong></span> <span class='ocrx_word' id='word_1_299' title='bbox 707 2689 901 2730; x_wconf 82' lang='lat' dir='ltr'><strong>argumentis</strong></span> <span class='ocrx_word' id='word_1_300' title='bbox 914 2699 986 2729; x_wconf 90' lang='lat' dir='ltr'><strong>pro-</strong></span> 
     </span>
     <span class='ocr_line' id='line_1_49' title="bbox 228 2730 986 2772; baseline 0.003 -9"><span class='ocrx_word' id='word_1_301' title='bbox 228 2732 322 2764; x_wconf 84' lang='lat' dir='ltr'><strong>babit.</strong></span> <span class='ocrx_word' id='word_1_302' title='bbox 351 2733 417 2764; x_wconf 85' lang='lat' dir='ltr'><strong>Cic.</strong></span> <span class='ocrx_word' id='word_1_303' title='bbox 435 2741 492 2772; x_wconf 82' lang='lat' dir='ltr'><strong>pro</strong></span> <span class='ocrx_word' id='word_1_304' title='bbox 507 2731 631 2764; x_wconf 79' lang='lat' dir='ltr'><strong>Cluent-</strong></span> <span class='ocrx_word' id='word_1_305' title='bbox 653 2730 706 2763; x_wconf 73' lang='lat'><strong>44.</strong></span> <span class='ocrx_word' id='word_1_306' title='bbox 762 2734 864 2770; x_wconf 83' lang='lat' dir='ltr'><strong>Vince,</strong></span> <span class='ocrx_word' id='word_1_307' title='bbox 882 2734 986 2765; x_wconf 80' lang='lat' dir='ltr'><strong>virum</strong></span> 
     </span>
     <span class='ocr_line' id='line_1_50' title="bbox 228 2776 681 2818; baseline -0.002 -11"><span class='ocrx_word' id='word_1_308' title='bbox 228 2778 452 2818; x_wconf 68' lang='lat' dir='ltr'><strong>bonumfuixse</strong></span> <span class='ocrx_word' id='word_1_309' title='bbox 469 2776 681 2817; x_wconf 79' lang='lat' dir='ltr'><strong>Oppianicum.</strong></span> 
     </span>
    </p>

    <p class='ocr_par' dir='ltr' id='par_1_23' title="bbox 230 2819 989 2988">
     <span class='ocr_line' id='line_1_51' title="bbox 240 2819 984 2860; baseline -0.003 -9"><span class='ocrx_word' id='word_1_310' title='bbox 240 2820 243 2822; x_wconf 69' lang='grc'><strong>’</strong></span> <span class='ocrx_word' id='word_1_311' title='bbox 273 2831 301 2852; x_wconf 88' lang='lat' dir='ltr'><strong>v.</strong></span> <span class='ocrx_word' id='word_1_312' title='bbox 337 2819 412 2851; x_wconf 87' lang='grc'><strong>228.</strong></span> <span class='ocrx_word' id='word_1_313' title='bbox 446 2820 542 2852; x_wconf 71' lang='lat' dir='ltr'><strong>Tusci</strong></span> <span class='ocrx_word' id='word_1_314' title='bbox 568 2819 659 2851; x_wconf 78' lang='lat' dir='ltr'><strong>turba</strong></span> <span class='ocrx_word' id='word_1_315' title='bbox 687 2820 761 2860; x_wconf 82' lang='lat' dir='ltr'><strong>imp.</strong></span> <span class='ocrx_word' id='word_1_316' title='bbox 793 2820 850 2850; x_wconf 83' lang='lat' dir='ltr'><strong>vic.</strong></span> <span class='ocrx_word' id='word_1_317' title='bbox 886 2821 984 2851; x_wconf 74' lang='lat' dir='ltr'><strong>Schol.</strong></span> 
     </span>
     <span class='ocr_line' id='line_1_52' title="bbox 233 2863 989 2905; baseline -0.001 -10"><span class='ocrx_word' id='word_1_318' title='bbox 233 2868 327 2905; x_wconf 86' lang='lat' dir='ltr'><strong>Cruq.</strong></span> <span class='ocrx_word' id='word_1_319' title='bbox 370 2865 465 2897; x_wconf 76' lang='lat' dir='ltr'><strong>Tusci</strong></span> <span class='ocrx_word' id='word_1_320' title='bbox 490 2864 656 2905; x_wconf 65' lang='lat' dir='ltr'><strong>aliquando</strong></span> <span class='ocrx_word' id='word_1_321' title='bbox 680 2864 719 2893; x_wconf 87' lang='lat' dir='ltr'><strong>ab</strong></span> <span class='ocrx_word' id='word_1_322' title='bbox 745 2863 885 2894; x_wconf 81' lang='lat' dir='ltr'><strong>Aricinis</strong></span> <span class='ocrx_word' id='word_1_323' title='bbox 903 2865 989 2903; x_wconf 81' lang='lat' dir='ltr'><strong>pulsi</strong></span> 
     </span>
     <span class='ocr_line' id='line_1_53' title="bbox 230 2907 988 2943; baseline -0.001 -5"><span class='ocrx_word' id='word_1_324' title='bbox 230 2909 384 2940; x_wconf 78' lang='lat' dir='ltr'><strong>contulere</strong></span> <span class='ocrx_word' id='word_1_325' title='bbox 398 2919 429 2939; x_wconf 80' lang='lat' dir='ltr'><strong>se</strong></span> <span class='ocrx_word' id='word_1_326' title='bbox 446 2909 581 2939; x_wconf 81' lang='lat' dir='ltr'><strong>Romam</strong></span> <span class='ocrx_word' id='word_1_327' title='bbox 594 2912 623 2938; x_wconf 75' lang='lat' dir='ltr'><strong>et</strong></span> <span class='ocrx_word' id='word_1_328' title='bbox 631 2907 734 2939; x_wconf 81' lang='lat' dir='ltr'><strong>vicum</strong></span> <span class='ocrx_word' id='word_1_329' title='bbox 744 2923 788 2931; x_wconf 90' lang='lat'>—</span> <span class='ocrx_word' id='word_1_330' title='bbox 797 2907 988 2943; x_wconf 77' lang='lat' dir='ltr'><strong>insederunt,</strong></span> 
     </span>
     <span class='ocr_line' id='line_1_54' title="bbox 232 2949 982 2988; baseline -0.003 -6"><span class='ocrx_word' id='word_1_331' title='bbox 232 2953 284 2983; x_wconf 85' lang='lat' dir='ltr'><strong>cui</strong></span> <span class='ocrx_word' id='word_1_332' title='bbox 308 2963 420 2984; x_wconf 80' lang='lat' dir='ltr'><strong>nomen</strong></span> <span class='ocrx_word' id='word_1_333' title='bbox 444 2962 539 2984; x_wconf 77' lang='lat' dir='ltr'><strong>suum</strong></span> <span class='ocrx_word' id='word_1_334' title='bbox 567 2951 741 2988; x_wconf 72' lang='lat' dir='ltr'><strong>dederunt5</strong></span> <span class='ocrx_word' id='word_1_335' title='bbox 766 2949 804 2981; x_wconf 82' lang='lat' dir='ltr'><strong>cf.</strong></span> <span class='ocrx_word' id='word_1_336' title='bbox 835 2949 906 2982; x_wconf 88' lang='lat' dir='ltr'><strong>Liv.</strong></span> <span class='ocrx_word' id='word_1_337' title='bbox 934 2949 982 2981; x_wconf 91' lang='lat'><strong>11.</strong></span> 
     </span>
    </p>
   </div>
   <div class='ocr_carea' id='block_1_6' title="bbox 1015 1425 1780 1688">
    <p class='ocr_par' dir='ltr' id='par_1_24' title="bbox 1015 1425 1780 1688">
     <span class='ocr_line' id='line_1_55' title="bbox 1019 1425 1773 1469; baseline 0.003 -12"><span class='ocrx_word' id='word_1_338' title='bbox 1019 1425 1069 1457; x_wconf 69' lang='lat'><strong>14.</strong></span> <span class='ocrx_word' id='word_1_339' title='bbox 1087 1437 1113 1458; x_wconf 82' lang='lat' dir='ltr'><strong>s.</strong></span> <span class='ocrx_word' id='word_1_340' title='bbox 1130 1426 1186 1457; x_wconf 84' lang='lat' dir='ltr'><strong>fin.</strong></span> <span class='ocrx_word' id='word_1_341' title='bbox 1261 1429 1366 1469; x_wconf 77' lang='lat' dir='ltr'><strong>Impia</strong></span> <span class='ocrx_word' id='word_1_342' title='bbox 1379 1429 1485 1466; x_wconf 70' lang='lat' dir='ltr'><strong>turba,</strong></span> <span class='ocrx_word' id='word_1_343' title='bbox 1509 1427 1616 1460; x_wconf 75' lang='lat' dir='ltr'><strong>Plaut-</strong></span> <span class='ocrx_word' id='word_1_344' title='bbox 1644 1427 1773 1461; x_wconf 78' lang='lat' dir='ltr'><strong>eurcul.</strong></span> 
     </span>
     <span class='ocr_line' id='line_1_56' title="bbox 1017 1468 1776 1509; baseline 0.003 -8"><span class='ocrx_word' id='word_1_345' title='bbox 1017 1470 1080 1501; x_wconf 92' lang='lat' dir='ltr'><strong>IV.</strong></span> <span class='ocrx_word' id='word_1_346' title='bbox 1101 1469 1131 1501; x_wconf 94' lang='grc'><strong>1.</strong></span> <span class='ocrx_word' id='word_1_347' title='bbox 1149 1468 1201 1501; x_wconf 85' lang='grc'><strong>21.</strong></span> <span class='ocrx_word' id='word_1_348' title='bbox 1248 1473 1293 1503; x_wconf 87' lang='lat' dir='ltr'><strong>In</strong></span> <span class='ocrx_word' id='word_1_349' title='bbox 1313 1473 1416 1503; x_wconf 79' lang='lat' dir='ltr'><strong>Tusco</strong></span> <span class='ocrx_word' id='word_1_350' title='bbox 1440 1473 1506 1504; x_wconf 84' lang='lat' dir='ltr'><strong>vico</strong></span> <span class='ocrx_word' id='word_1_351' title='bbox 1530 1477 1605 1503; x_wconf 71' lang='lat' dir='ltr'><strong>sunt</strong></span> <span class='ocrx_word' id='word_1_352' title='bbox 1628 1473 1776 1509; x_wconf 72' lang='lat' dir='ltr'><strong>homines,</strong></span> 
     </span>
     <span class='ocr_line' id='line_1_57' title="bbox 1015 1515 1778 1555; baseline 0 -10"><span class='ocrx_word' id='word_1_353' title='bbox 1015 1515 1070 1554; x_wconf 85' lang='lat' dir='ltr'><strong>qui</strong></span> <span class='ocrx_word' id='word_1_354' title='bbox 1083 1515 1140 1555; x_wconf 82' lang='lat' dir='ltr'><strong>ipsi</strong></span> <span class='ocrx_word' id='word_1_355' title='bbox 1153 1525 1217 1545; x_wconf 80' lang='lat' dir='ltr'><strong>sese</strong></span> <span class='ocrx_word' id='word_1_356' title='bbox 1230 1517 1400 1552; x_wconf 73' lang='lat' dir='ltr'><strong>venditant,</strong></span> <span class='ocrx_word' id='word_1_357' title='bbox 1421 1515 1454 1546; x_wconf 92' lang='lat' dir='ltr'><strong>h.</strong></span> <span class='ocrx_word' id='word_1_358' title='bbox 1478 1526 1506 1546; x_wconf 85' lang='lat' dir='ltr'><strong>e.</strong></span> <span class='ocrx_word' id='word_1_359' title='bbox 1530 1520 1685 1555; x_wconf 65' lang='lat' dir='ltr'><strong>quaentum</strong></span> <span class='ocrx_word' id='word_1_360' title='bbox 1709 1525 1778 1546; x_wconf 87' lang='lat' dir='ltr'><strong>cor-</strong></span> 
     </span>
     <span class='ocr_line' id='line_1_58' title="bbox 1017 1557 1778 1597; baseline 0.001 -10"><span class='ocrx_word' id='word_1_361' title='bbox 1017 1567 1093 1597; x_wconf 86' lang='lat' dir='ltr'><strong>pore</strong></span> <span class='ocrx_word' id='word_1_362' title='bbox 1120 1557 1250 1589; x_wconf 79' lang='lat' dir='ltr'><strong>faciunt.</strong></span> <span class='ocrx_word' id='word_1_363' title='bbox 1341 1560 1474 1596; x_wconf 79' lang='lat' dir='ltr'><strong>Fartoe,</strong></span> <span class='ocrx_word' id='word_1_364' title='bbox 1497 1558 1548 1589; x_wconf 85' lang='lat' dir='ltr'><strong>vel</strong></span> <span class='ocrx_word' id='word_1_365' title='bbox 1575 1557 1778 1589; x_wconf 86' lang='lat' dir='ltr'><strong>farciminum</strong></span> 
     </span>
     <span class='ocr_line' id='line_1_59' title="bbox 1017 1600 1780 1643; baseline 0.003 -13"><span class='ocrx_word' id='word_1_366' title='bbox 1017 1600 1176 1631; x_wconf 81' lang='lat' dir='ltr'><strong>confector</strong></span> <span class='ocrx_word' id='word_1_367' title='bbox 1205 1602 1297 1643; x_wconf 74' lang='lat' dir='ltr'><strong>(nosz</strong></span> <span class='ocrx_word' id='word_1_368' title='bbox 1329 1600 1576 1642; x_wconf 72' lang='lat' dir='ltr'><strong>wurstmaclzer),</strong></span> <span class='ocrx_word' id='word_1_369' title='bbox 1601 1601 1652 1632; x_wconf 83' lang='lat' dir='ltr'><strong>vel</strong></span> <span class='ocrx_word' id='word_1_370' title='bbox 1673 1602 1780 1632; x_wconf 81' lang='lat' dir='ltr'><strong>avium</strong></span> 
     </span>
     <span class='ocr_line' id='line_1_60' title="bbox 1018 1643 1779 1688; baseline 0.005 -14"><span class='ocrx_word' id='word_1_371' title='bbox 1018 1643 1263 1686; x_wconf 81' lang='lat' dir='ltr'><strong>saginandarum</strong></span> <span class='ocrx_word' id='word_1_372' title='bbox 1291 1653 1416 1676; x_wconf 73' lang='lat' dir='ltr'><strong>curator</strong></span> <span class='ocrx_word' id='word_1_373' title='bbox 1444 1647 1536 1688; x_wconf 69' lang='lat' dir='ltr'><strong>(nost</strong></span> <span class='ocrx_word' id='word_1_374' title='bbox 1561 1647 1779 1687; x_wconf 59' lang='lat' dir='ltr'><strong>hiuma—stop-</strong></span> 
     </span>
    </p>
   </div>
   <div class='ocr_carea' id='block_1_7' title="bbox 1006 1689 1076 1730">
    <p class='ocr_par' dir='ltr' id='par_1_25' title="bbox 1006 1689 1076 1730">
     <span class='ocr_line' id='line_1_61' title="bbox 1006 1689 1076 1730; baseline 0 -11"><span class='ocrx_word' id='word_1_375' title='bbox 1006 1689 1076 1730; x_wconf 74' lang='lat' dir='ltr'><strong>ser.</strong></span> 
     </span>
    </p>
   </div>
   <div class='ocr_carea' id='block_1_8' title="bbox 1018 1730 1788 2991">
    <p class='ocr_par' dir='ltr' id='par_1_26' title="bbox 1018 1730 1784 1992">
     <span class='ocr_line' id='line_1_62' title="bbox 1062 1730 1782 1775; baseline 0.001 -12"><span class='ocrx_word' id='word_1_376' title='bbox 1062 1741 1090 1763; x_wconf 78' lang='lat' dir='ltr'><strong>v,</strong></span> <span class='ocrx_word' id='word_1_377' title='bbox 1111 1730 1186 1762; x_wconf 87' lang='grc'><strong>229.</strong></span> <span class='ocrx_word' id='word_1_378' title='bbox 1213 1733 1295 1763; x_wconf 80' lang='lat' dir='ltr'><strong>Cum</strong></span> <span class='ocrx_word' id='word_1_379' title='bbox 1316 1732 1448 1769; x_wconf 79' lang='lat' dir='ltr'><strong>Velabro,</strong></span> <span class='ocrx_word' id='word_1_380' title='bbox 1463 1741 1538 1763; x_wconf 88' lang='lat' dir='ltr'><strong>cum</strong></span> <span class='ocrx_word' id='word_1_381' title='bbox 1551 1732 1708 1770; x_wconf 76' lang='lat' dir='ltr'><strong>omnibus,</strong></span> <span class='ocrx_word' id='word_1_382' title='bbox 1725 1733 1782 1775; x_wconf 85' lang='lat' dir='ltr'><strong>qui</strong></span> 
     </span>
     <span class='ocr_line' id='line_1_63' title="bbox 1018 1774 1780 1818; baseline 0.004 -13"><span class='ocrx_word' id='word_1_383' title='bbox 1018 1775 1054 1805; x_wconf 87' lang='lat' dir='ltr'><strong>in</strong></span> <span class='ocrx_word' id='word_1_384' title='bbox 1078 1774 1147 1806; x_wconf 89' lang='lat' dir='ltr'><strong>vico</strong></span> <span class='ocrx_word' id='word_1_385' title='bbox 1169 1774 1307 1806; x_wconf 85' lang='lat' dir='ltr'><strong>Velabro</strong></span> <span class='ocrx_word' id='word_1_386' title='bbox 1330 1775 1402 1818; x_wconf 88' lang='lat' dir='ltr'><strong>(ubi</strong></span> <span class='ocrx_word' id='word_1_387' title='bbox 1424 1775 1502 1806; x_wconf 88' lang='lat' dir='ltr'><strong>olim</strong></span> <span class='ocrx_word' id='word_1_388' title='bbox 1526 1775 1658 1815; x_wconf 75' lang='lat' dir='ltr'><strong>paludes</strong></span> <span class='ocrx_word' id='word_1_389' title='bbox 1681 1783 1780 1813; x_wconf 77' lang='lat' dir='ltr'><strong>erant.</strong></span> 
     </span>
     <span class='ocr_line' id='line_1_64' title="bbox 1019 1818 1783 1859; baseline 0.004 -11"><span class='ocrx_word' id='word_1_390' title='bbox 1019 1828 1075 1858; x_wconf 88' lang='lat' dir='ltr'><strong>per</strong></span> <span class='ocrx_word' id='word_1_391' title='bbox 1095 1828 1173 1859; x_wconf 87' lang='lat' dir='ltr'><strong>quas</strong></span> <span class='ocrx_word' id='word_1_392' title='bbox 1197 1827 1237 1849; x_wconf 84' lang='lat' dir='ltr'><strong>ex</strong></span> <span class='ocrx_word' id='word_1_393' title='bbox 1262 1819 1340 1855; x_wconf 80' lang='lat' dir='ltr'><strong>urbe</strong></span> <span class='ocrx_word' id='word_1_394' title='bbox 1363 1819 1398 1850; x_wconf 87' lang='lat' dir='ltr'><strong>in</strong></span> <span class='ocrx_word' id='word_1_395' title='bbox 1421 1824 1563 1850; x_wconf 74' lang='lat' dir='ltr'><strong>montem</strong></span> <span class='ocrx_word' id='word_1_396' title='bbox 1587 1818 1783 1851; x_wconf 75' lang='lat' dir='ltr'><strong>Aventinum</strong></span> 
     </span>
     <span class='ocr_line' id='line_1_65' title="bbox 1022 1861 1784 1903; baseline 0.005 -12"><span class='ocrx_word' id='word_1_397' title='bbox 1022 1862 1097 1892; x_wconf 73' lang='lat' dir='ltr'><strong>ituri</strong></span> <span class='ocrx_word' id='word_1_398' title='bbox 1112 1861 1256 1893; x_wconf 84' lang='lat' dir='ltr'><strong>navicula</strong></span> <span class='ocrx_word' id='word_1_399' title='bbox 1269 1861 1470 1900; x_wconf 77' lang='lat' dir='ltr'><strong>vehebantur,</strong></span> <span class='ocrx_word' id='word_1_400' title='bbox 1485 1861 1536 1893; x_wconf 88' lang='lat' dir='ltr'><strong>vel</strong></span> <span class='ocrx_word' id='word_1_401' title='bbox 1549 1868 1585 1894; x_wconf 86' lang='lat' dir='ltr'><strong>ut</strong></span> <span class='ocrx_word' id='word_1_402' title='bbox 1601 1861 1784 1903; x_wconf 76' lang='lat' dir='ltr'><strong>Propertius</strong></span> 
     </span>
     <span class='ocr_line' id='line_1_66' title="bbox 1025 1903 1783 1949; baseline 0.004 -13"><span class='ocrx_word' id='word_1_403' title='bbox 1025 1905 1087 1936; x_wconf 84' lang='lat' dir='ltr'><strong>IV.</strong></span> <span class='ocrx_word' id='word_1_404' title='bbox 1106 1904 1136 1935; x_wconf 88' lang='lat'><strong>9.</strong></span> <span class='ocrx_word' id='word_1_405' title='bbox 1150 1903 1181 1936; x_wconf 91' lang='lat'><strong>6.</strong></span> <span class='ocrx_word' id='word_1_406' title='bbox 1199 1904 1239 1936; x_wconf 89' lang='lat' dir='ltr'><strong>de</strong></span> <span class='ocrx_word' id='word_1_407' title='bbox 1255 1905 1393 1937; x_wconf 76' lang='lat' dir='ltr'><strong>Velabro</strong></span> <span class='ocrx_word' id='word_1_408' title='bbox 1406 1904 1546 1948; x_wconf 80' lang='lat' dir='ltr'><strong>loquitur</strong></span> <span class='ocrx_word' id='word_1_409' title='bbox 1565 1906 1783 1949; x_wconf 51' lang='lat' dir='ltr'><strong>velificabam)</strong></span> 
     </span>
     <span class='ocr_line' id='line_1_67' title="bbox 1022 1948 1702 1992; baseline 0.003 -13"><span class='ocrx_word' id='word_1_410' title='bbox 1022 1948 1107 1979; x_wconf 83' lang='lat' dir='ltr'><strong>varia</strong></span> <span class='ocrx_word' id='word_1_411' title='bbox 1120 1959 1262 1992; x_wconf 65' lang='lat' dir='ltr'><strong>escarum</strong></span> <span class='ocrx_word' id='word_1_412' title='bbox 1276 1959 1393 1990; x_wconf 82' lang='lat' dir='ltr'><strong>genera</strong></span> <span class='ocrx_word' id='word_1_413' title='bbox 1405 1948 1526 1980; x_wconf 82' lang='lat' dir='ltr'><strong>venalia</strong></span> <span class='ocrx_word' id='word_1_414' title='bbox 1538 1949 1702 1981; x_wconf 84' lang='lat' dir='ltr'><strong>habebant.</strong></span> 
     </span>
    </p>

    <p class='ocr_par' dir='ltr' id='par_1_27' title="bbox 1023 1991 1787 2469">
     <span class='ocr_line' id='line_1_68' title="bbox 1066 1991 1785 2034; baseline 0.007 -12"><span class='ocrx_word' id='word_1_415' title='bbox 1066 2002 1095 2022; x_wconf 85' lang='lat' dir='ltr'><strong>v.</strong></span> <span class='ocrx_word' id='word_1_416' title='bbox 1124 1991 1199 2023; x_wconf 88' lang='grc'><strong>230.</strong></span> <span class='ocrx_word' id='word_1_417' title='bbox 1225 1994 1307 2028; x_wconf 83' lang='lat' dir='ltr'><strong>Quid</strong></span> <span class='ocrx_word' id='word_1_418' title='bbox 1328 1993 1426 2025; x_wconf 77' lang='lat' dir='ltr'><strong>tum?</strong></span> <span class='ocrx_word' id='word_1_419' title='bbox 1454 1992 1543 2030; x_wconf 82' lang='lat' dir='ltr'><strong>Quid</strong></span> <span class='ocrx_word' id='word_1_420' title='bbox 1570 1999 1642 2024; x_wconf 80' lang='lat' dir='ltr'><strong>tum</strong></span> <span class='ocrx_word' id='word_1_421' title='bbox 1664 1993 1785 2034; x_wconf 73' lang='lat' dir='ltr'><strong>factum</strong></span> 
     </span>
     <span class='ocr_line' id='line_1_69' title="bbox 1023 2035 1787 2078; baseline 0.004 -11"><span class='ocrx_word' id='word_1_422' title='bbox 1023 2036 1094 2067; x_wconf 83' lang='lat' dir='ltr'><strong>est?</strong></span> <span class='ocrx_word' id='word_1_423' title='bbox 1119 2036 1298 2068; x_wconf 78' lang='lat' dir='ltr'><strong>Paruemut</strong></span> <span class='ocrx_word' id='word_1_424' title='bbox 1319 2036 1430 2072; x_wconf 78' lang='lat' dir='ltr'><strong>edicto,</strong></span> <span class='ocrx_word' id='word_1_425' title='bbox 1453 2043 1496 2075; x_wconf 72' lang='lat' dir='ltr'><strong>et,</strong></span> <span class='ocrx_word' id='word_1_426' title='bbox 1518 2035 1605 2078; x_wconf 87' lang='lat' dir='ltr'><strong>quod</strong></span> <span class='ocrx_word' id='word_1_427' title='bbox 1629 2038 1787 2078; x_wconf 64' lang='lat' dir='ltr'><strong>expect-ri</strong></span> 
     </span>
     <span class='ocr_line' id='line_1_70' title="bbox 1024 2078 1786 2123; baseline 0.003 -13"><span class='ocrx_word' id='word_1_428' title='bbox 1024 2086 1155 2119; x_wconf 81' lang='lat' dir='ltr'><strong>poterat,</strong></span> <span class='ocrx_word' id='word_1_429' title='bbox 1179 2081 1295 2111; x_wconf 81' lang='lat' dir='ltr'><strong>Venere</strong></span> <span class='ocrx_word' id='word_1_430' title='bbox 1307 2079 1502 2122; x_wconf 76' lang='lat' dir='ltr'><strong>fiequentes.</strong></span> <span class='ocrx_word' id='word_1_431' title='bbox 1551 2078 1712 2112; x_wconf 83' lang='lat' dir='ltr'><strong>Vividiore</strong></span> <span class='ocrx_word' id='word_1_432' title='bbox 1725 2081 1786 2123; x_wconf 80' lang='lat' dir='ltr'><strong>igi-</strong></span> 
     </span>
     <span class='ocr_line' id='line_1_71' title="bbox 1024 2122 1782 2166; baseline 0.003 -12"><span class='ocrx_word' id='word_1_433' title='bbox 1024 2130 1076 2154; x_wconf 83' lang='lat' dir='ltr'><strong>tur</strong></span> <span class='ocrx_word' id='word_1_434' title='bbox 1105 2123 1246 2154; x_wconf 80' lang='lat' dir='ltr'><strong>oratione</strong></span> <span class='ocrx_word' id='word_1_435' title='bbox 1267 2133 1324 2162; x_wconf 87' lang='lat' dir='ltr'><strong>pro</strong></span> <span class='ocrx_word' id='word_1_436' title='bbox 1351 2123 1494 2166; x_wconf 81' lang='lat' dir='ltr'><strong>vulgari:</strong></span> <span class='ocrx_word' id='word_1_437' title='bbox 1522 2123 1569 2155; x_wconf 81' lang='lat' dir='ltr'><strong>Et</strong></span> <span class='ocrx_word' id='word_1_438' title='bbox 1595 2122 1629 2154; x_wconf 86' lang='lat' dir='ltr'><strong>hi</strong></span> <span class='ocrx_word' id='word_1_439' title='bbox 1656 2123 1782 2166; x_wconf 72' lang='lat' dir='ltr'><strong>quid·-</strong></span> 
     </span>
     <span class='ocr_line' id='line_1_72' title="bbox 1024 2165 1785 2208; baseline -0.001 -11"><span class='ocrx_word' id='word_1_440' title='bbox 1024 2165 1204 2208; x_wconf 74' lang='lat' dir='ltr'><strong>frequentes</strong></span> <span class='ocrx_word' id='word_1_441' title='bbox 1227 2174 1388 2199; x_wconf 84' lang='lat' dir='ltr'><strong>venerunt.</strong></span> <span class='ocrx_word' id='word_1_442' title='bbox 1435 2165 1718 2199; x_wconf 79' lang='lat' dir='ltr'><strong>Commemoranda</strong></span> <span class='ocrx_word' id='word_1_443' title='bbox 1737 2174 1785 2199; x_wconf 81' lang='lat' dir='ltr'><strong>ta.</strong></span> 
     </span>
     <span class='ocr_line' id='line_1_73' title="bbox 1025 2209 1784 2253; baseline 0.003 -13"><span class='ocrx_word' id='word_1_444' title='bbox 1025 2220 1100 2241; x_wconf 86' lang='lat' dir='ltr'><strong>men</strong></span> <span class='ocrx_word' id='word_1_445' title='bbox 1115 2217 1162 2242; x_wconf 81' lang='lat' dir='ltr'><strong>est</strong></span> <span class='ocrx_word' id='word_1_446' title='bbox 1183 2209 1308 2252; x_wconf 87' lang='lat' dir='ltr'><strong>elegans</strong></span> <span class='ocrx_word' id='word_1_447' title='bbox 1323 2210 1425 2249; x_wconf 75' lang='lat' dir='ltr'><strong>lectio,</strong></span> <span class='ocrx_word' id='word_1_448' title='bbox 1448 2220 1544 2253; x_wconf 87' lang='lat' dir='ltr'><strong>quam</strong></span> <span class='ocrx_word' id='word_1_449' title='bbox 1569 2212 1728 2242; x_wconf 73' lang='lat' dir='ltr'><strong>Benaeius</strong></span> <span class='ocrx_word' id='word_1_450' title='bbox 1748 2211 1784 2242; x_wconf 87' lang='lat' dir='ltr'><strong>in</strong></span> 
     </span>
     <span class='ocr_line' id='line_1_74' title="bbox 1026 2252 1783 2296; baseline 0.004 -12"><span class='ocrx_word' id='word_1_451' title='bbox 1026 2260 1148 2285; x_wconf 83' lang='lat' dir='ltr'><strong>textum</strong></span> <span class='ocrx_word' id='word_1_452' title='bbox 1162 2254 1296 2293; x_wconf 81' lang='lat' dir='ltr'><strong>recepit:</strong></span> <span class='ocrx_word' id='word_1_453' title='bbox 1321 2256 1376 2296; x_wconf 80' lang='lat' dir='ltr'><strong>qui</strong></span> <span class='ocrx_word' id='word_1_454' title='bbox 1389 2265 1464 2286; x_wconf 84' lang='lat' dir='ltr'><strong>cum</strong></span> <span class='ocrx_word' id='word_1_455' title='bbox 1476 2264 1584 2286; x_wconf 80' lang='lat' dir='ltr'><strong>venere</strong></span> <span class='ocrx_word' id='word_1_456' title='bbox 1584 2252 1783 2295; x_wconf 70' lang='lat' dir='ltr'><strong>frequentes,</strong></span> 
     </span>
     <span class='ocr_line' id='line_1_75' title="bbox 1034 2295 1785 2341; baseline 0.004 -14"><span class='ocrx_word' id='word_1_457' title='bbox 1034 2299 1128 2329; x_wconf 80' lang='lat' dir='ltr'><strong>Verba</strong></span> <span class='ocrx_word' id='word_1_458' title='bbox 1130 2298 1218 2341; x_wconf 80' lang='lat' dir='ltr'><strong>facit</strong></span> <span class='ocrx_word' id='word_1_459' title='bbox 1232 2298 1310 2329; x_wconf 81' lang='lat' dir='ltr'><strong>leno.</strong></span> <span class='ocrx_word' id='word_1_460' title='bbox 1358 2297 1455 2329; x_wconf 82' lang='lat' dir='ltr'><strong>Hanc</strong></span> <span class='ocrx_word' id='word_1_461' title='bbox 1472 2295 1636 2328; x_wconf 83' lang='lat' dir='ltr'><strong>lectionem</strong></span> <span class='ocrx_word' id='word_1_462' title='bbox 1656 2306 1785 2330; x_wconf 76' lang='lat' dir='ltr'><strong>secutus</strong></span> 
     </span>
     <span class='ocr_line' id='line_1_76' title="bbox 1026 2338 1784 2382; baseline 0.004 -11"><span class='ocrx_word' id='word_1_463' title='bbox 1026 2351 1152 2382; x_wconf 90' lang='lat' dir='ltr'><strong>quoque</strong></span> <span class='ocrx_word' id='word_1_464' title='bbox 1165 2347 1212 2372; x_wconf 82' lang='lat' dir='ltr'><strong>est</strong></span> <span class='ocrx_word' id='word_1_465' title='bbox 1234 2340 1294 2372; x_wconf 89' lang='lat' dir='ltr'><strong>Vir</strong></span> <span class='ocrx_word' id='word_1_466' title='bbox 1321 2338 1532 2372; x_wconf 76' lang='lat' dir='ltr'><strong>Acutissimus</strong></span> <span class='ocrx_word' id='word_1_467' title='bbox 1560 2341 1702 2372; x_wconf 75' lang='lat' dir='ltr'><strong>Vossius:</strong></span> <span class='ocrx_word' id='word_1_468' title='bbox 1727 2343 1784 2374; x_wconf 81' lang='lat' dir='ltr'><strong>Da</strong></span> 
     </span>
     <span class='ocr_line' id='line_1_77' title="bbox 1026 2383 1785 2427; baseline 0.004 -12"><span class='ocrx_word' id='word_1_469' title='bbox 1026 2396 1098 2416; x_wconf 83' lang='lat' dir='ltr'><strong>nun</strong></span> <span class='ocrx_word' id='word_1_470' title='bbox 1112 2386 1156 2416; x_wconf 78' lang='lat' dir='ltr'><strong>sie</strong></span> <span class='ocrx_word' id='word_1_471' title='bbox 1166 2385 1347 2425; x_wconf 79' lang='lat' dir='ltr'><strong>gekommen</strong></span> <span class='ocrx_word' id='word_1_472' title='bbox 1359 2386 1395 2416; x_wconf 80' lang='lat' dir='ltr'><strong>in</strong></span> <span class='ocrx_word' id='word_1_473' title='bbox 1408 2383 1599 2419; x_wconf 65' lang='lat' dir='ltr'><strong>been-scham,</strong></span> <span class='ocrx_word' id='word_1_474' title='bbox 1608 2386 1709 2427; x_wconf 72' lang='lat' dir='ltr'><strong>fr’ilzrt</strong></span> <span class='ocrx_word' id='word_1_475' title='bbox 1730 2388 1785 2417; x_wconf 81' lang='lat' dir='ltr'><strong>der</strong></span> 
     </span>
     <span class='ocr_line' id='line_1_78' title="bbox 1026 2429 1332 2469; baseline 0.003 -11"><span class='ocrx_word' id='word_1_476' title='bbox 1026 2429 1155 2469; x_wconf 78' lang='lat' dir='ltr'><strong>kuppler</strong></span> <span class='ocrx_word' id='word_1_477' title='bbox 1169 2430 1224 2458; x_wconf 83' lang='lat' dir='ltr'><strong>das</strong></span> <span class='ocrx_word' id='word_1_478' title='bbox 1246 2433 1332 2459; x_wconf 80' lang='lat' dir='ltr'><strong>wort-</strong></span> 
     </span>
    </p>

    <p class='ocr_par' dir='ltr' id='par_1_28' title="bbox 1027 2469 1788 2893">
     <span class='ocr_line' id='line_1_79' title="bbox 1069 2469 1784 2508; baseline 0.003 -6"><span class='ocrx_word' id='word_1_479' title='bbox 1069 2481 1099 2502; x_wconf 87' lang='lat' dir='ltr'><strong>v.</strong></span> <span class='ocrx_word' id='word_1_480' title='bbox 1124 2469 1200 2508; x_wconf 81' lang='grc'><strong>231,</strong></span> <span class='ocrx_word' id='word_1_481' title='bbox 1223 2469 1297 2500; x_wconf 89' lang='grc'><strong>232.</strong></span> <span class='ocrx_word' id='word_1_482' title='bbox 1325 2469 1449 2501; x_wconf 86' lang='lat' dir='ltr'><strong>Lenoni</strong></span> <span class='ocrx_word' id='word_1_483' title='bbox 1471 2480 1535 2502; x_wconf 88' lang='lat' dir='ltr'><strong>non</strong></span> <span class='ocrx_word' id='word_1_484' title='bbox 1549 2470 1618 2502; x_wconf 83' lang='lat' dir='ltr'><strong>sine</strong></span> <span class='ocrx_word' id='word_1_485' title='bbox 1631 2482 1724 2503; x_wconf 82' lang='lat' dir='ltr'><strong>causa</strong></span> <span class='ocrx_word' id='word_1_486' title='bbox 1737 2472 1784 2504; x_wconf 83' lang='lat' dir='ltr'><strong>fa·</strong></span> 
     </span>
     <span class='ocr_line' id='line_1_80' title="bbox 1028 2513 1786 2557; baseline 0.003 -12"><span class='ocrx_word' id='word_1_487' title='bbox 1028 2514 1125 2545; x_wconf 81' lang='lat' dir='ltr'><strong>cundi</strong></span> <span class='ocrx_word' id='word_1_488' title='bbox 1139 2513 1278 2551; x_wconf 83' lang='lat' dir='ltr'><strong>oratoris,</strong></span> <span class='ocrx_word' id='word_1_489' title='bbox 1293 2513 1349 2555; x_wconf 89' lang='lat' dir='ltr'><strong>qui</strong></span> <span class='ocrx_word' id='word_1_490' title='bbox 1363 2520 1395 2544; x_wconf 82' lang='lat' dir='ltr'><strong>et</strong></span> <span class='ocrx_word' id='word_1_491' title='bbox 1408 2524 1490 2552; x_wconf 81' lang='lat' dir='ltr'><strong>suas,</strong></span> <span class='ocrx_word' id='word_1_492' title='bbox 1505 2521 1537 2545; x_wconf 86' lang='lat' dir='ltr'><strong>et</strong></span> <span class='ocrx_word' id='word_1_493' title='bbox 1550 2514 1704 2554; x_wconf 90' lang='lat' dir='ltr'><strong>omnium,</strong></span> <span class='ocrx_word' id='word_1_494' title='bbox 1729 2516 1786 2557; x_wconf 85' lang='lat' dir='ltr'><strong>qui</strong></span> 
     </span>
     <span class='ocr_line' id='line_1_81' title="bbox 1027 2555 1785 2597; baseline 0.003 -9"><span class='ocrx_word' id='word_1_495' title='bbox 1027 2557 1165 2595; x_wconf 81' lang='lat' dir='ltr'><strong>aderant,</strong></span> <span class='ocrx_word' id='word_1_496' title='bbox 1182 2567 1298 2588; x_wconf 81' lang='lat' dir='ltr'><strong>merces</strong></span> <span class='ocrx_word' id='word_1_497' title='bbox 1311 2555 1532 2588; x_wconf 75' lang='lat' dir='ltr'><strong>officiosissime</strong></span> <span class='ocrx_word' id='word_1_498' title='bbox 1542 2558 1785 2597; x_wconf 79' lang='lat' dir='ltr'><strong>commendaret,</strong></span> 
     </span>
     <span class='ocr_line' id='line_1_82' title="bbox 1027 2600 1788 2643; baseline 0.007 -12"><span class='ocrx_word' id='word_1_499' title='bbox 1027 2607 1129 2641; x_wconf 61' lang='lat' dir='ltr'><strong>partes</strong></span> <span class='ocrx_word' id='word_1_500' title='bbox 1142 2600 1338 2632; x_wconf 68' lang='lat' dir='ltr'><strong>demandatae</strong></span> <span class='ocrx_word' id='word_1_501' title='bbox 1351 2606 1444 2639; x_wconf 83' lang='lat' dir='ltr'><strong>sunt;</strong></span> <span class='ocrx_word' id='word_1_502' title='bbox 1531 2603 1685 2643; x_wconf 77' lang='lat' dir='ltr'><strong>Quicquid</strong></span> <span class='ocrx_word' id='word_1_503' title='bbox 1709 2605 1788 2636; x_wconf 74' lang='lat' dir='ltr'><strong>mihi</strong></span> 
     </span>
     <span class='ocr_line' id='line_1_83' title="bbox 1027 2643 1787 2686; baseline 0.004 -11"><span class='ocrx_word' id='word_1_504' title='bbox 1027 2650 1099 2675; x_wconf 84' lang='lat' dir='ltr'><strong>cett.</strong></span> <span class='ocrx_word' id='word_1_505' title='bbox 1118 2643 1267 2686; x_wconf 85' lang='lat' dir='ltr'><strong>quicquid</strong></span> <span class='ocrx_word' id='word_1_506' title='bbox 1282 2653 1354 2684; x_wconf 86' lang='lat' dir='ltr'><strong>ego,</strong></span> <span class='ocrx_word' id='word_1_507' title='bbox 1367 2643 1515 2686; x_wconf 85' lang='lat' dir='ltr'><strong>quicquid</strong></span> <span class='ocrx_word' id='word_1_508' title='bbox 1526 2650 1558 2675; x_wconf 86' lang='lat' dir='ltr'><strong>et</strong></span> <span class='ocrx_word' id='word_1_509' title='bbox 1571 2645 1613 2683; x_wconf 76' lang='lat' dir='ltr'><strong>hi,</strong></span> <span class='ocrx_word' id='word_1_510' title='bbox 1630 2656 1708 2686; x_wconf 81' lang='lat' dir='ltr'><strong>quos</strong></span> <span class='ocrx_word' id='word_1_511' title='bbox 1728 2647 1787 2678; x_wconf 76' lang='lat' dir='ltr'><strong>tibi</strong></span> 
     </span>
     <span class='ocr_line' id='line_1_84' title="bbox 1027 2686 1787 2728; baseline 0.007 -11"><span class='ocrx_word' id='word_1_512' title='bbox 1027 2687 1133 2728; x_wconf 70' lang='lat' dir='ltr'><strong>adaese</strong></span> <span class='ocrx_word' id='word_1_513' title='bbox 1147 2687 1241 2725; x_wconf 85' lang='lat' dir='ltr'><strong>vides,</strong></span> <span class='ocrx_word' id='word_1_514' title='bbox 1257 2686 1344 2717; x_wconf 88' lang='lat' dir='ltr'><strong>domi</strong></span> <span class='ocrx_word' id='word_1_515' title='bbox 1358 2687 1467 2718; x_wconf 85' lang='lat' dir='ltr'><strong>venale</strong></span> <span class='ocrx_word' id='word_1_516' title='bbox 1488 2695 1621 2725; x_wconf 82' lang='lat' dir='ltr'><strong>servant,</strong></span> <span class='ocrx_word' id='word_1_517' title='bbox 1644 2690 1678 2720; x_wconf 77' lang='lat' dir='ltr'><strong>id</strong></span> <span class='ocrx_word' id='word_1_518' title='bbox 1698 2693 1787 2722; x_wconf 80' lang='lat' dir='ltr'><strong>crede</strong></span> 
     </span>
     <span class='ocr_line' id='line_1_85' title="bbox 1028 2732 1786 2774; baseline 0.004 -12"><span class='ocrx_word' id='word_1_519' title='bbox 1028 2737 1130 2768; x_wconf 79' lang='lat' dir='ltr'><strong>tuum,</strong></span> <span class='ocrx_word' id='word_1_520' title='bbox 1146 2740 1221 2761; x_wconf 79' lang='lat' dir='ltr'><strong>nos:</strong></span> <span class='ocrx_word' id='word_1_521' title='bbox 1246 2732 1324 2762; x_wconf 74' lang='lat' dir='ltr'><strong>steht</strong></span> <span class='ocrx_word' id='word_1_522' title='bbox 1338 2732 1388 2761; x_wconf 82' lang='lat' dir='ltr'><strong>dir</strong></span> <span class='ocrx_word' id='word_1_523' title='bbox 1399 2742 1483 2772; x_wconf 83' lang='lat' dir='ltr'><strong>ganz</strong></span> <span class='ocrx_word' id='word_1_524' title='bbox 1503 2743 1543 2763; x_wconf 85' lang='lat' dir='ltr'><strong>zu</strong></span> <span class='ocrx_word' id='word_1_525' title='bbox 1565 2733 1670 2774; x_wconf 68' lang='lat' dir='ltr'><strong>bcgfieltl.</strong></span> <span class='ocrx_word' id='word_1_526' title='bbox 1720 2734 1786 2765; x_wconf 77' lang='lat' dir='ltr'><strong>Re..</strong></span> 
     </span>
     <span class='ocr_line' id='line_1_86' title="bbox 1027 2773 1786 2814; baseline 0.005 -10"><span class='ocrx_word' id='word_1_527' title='bbox 1027 2773 1160 2814; x_wconf 82' lang='lat' dir='ltr'><strong>spondet</strong></span> <span class='ocrx_word' id='word_1_528' title='bbox 1182 2773 1410 2811; x_wconf 78' lang='lat' dir='ltr'><strong>Nomentanus,</strong></span> <span class='ocrx_word' id='word_1_529' title='bbox 1432 2774 1570 2814; x_wconf 83' lang='lat' dir='ltr'><strong>primum</strong></span> <span class='ocrx_word' id='word_1_530' title='bbox 1595 2775 1635 2806; x_wconf 85' lang='lat' dir='ltr'><strong>ad</strong></span> <span class='ocrx_word' id='word_1_531' title='bbox 1661 2785 1786 2808; x_wconf 77' lang='lat' dir='ltr'><strong>venam-</strong></span> 
     </span>
     <span class='ocr_line' id='line_1_87' title="bbox 1029 2816 1786 2862; baseline 0.007 -15"><span class='ocrx_word' id='word_1_532' title='bbox 1029 2827 1108 2855; x_wconf 84' lang='lat' dir='ltr'><strong>rem,</strong></span> <span class='ocrx_word' id='word_1_533' title='bbox 1143 2816 1257 2848; x_wconf 87' lang='lat' dir='ltr'><strong>deinde</strong></span> <span class='ocrx_word' id='word_1_534' title='bbox 1291 2817 1333 2848; x_wconf 86' lang='lat' dir='ltr'><strong>ad</strong></span> <span class='ocrx_word' id='word_1_535' title='bbox 1359 2817 1553 2857; x_wconf 81' lang='lat' dir='ltr'><strong>piscatorem,</strong></span> <span class='ocrx_word' id='word_1_536' title='bbox 1582 2818 1718 2862; x_wconf 80' lang='lat' dir='ltr'><strong>denique</strong></span> <span class='ocrx_word' id='word_1_537' title='bbox 1744 2820 1786 2852; x_wconf 86' lang='lat' dir='ltr'><strong>ad</strong></span> 
     </span>
     <span class='ocr_line' id='line_1_88' title="bbox 1030 2861 1367 2893; baseline -0.003 -1"><span class='ocrx_word' id='word_1_538' title='bbox 1030 2861 1177 2893; x_wconf 85' lang='lat' dir='ltr'><strong>lenonem</strong></span> <span class='ocrx_word' id='word_1_539' title='bbox 1192 2870 1367 2891; x_wconf 83' lang='lat' dir='ltr'><strong>conversus.</strong></span> 
     </span>
    </p>

    <p class='ocr_par' dir='ltr' id='par_1_29' title="bbox 1031 2902 1788 2991">
     <span class='ocr_line' id='line_1_89' title="bbox 1073 2902 1788 2942; baseline 0.004 -7"><span class='ocrx_word' id='word_1_540' title='bbox 1073 2915 1101 2935; x_wconf 89' lang='lat' dir='ltr'><strong>v.</strong></span> <span class='ocrx_word' id='word_1_541' title='bbox 1121 2902 1197 2936; x_wconf 67' lang='lat'><strong>234.</strong></span> <span class='ocrx_word' id='word_1_542' title='bbox 1220 2906 1265 2936; x_wconf 83' lang='lat' dir='ltr'><strong>In</strong></span> <span class='ocrx_word' id='word_1_543' title='bbox 1293 2906 1362 2936; x_wconf 78' lang='lat' dir='ltr'><strong>‘nive</strong></span> <span class='ocrx_word' id='word_1_544' title='bbox 1390 2906 1537 2942; x_wconf 77' lang='lat' dir='ltr'><strong>Lucana,</strong></span> <span class='ocrx_word' id='word_1_545' title='bbox 1574 2905 1608 2937; x_wconf 90' lang='lat' dir='ltr'><strong>in</strong></span> <span class='ocrx_word' id='word_1_546' title='bbox 1645 2906 1788 2939; x_wconf 85' lang='lat' dir='ltr'><strong>Lucania</strong></span> 
     </span>
     <span class='ocr_line' id='line_1_90' title="bbox 1031 2947 1787 2991; baseline 0.004 -11"><span class='ocrx_word' id='word_1_547' title='bbox 1031 2948 1114 2980; x_wconf 87' lang='lat' dir='ltr'><strong>enim</strong></span> <span class='ocrx_word' id='word_1_548' title='bbox 1136 2947 1334 2989; x_wconf 79' lang='lat' dir='ltr'><strong>capiebantur</strong></span> <span class='ocrx_word' id='word_1_549' title='bbox 1356 2949 1421 2990; x_wconf 84' lang='lat' dir='ltr'><strong>apri</strong></span> <span class='ocrx_word' id='word_1_550' title='bbox 1446 2951 1691 2991; x_wconf 48' lang='lat' dir='ltr'><strong>praestantiorem</strong></span> <span class='ocrx_word' id='word_1_551' title='bbox 1714 2951 1787 2982; x_wconf 81' lang='lat' dir='ltr'><strong>hinc</strong></span> 
     </span>
    </p>
   </div>
  </div>
 </body>
</html>
