1904 3250
201 210 257 248 38

845 203 1145 246 HORATII

1609 205 1718 252 [Lm.
1743 215 1774 243 1.

263 337 288 374 5
322 333 501 388 Impune
522 340 658 373 tutum
679 345 755 387 per
776 344 921 371 nemus
943 329 1114 370 arbutos

323 406 534 456 Quaerunt
552 405 727 446 latentes
749 412 790 445 et
811 403 967 459 thyma,
990 402 1122 443 deviae

440 475 605 517 Olentis
627 488 781 515 uxores
803 472 941 513 mariti
954 488 963 512 ε

556 547 647 588 Nec
668 545 821 587 virides
842 552 1035 586 metuunt
1055 544 1262 596 colubras,

325 622 416 663 Nec
440 619 658 662 Martiales
679 617 886 659 haeduleae
907 618 1052 673 lupos:

244 696 294 733 10
328 688 704 746 Utcunque‘dulci‚
729 687 934 744 Tyndari,
957 687 1098 729 fistula

442 761 584 803 Valles
605 769 647 803 et
670 760 829 803 Usticae
852 760 1041 802 cubantis

560 831 690 872 Levia
710 828 966 886 personuere
987 845 1111 872 saxa:

211 950 352 981 similiter
385 950 509 980 consilia
538 950 681 980 celeriora
712 948 860 979 dicuntur
888 948 974 989 apud

213 994 283 1025 Liv.
311 992 360 1023 II.
388 991 440 1022 51.
468 993 609 1033 quamvis
632 994 667 1023 in
688 994 869 1032 pffoecipitia,
896 996 974 1024 dum

212 1039 353 1069 celeriora
385 1041 495 1073 essent,
529 1037 635 1076 agebat
672 1037 806 1067 consilia.
892 1039 972 1068 misit

211 1084 244 1112 in
268 1081 394 1118 iambos,
409 1079 576 1110 concitavit
590 1079 630 1110 ad
650 1078 828 1110 scribendos
844 1079 972 1111 iambos.

212 1143 255 1148 —
267 1134 294 1154 v.
314 1122 367 1154 25.
385 1124 511 1155 mitibus
533 1129 654 1154 mutare
669 1125 779 1161 tristia,
795 1133 842 1160 ea,
858 1134 932 1164 quae
945 1130 977 1154 te

212 1167 337 1199 tristitia
365 1173 397 1198 et
424 1165 641 1207 indignatione
663 1166 845 1204 affecerunt,
869 1177 975 1198 remu-

213 1211 315 1242 nerari
341 1211 389 1246 iis,
416 1221 488 1251 quae
516 1209 570 1240 tibi
593 1210 700 1241 suavia
721 1218 815 1251 atque
833 1210 976 1252 jucunda

213 1260 298 1285 sunt.
373 1260 489 1286 recent.
510 1255 628 1294 opprob.
637 1272 679 1278 —
690 1261 852 1285 recantare
867 1266 976 1296 oppro-

213 1300 280 1330 bria
296 1304 343 1329 est
356 1311 362 1328 z
389 1298 555 1337 opprobria
569 1304 701 1335 cantata,
717 1297 806 1338 quasi
822 1307 887 1328 non
901 1309 975 1329 can.

214 1349 288 1380 tata,
310 1352 465 1378 revocare,
482 1340 560 1371 falsa
583 1346 615 1371 et
637 1340 709 1371 ficta
731 1340 831 1372 fuisse
851 1348 976 1373 cantata

214 1385 379 1425 opprobria
400 1384 577 1422 declarare;
603 1384 745 1415 similiter
766 1384 852 1425 apud
878 1385 970 1427 Virg-

217 1429 295 1460 AEn.
315 1428 403 1459 XII.
425 1427 474 1458 ll.
492 1434 658 1459 retractare
679 1430 761 1460 dicta
782 1439 860 1468 pro:
886 1439 974 1460 revo-

215 1482 295 1508 care,
310 1478 478 1503 recantare.
548 1473 694 1503 animum
708 1474 830 1510 reddas,
844 1472 978 1513 pristino

216 1525 322 1547 amore
335 1525 388 1546 me
403 1515 609 1556 amplectaris,
626 1521 657 1546 te
671 1515 750 1546 mihi
765 1516 918 1548 restituas.

418 1602 628 1633 CARMEN
654 1603 776 1634 XVII.

239 1716 242 1722 .
263 1683 484 1731 Tyndaridem,
499 1696 536 1720 ut
549 1689 582 1719 in
598 1689 716 1729 villam,
732 1701 829 1731 quam
843 1691 877 1721 in
895 1690 983 1723 Sabi-

218 1733 268 1764 nis
299 1734 432 1764 habebat
454 1739 555 1773 poeta,
584 1743 690 1764 secum
714 1734 900 1766 rusticatum
929 1745 981 1765 ve-

218 1776 295 1814 niat,
312 1775 511 1813 dulcissimae,
535 1787 598 1817 qua
620 1776 663 1808 ibi
678 1777 743 1808 frui
763 1778 869 1818 possit,
884 1777 983 1809 felici-

218 1820 292 1851 tatis
303 1819 510 1859 descriptione
524 1830 705 1859 permovere
727 1821 842 1852 studet.
892 1823 982 1852 Auc-

218 1871 320 1894 torem
340 1864 437 1904 hujus
460 1863 616 1895 felicitatis
636 1863 780 1904 inprimis
794 1863 978 1896 facit'Fau-

219 1917 310 1937 num.
358 1907 444 1938 Nam
459 1917 532 1938 cum
547 1907 601 1938 ille
615 1907 694 1938 deus
708 1908 855 1950 regionis,
870 1909 903 1939 in
918 1919 981 1950 qua

215 1950 279 1981 'sita
306 1950 368 1981 fuit
399 1950 472 1981 villa
511 1950 699 1989 Horatiana,
730 1952 909 1984 amoenitate
938 1953 982 1983 ita

219 1999 392 2034 caperetur,
422 2000 459 2025 ut
486 1994 594 2025 relicto
622 1995 739 2035 Lycaeo
768 1996 883 2035 saepius
913 2005 983 2028 eam

219 2037 376 2075 inviseret,
395 2044 426 2068 et
441 2038 546 2068 dulcia
560 2039 699 2069 carmina
713 2038 758 2070 ibi
772 2039 878 2070 fistula
892 2049 983 2071 cane-

220 2086 286 2120 ret;
314 2083 394 2123 (quo
415 2081 492 2111 nihil
515 2081 556 2112 ad
577 2082 638 2112 loci
660 2082 875 2114 amoenitatem
898 2093 988 2114 com-

220 2124 433 2156 mendandam
460 2125 537 2166 fingi
564 2136 583 2156 a
608 2131 701 2166 poeta
725 2126 829 2166 potuit
856 2126 986 2167 aptius)

218 2167 352 2209 dignam
376 2178 511 2209 quoque,
535 2179 629 2209 quam
651 2169 805 2211 singulari
825 2170 925 2201 tutela
939 2169 989 2201 fo-

223 2217 319 2249 veret,
338 2212 459 2242 habuit.
509 2212 598 2243 Hinc
616 2213 747 2244 Faunus
763 2213 899 2244 nimium
914 2213 989 2245 solis

219 2261 335 2286 aestum
351 2265 441 2295 aeque
456 2265 491 2285 ac
514 2256 644 2286 nimiam
666 2257 844 2296 pluviarum
865 2257 989 2297 copiam

223 2309 244 2329 a
257 2298 332 2330 villa
350 2298 479 2329 Horatii
502 2305 648 2336 avertere,
672 2301 869 2331 securitatem
884 2300 988 2343 gregi—

222 2343 284 2372 bus
312 2342 468 2382 przestare‚
502 2348 533 2372 et
561 2353 652 2383 agros
681 2344 725 2384 pii
751 2351 852 2384 poetae
880 2345 991 2386 quovis

223 2384 382 2416 felicitatis
410 2395 525 2426 genere
551 2393 688 2417 mactare
713 2387 836 2419 dieitur.
853 2406 897 2413 —
910 2389 991 2420 Pro-

224 2428 322 2460 mittit
346 2428 444 2470 igitur
465 2435 556 2468 poeta
584 2430 767 2469 Tyndaridi‚
791 2432 816 2461 si
839 2432 878 2462 ad
901 2443 935 2463 se
954 2432 989 2462 in

225 2471 333 2504 villam
347 2482 438 2503 suam
454 2472 581 2508 venerit,
597 2474 733 2512 primum
747 2474 901 2510 omnium,
919 2486 990 2517 quae

224 2517 261 2546 in
285 2516 368 2558 agris
389 2516 587 2556 proveniunt,
612 2527 718 2547 rerum
742 2518 987 2558 abundantiam3

221 2559 342 2591 deinde
354 2559 466 2596 otium,
486 2569 554 2601 quo
569 2569 676 2590 vacare
697 2560 740 2590 ibi
763 2562 859 2601 possit
873 2573 990 2594 canen-

227 2603 276 2634 dis
296 2603 498 2640 carminibus,
515 2603 805 2644 jucundissimum;
829 2615 921 2644 porro
941 2606 990 2636 hi-

227 2646 325 2678 larem
355 2646 391 2679 iu
419 2646 496 2678 locis
525 2646 678 2677 umbrosis
706 2648 989 2688 compotationem3

227 2690 366 2732 denique
390 2695 497 2721 tutum
523 2691 564 2721 ab
588 2690 781 2729 importuno,
812 2692 903 2732 cujus
926 2693 992 2723 vim

228 2733 335 2773 puella
348 2734 489 2772 timebat,
501 2739 640 2764 amatore
653 2733 738 2774 Cyro
752 2735 991 2776 perfugium.—

233 2777 384 2808 Ceterum
417 2776 633 2818 Tyndaridem
662 2777 837 2815 honestam,
867 2778 990 2810 doctam

230 2827 262 2848 et
277 2820 479 2860 elegantioris
491 2821 612 2862 ingenii
626 2820 723 2852 fuisse
739 2821 888 2861 puellam,
906 2833 944 2852 ex
961 2834 989 2854 v.

235 2861 273 2892 17
289 2874 371 2904 seqq.
391 2863 499 2905 colligi
513 2870 622 2905 potest.

276 2917 303 2935 v.
327 2906 418 2937 1-4.
454 2910 549 2946 Velox,
571 2907 616 2939 dii
639 2907 723 2938 enim
746 2908 926 2948 capripedes
948 2909 994 2939 in-

233 2948 341 2986 primis
365 2951 528 2983 velocitate
556 2951 680 2990 valent3
768 2963 838 2992 serp.
866 2954 990 2984 Lucret.

232 2998 309 3023 mut.
329 2996 405 3033 Lyc.
422 3005 502 3035 saepe
519 3006 556 3027 ex
576 2996 690 3035 Lycaeo
701 2995 810 3027 transit
825 2996 858 3026 in
876 2996 993 3027 Lucro-

1018 948 1126 991 tilem3
1157 953 1204 978 est
1233 946 1317 977 enim
1350 946 1482 979 Faunus
1512 946 1591 979 deus
1623 948 1631 959 ’
1669 947 1776 985 βάς-ης,

1017 991 1082 1032 qui,
1114 997 1150 1022 ut
1179 990 1314 1022 Ovidius
1343 990 1445 1033 (Fast.
1476 990 1527 1022 11.
1554 988 1629 1022 285.
1679 991 1719 1022 de
1741 1001 1780 1022 eo

1017 1034 1167 1076 loquitur,
1190 1036 1362 1066 discurrere
1379 1037 1497 1075 gaudet
1517 1036 1554 1067 in
1574 1037 1644 1067 altis
1665 1036 1780 1066 monti-

1019 1081 1084 1110 bus.
1127 1080 1329 1116 Lucretilem,
1345 1084 1485 1109 montem
1499 1078 1534 1108 in
1552 1077 1684 1116 Sabinis,
1697 1078 1779 1109 villae

1022 1122 1150 1153 Horatii
1164 1121 1394 1153 imminentem.
1483 1123 1607 1164 Lycaeo,
1624 1127 1731 1153 monte
1745 1121 1781 1152 in

1022 1165 1169 1202 Arcadia,
1199 1164 1323 1204 Fauno,
1347 1171 1381 1196 et
1418 1165 1498 1197 Pani
1532 1175 1642 1205 sacro;
1682 1164 1779 1197 Ovid.

1022 1209 1107 1240 Fast.
1127 1209 1178 1240 ΙΙ.
1200 1207 1274 1240 424«.
1295 1210 1430 1241 Faunus
1453 1211 1486 1241 in
1509 1211 1647 1241 Arcadia
1669 1210 1783 1250 templa

1020 1255 1156 1294 Lycaeus
1179 1255 1275 1284 habet.
1359 1253 1422 1295 def.
1449 1259 1513 1285 (εει.
1541 1253 1782 1295 (ιαμ-ὀψη-

1019 1299 1088 1328 dere
1105 1302 1245 1328 aestatem
1266 1297 1388 1337 capellis
1407 1302 1470 1328 est:
1508 1306 1621 1334 arcere,
1644 1301 1783 1328 avertere

1018 1339 1146 1379 capellis
1167 1345 1315 1376 aestatem,
1339 1339 1503 1379 probibere
1524 1345 1665 1371 aestatem
1685 1349 1705 1370 a
1729 1350 1781 1371 cap

1017 1383 1127 1424 pellis3
1154 1382 1198 1414 sic
1219 1383 1304 1423 apud
1329 1383 1443 1425 virgil.
1470 1382 1584 1425 Eclog.
1615 1382 1701 1414 VII.
1728 1382 1784 1414 47.

1017 1429 1179 1459 solstitium
1195 1428 1302 1467 pecori
1327 1427 1499 1469 dffffldl‘lffl
1531 1426 1674 1458 similiter
1695 1426 1782 1467 apud

1025 1470 1153 1502 Graecos
1182 1472 1286 1513 ἀρκεῖν,
1321 1471 1446 1512 ἀρήγειν,
1470 1473 1627 1509 ἀλαλκεῖν,
1650 1471 1784 1511 &patirum

1019 1516 1156 1555 —plum
1187 1521 1266 1546 vent.
1304 1514 1409 1555 itaque
1437 1513 1512 1545 villa
1542 1512 1680 1552 Horatii,
1709 1524 1783 1546 cum

1025 1567 1128 1600 neque
1149 1563 1239 1594 testu,
1266 1567 1370 1598 neque
1397 1557 1513 1598 pluviis
1533 1557 1696 1598 laboraret,
1718 1563 1783 1589 tam

1024 1600 1204 1633 salubritate
1217 1611 1314 1642 quam
1327 1600 1486 1632 fertilitate
1499 1601 1606 1642 gavisa
1617 1607 1674 1632 est.

1069 1655 1097 1675 v.
1115 1643 1233 1675 5-12.
1253 1646 1398 1686 Impune,
1415 1644 1482 1675 sine
1503 1644 1571 1676 ullo
1591 1644 1723 1685 periculi
1743 1643 1784 1675 ti-

1028 1698 1127 1725 more,
1144 1697 1271 1719 securae.
1361 1689 1470 1720 olentis
1483 1686 1592 1720 uxores
1605 1690 1721 1726 mriti,
1735 1687 1785 1719 fa-

1026 1738 1094 1763 ceta
1108 1741 1271 1772 caprarum
1294 1731 1558 1772 circumscriptio;
1584 1742 1676 1773 caper
1697 1732 1784 1763 enim

1026 1782 1074 1807 est
1087 1777 1220 1807 maritus
1235 1774 1284 1806 vel
1299 1777 1346 1807 vir
1364 1776 1476 1816 gregis,
1497 1782 1534 1806 ut
1555 1782 1685 1807 vocatur
1698 1775 1786 1815 apud

1029 1819 1143 1861 Virgil.
1164 1818 1278 1860 Eclog.
1298 1818 1384 1850 VII.
1396 1817 1429 1850 7.
1446 1818 1622 1850 secundum
1635 1818 1786 1851 imitatio-

1024 1873 1099 1894 nem
1112 1862 1270 1894 Theocriti
1284 1862 1390 1893 VIII·
1405 1860 1458 1893 4⁸9.
1473 1863 1568 1906 *reim
1579 1864 1686 1895 ληρεῖν
1694 1863 1787 1903 ιῖγέι

1025 1908 1099 1950 ἄνις.
1189 1908 1347 1943 haeduleae,
1362 1906 1466 1946 proles
1487 1915 1660 1946 caprarum,
1683 1915 1787 1947 parvae

1025 1949 1165 1990 capenae.
1255 1951 1396 1981 Mar-tid.
1421 1951 1488 1991 lup.
1505 1948 1602 1990 lupus
1626 1950 1787 1982 Martialis

1026 1994 1077 2024 vel
1103 1995 1243 2026 Martius
1267 1993 1368 2035 (apud
1384 1993 1474 2035 Virg.
1499 1993 1576 2025 AEn.
1599 1994 1668 2025 IX.
1692 1992 1787 2035 566.)

1027 2037 1143 2069 dicitur
1155 2038 1212 2078 qui
1235 2036 1335 2068 Marti
1361 2046 1446 2068 sacer
1466 2043 1522 2068 est.
1619 2039 1787 2080 Utcunque

1031 2083 1116 2113 dulci
1129 2082 1245 2125 fistula
1259 2086 1330 2112 cett.
1349 2080 1427 2112 dum
1452 2080 1583 2112 Faunus
1601 2080 1708 2113 dulcia
1720 2090 1800 2112 ear-¹

1032 2125 1120 2156 mina
1134 2125 1219 2156 canit
1233 2123 1347 2162 fistula,
1363 2134 1436 2165 quae
1445 2123 1480 2155 in
1490 2124 1571 2155 valle
1581 2124 1683 2156 saxosi
1695 2134 1787 2155 mon-

1033 2169 1073 2199 tis
1086 2167 1204 2200 Usticae
1214 2173 1370 2205 resonant,
1385 2176 1443 2207 pro
1455 2167 1593 2209 vulgari:
1612 2166 1691 2199 dum
1702 2167 1788 2199 Fau-

1033 2222 1095 2243 nus
1115 2221 1253 2252 praesens
1273 2211 1405 2242 numine
1419 2220 1478 2242 suo
1490 2221 1603 2253 greges
1623 2217 1788 2243 tuetur.—

1033 2255 1276 2292 JmnFaunus,
1303 2253 1447 2285 similiter
1471 2261 1510 2285 ut
1539 2254 1620 2292 Pan,
1650 2259 1789 2297 quocum

1033 2298 1171 2339 plurima
1185 2297 1366 2330 communia
1380 2297 1483 2335 babet,
1507 2297 1687 2341 (uu-iusque
1701 2298 1788 2330 enim

1032 2342 1086 2374 dei
1100 2343 1228 2383 mythus
1241 2341 1275 2371 in
1288 2351 1392 2372 unum
1407 2340 1572 2380 confluxit,
1594 2341 1678 2374 conf.
1703 2344 1785 2374 Voss.

1034 2386 1076 2417 ad
1091 2386 1181 2427 Virg.
1201 2385 1272 2416 Ecl.
1287 2384 1351 2415 VI.
1364 2383 1435 2425 27.)
1447 2384 1554 2416 fistula
1566 2395 1683 2418 canens
1698 2386 1790 2430 (eugi-

1035 2430 1104 2471 ζων)
1119 2429 1290 2460 inducitur.
1377 2429 1490 2460 Usticae
1502 2431 1572 2462 cub.
1589 2431 1644 2461 leo.
1662 2441 1735 2462 saxa
1745 2447 1790 2456 —

1042 2475 1146 2506 Ustica
1160 2472 1222 2504 fuit
1235 2482 1349 2513 parvus
1362 2481 1454 2503 mons
1467 2483 1564 2514 prope
1584 2472 1692 2504 villam
1715 2473 1789 2504 Ho-

1032 2517 1114 2556 ratii,
1141 2516 1205 2558 qui,
1230 2516 1304 2557 quia
1325 2514 1438 2546 leniter
1457 2517 1647 2558 assurgebat,
1670 2516 1730 2553 vel.
1753 2523 1791 2548 ut

1035 2559 1190 2603 Virgilius
1203 2558 1352 2601 loquitur,
1378 2558 1510 2602 (Eclog.
1537 2560 1605 2592 IX.
1628 2559 1682 2601 8.)
1706 2561 1792 2593 molli

1034 2606 1110 2636 clivo
1137 2603 1258 2645 jugum
1285 2603 1473 2642 demittebat,
1503 2604 1620 2636 estham
1655 2603 1789 2643 dieitur3

1035 2647 1302 2690 quemadmodum
1338 2646 1424 2677 enim
1458 2646 1553 2678 altius
1587 2647 1793 2689 adsurgentes

1035 2699 1160 2723 montes
1181 2697 1270 2729 stare,
1294 2691 1394 2733 (supr.
1419 2689 1450 2721 9.
1479 2689 1508 2722 l.
1545 2691 1644 2729 Vides,
1668 2697 1704 2722 ιιι
1728 2692 1792 2722 aua

1036 2742 1092 2767 stet
1106 2737 1176 2767 m‘ve
1191 2735 1359 2766 candidum
1376 2733 1516 2775 Soracte)
1535 2734 1580 2766 ita
1600 2733 1737 2766 molliter
1757 2735 1792 2765 in

1035 2778 1198 2819 planitiem
1212 2778 1262 2810 vel
1275 2777 1395 2809 vallum
1414 2788 1450 2809 se
1470 2777 1669 2809 demittentes
1681 2779 1794 2810 cubare

1036 2822 1205 2860 dicuntur-3
1235 2821 1310 2852 hinc
1339 2823 1426 2854 colles
1452 2823 1559 2863 rupini
1582 2821 1669 2863 apud
1699 2820 1789 2864 Virg-

1042 2866 1159 2908 Georg.
1188 2866 1237 2897 11.
1258 2864 1332 2896 276.
1384 2866 1460 2897 levia
1474 2864 1580 2907 qualia
1593 2871 1678 2903 sunt,
1700 2875 1793 2907 super

1041 2921 1111 2950 quae
1133 2909 1226 2940 rivuli
1248 2909 1437 2947 decurrunt;
1462 2909 1567 2952 πίοιμι
1589 2907 1732 2943 λισσάδες.
1749 2925 1793 2934 —-

1043 2954 1212 2993 Comparat
1239 2953 1288 2984 el.
1318 2954 1440 2985 mesela.
1466 2951 1539 2984 cum
1561 2953 1593 2983 h.
1616 2952 1639 2983 l.
1671 2952 1793 2993 Anytes

1043 2997 1154 3039 Epigr.
1171 2997 1275 3028 V111.
1299 2997 1396 3029 Anth.
1418 2995 1475 3029 Gr.
1495 2995 1534 3028 Τ.
1557 2995 1583 3027 Ι.
1601 3006 1632 3037 p.
1655 2994 1725 3027 131.
