1904 3250
73 171 75 173 ’
118 187 256 219 aner.
278 176 351 225 11.]

713 164 1098 211 EPISTOLAE.

1604 163 1690 202 537

234 296 436 348 Audebit,
457 294 721 353 quaecunque
739 291 898 351 parum'
912 291 1149 349 splendoris
1158 295 1160 297 ’
1168 285 1398 340 habebunt,
1412 283 1419 288 ’

235 371 294 414 Et
312 371 401 412 sine
419 367 608 425 pondere
628 374 764 418 erunt,
787 373 830 408 et
848 358 1017 408 honore
1030 364 1205 422 indigna
1221 357 1423 412 ferentur,
1458 374 1460 378 ·

234 439 379 482 Verba
393 435 566 479 movere
585 435 694 487 loco,
716 433 905 493 quamvis
925 435 1056 476 invita
1074 432 1288 483 recedant,

235 511 295 554 Et
311 517 530 553 versentur
550 508 690 551 adhuc
710 509 821 550 intra
838 506 1072 564 penetralia
1092 505 1248 546 Vestae.

126 584 207 623 115
239 579 478 623 obscurata
497 578 571 620 diu
590 577 751 634 populo
770 577 907 619 bonus
928 583 1060 626 eruet,
1082 582 1207 631 atque

239 647 433 692 Pr0feret
451 648 496 689 in
515 647 653 689 lucem
673 645 862 702 speciosa
879 643 1085 687 vocabula
1103 658 1260 694 rerum,

238 719 363 771 Quae,
385 719 534 776 priscis
555 721 788 760 memorata·
807 717 1040 760 Catonibus
1061 723 1187 772 atque
1209 714 1424 772 Cethegis,

237 789 365 832 Nunc
386 787 697 837 situsinformis
717 786 871 843 premit
890 793 933 828 et
951 785 1118 828 deserta
1137 792 1342 826 vetustas:

237 862 460 904 Adsciscet
478 876 599 912 nova,
621 875 717 917 quae
736 858 1172 917 genitor'produxerit
1191 872 1305 898 usus.

127 934 207 974 120
238 930 478 973 Vehemens
498 938 541 972 et
559 929 744 986 liquidus
763 943 956 985 puroque
977 927 1212 969 simillimus
1232 927 1346 968 amni

240 1003 408 1046 Fundet
427 1017 543 1059 opes,
567 1001 821 1058 Latiumque
840 1001 983 1043 beabit
1002 1000 1130 1042 divite
1150 999 1307 1057 lingua.

238 1073 520 1115 Luxuriantia
539 1079 789 1128 compescet,
810 1071 934 1112 nimis
955 1085 1104 1126 aspera
1123 1084 1226 1111 sano

237 1144 418 1187 Levabit
437 1144 566 1195 cultu,
587 1144 741 1186 virtute
761 1143 946 1185 carentia
965 1142 1106 1184 tollet:

238 1216 446 1259 Ludentis
466 1216 648 1272 speciem
667 1215 798 1266 dabit,
819 1222 862 1257 et
882 1214 1160 1271 torquebitur,
1182 1221 1230 1255 ut
1249 1214 1321 1270 qui

127 1290 207 1329 125
238 1285 367 1328 Nunc
389 1286 600 1343 Satyrum,
621 1299 734 1326 nunc
754 1292 962 1342 agrestem
985 1283 1398 1341 Cyclopa'movetur.

162 1412 195 1434 v.
230 1400 302 1432 109.
335 1403 517 1443 legitimum,
546 1400 587 1432 ad
616 1401 713 1443 leges,
741 1411 819 1443 quas
847 1400 882 1432 in

223 1444 322 1483 dedit,
336 1445 555 1485 οαιιροείιιιω,
570 1445 700 1475 bonum.

163 1499 194 1520 v.
219 1487 292 1519 110.
318 1490 400 1520 Cum
414 1490 525 1520 tabulis
539 1494 626 1525 cett„
637 1489 739 1519 bonus
752 1487 883 1538 scriptor

121 1531 245 1564 tabulas
257 1537 384 1570 ceruus,
399 1531 433 1562 in
447 1532 563 1573 quibus
575 1531 696 1568 scribat,
716 1541 755 1562 eo
775 1532 884 1562 animo

120 1581 234 1612 sumet,
248 1584 313 1616 quo
325 1585 451 1606 severus
464 1583 496 1606 et
509 1575 659 1605 honestus
668 1585 777 1606 censor
787 1575 884 1605 sumit

121 1618 244 1651 ubal-s
257 1617 430 1656 censorias3
453 1617 720 1660 quemadmodum
731 1618 816 1648 enim
827 1619 883 1649 bo-

122 1659 186 1692 nus
198 1670 308 1693 censor
321 1642 481 1692 notands'
471 1671 506 1692 m
526 1661 640 1692 tabulis
661 1661 809 1692 censoriis
825 1671 884 1691 no-

122 1705 234 1740 ubit,
222 1713 268 1736 lta
281 1706 383 1736 bonum
393 1705 523 1745 scriptor
532 1704 736 1746 corrigenda'
727 1714 761 1735 ιιι
770 1703 886 1735 tabulis

123 1747 242 1779 centis
248 1747 391 1788 corriget.

124 1795 128 1799 ’
164 1801 196 1822 v.
221 1788 294 1821 111.
319 1792 466 1828 Audebit,
488 1800 553 1821 non
578 1790 741 1822 dubitabit.
826 1802 888 1831 pa-

123 1845 199 1865 rum
210 1833 385 1875 splendoris
406 1835 489 1870 hab„
512 1844 623 1873 parum
645 1834 809 1875 elegantiae
830 1835 886 1864 ha-

123 1878 262 1915 bebunt3
284 1876 366 1907 refer
393 1877 474 1907 hauc
498 1876 690 1907 locutionem
714 1876 756 1907 ad
781 1888 886 1908 censo-

123 1931 201 1957 rem,
215 1919 271 1961 qui
287 1919 397 1960 Equiti
416 1920 572 1969 Romano,
583 1931 701 1959 parum
718 1921 886 1960 splendoris

124 1964 260 2000 habenti,
277 1962 458 2005 (splendori,
473 1963 529 2004 qui
545 1963 656 2003 Equiti
680 1964 720 1993 ob
746 1963 815 2004 ejus
839 1962 887 1993 di-

124 2005 216 2048 vitias
227 2004 433 2045 tribuebatur,
447 2015 512 2036 non
526 2005 734 2046 respondenti,
738 2005 751 2045 )
770 2016 888 2046 equum

166 2102 199 2124 v.
223 2090 296 2123 112.
329 2093 376 2124 Et
404 2093 471 2124 sine
495 2093 631 2132 pondere
659 2097 764 2128 erunt,
794 2101 889 2130 supra

127 2135 192 2167 Sut-
211 2135 240 2167 I.
262 2134 312 2166 10.
324 2133 378 2166 54.
433 2137 542 2166 Versus
563 2137 716 2175 gravitate
740 2136 884 2165 minores.

123 2196 168 2204 —
189 2185 219 2211 et
242 2181 355 2210 bonore
382 2180 511 2219 indigna
526 2179 688 2220 serentur,
718 2183 750 2208 et
777 2185 890 2218 parum

124 2228 198 2264 apta
211 2227 244 2253 et
257 2222 411 2252 concinna
420 2221 656 2263 judicabuntur.

130 2275 134 2282 ·
167 2275 197 2296 v.
217 2263 290 2296 113.
308 2276 426 2296 movere
445 2266 519 2302 Ioco,
545 2264 665 2305 ejicere,
690 2263 815 2301 delere;
838 2273 890 2293 ac-

125 2308 322 2340 commodate
335 2308 375 2339 ad
389 2317 559 2344 censorem,
581 2308 637 2348 qui
657 2310 768 2339 honore
787 2308 888 2347 indig-

125 2360 183 2384 nos
195 2361 215 2382 e
227 2359 338 2383 senatu
351 2353 485 2383 movebat
499 2350 549 2381 vel
562 2350 712 2392 ejiciebat.

131 2435 133 2437 ι
169 2405 199 2426 v.
218 2393 290 2426 114.
309 2397 355 2427 Et
368 2406 443 2426 vers.
461 2396 562 2425 adhuc
578 2396 636 2425 int.
650 2400 754 2434 penet.
778 2395 887 2429 Vestae,

127 2443 160 2469 et
172 2437 288 2488 nti-hue.
306 2443 456 2479 tanquam
470 2437 504 2467 in
525 2438 627 2468 Vestae
648 2436 789 2472 sacrario
804 2435 889 2477 quod

128 2487 194 2512 erat
203 2481 237 2512 in
251 2481 368 2512 edium
382 2479 601 2521 penetralibus,
617 2480 732 2511 intacta
745 2486 777 2510 et
790 2479 890 2510 invio-

128 2522 242 2556 lanitia
259 2525 388 2574 lnteant,
412 2525 445 2555 1ι.
468 2534 495 2555 e.
523 2530 556 2554 et
582 2523 687 2555 adhuc
714 2524 830 2554 intacta
854 2523 889 2553 in

129 2566 284 2608 scriptoris
296 2567 410 2599 scrinio
423 2573 594 2598 serventur

138 2616 142 2620 ·
173 2619 211 2640 v.
207 2608 400 2642 115-118.
421 2611 591 2643 Obscuram
606 2612 662 2642 diu
674 2616 763 2647 cett..
773 2609 888 2650 junge·

135 2654 245 2685 Dm
258 2655 364 2696 (poeta
374 2653 423 2684 vel
437 2654 581 2694 scriptor)
593 2655 722 2694 speciosa
738 2652 891 2695 (splendi-

133 2695 183 2730 68,
198 2705 303 2727 rerum
315 2697 450 2736 speciem
470 2696 648 2728 luculenter
668 2696 890 2736 exprimentia)

131 2746 241 2770 rerum
261 2741 413 2777 voeabula,
436 2751 516 2781 quae,
536 2742 648 2781 priscis
665 2742 829 2772 Catonibus
843 2746 891 2770 at-

133 2791 192 2822 que
215 2784 350 2822 Cethegis
362 2790 529 2815 memorata
545 2784 733 2826 (usurpata),
749 2784 891 2826 informis

132 2826 210 2856 situs
223 2829 254 2856 et
265 2826 380 2857 deserta
390 2833 521 2858 vetustas
531 2838 622 2858 nunc
633 2829 758 2867 premit,
765 2828 889 2867 populo,

133 2867 187 2897 cui
200 2866 256 2897 illa
270 2869 324 2899 diu
344 2870 504 2901 obscurata
519 2877 603 2906 sunt,
630 2876 717 2902 eruet
740 2876 835 2912 aeque
856 2871 891 2901 in

132 2912 235 2942 lucem
247 2911 387 2954 proferet.

178 2963 207 2985 v.
228 2951 550 2995 117.1n·t'sc·Cat.--
565 2958 612 2989 M.
635 2959 706 2990 Cato
729 2959 892 2990 Censorius

926 1402 1005 1444 (nat.
1032 1400 1075 1443 U.
1096 1400 1133 1431 C.
1152 1398 1228 1430 519.
1245 1405 1338 1430 mort.
1364 1397 1459 1439 603.)
1475 1398 1591 1430 dicitur
1611 1400 1693 1440 pris-

924 1455 989 1480 cus,
1003 1439 1078 1484 quia
1091 1443 1265 1483 priscorum
1279 1452 1404 1474 morum
1416 1443 1478 1474 fuit
1488 1444 1694 1474 observantis-

925 1487 1045 1525 simus;
1067 1486 1131 1517 vid.
1150 1497 1245 1526 supra
1269 1485 1333 1517 Od.
1362 1486 1434 1517 111.
1454 1485 1507 1517 21.
1530 1485 1580 1516 11.
1594 1488 1694 1527 prisci

928 1533 1051 1563 Catonis
1065 1532 1173 1562 virtus.
1252 1532 1373 1570 Cetheg.
1388 1548 1433 1554 —
1449 1532 1596 1570 Cethegus
1617 1539 1695 1561 con-

925 1574 975 1604 sul
989 1574 1052 1604 fuit
1068 1574 1110 1605 U.
1132 1573 1168 1604 C.
1186 1571 1262 1604 548.
1284 1573 1352 1604 Cic.
1368 1572 1409 1604 de
1425 1573 1548 1604 Senect-
1569 1571 1619 1603 14.
1641 1575 1691 1604 M.

926 1619 1189 1657 zerocahegum,
1205 1623 1391 1658 quemrecle
1414 1619 1554 1649 Suadetae
1573 1619 1694 1649 medul-

926 1663 991 1692 lam
1005 1662 1079 1692 dia-it
1095 1662 1237 1697 Ennius,
1252 1666 1371 1702 quanto
1386 1662 1487 1692 studio
1506 1662 1637 1692 ever-ceri
1658 1662 1694 1692 in

927 1707 1054 1736 dicendo
1068 1705 1248 1736 videbamus
1261 1705 1355 1736 etiam
1370 1714 1474 1736 senem
1484 1704 1502 1734 ε’
1519 1704 1603 1735 conf.
1616 1714 1695 1735 eun-

928 1747 1001 1779 dem
1019 1747 1112 1778 Brut.
1132 1745 1183 1778 15.

970 1801 1000 1821 v.
1020 1789 1093 1821 119.
1112 1802 1180 1831 quae
1190 1802 1264 1832 gen.
1276 1792 1366 1831 prod.
1385 1801 1472 1827 usus,
1487 1800 1558 1831 quae
1572 1800 1651 1821 usus
1664 1796 1697 1821 et

929 1833 1133 1875 progenuerit
1147 1840 1179 1864 et
1193 1832 1407 1874 publicaverit.
1433 1833 1524 1864 Infra
1538 1833 1572 1864 in
1588 1833 1691 1873 Epist.

930 1876 970 1907 ad
989 1877 1052 1908 Pis.
1071 1875 1124 1914 71,
1141 1876 1193 1907 72.
1245 1879 1323 1912 Quae
1344 1887 1432 1907 nunc
1447 1883 1520 1908 sunt
1537 1879 1571 1907 in
1586 1879 1698 1908 honore

928 1921 1086 1956 vocabula,
1112 1922 1139 1951 si
1163 1921 1238 1951 volet
1259 1930 1345 1955 usus,
1373 1921 1472 1954 Quem
1496 1931 1592 1959 penes
1613 1921 1696 1951 arbi-

929 1966 1026 1994 trium
1039 1969 1083 1993 est
1098 1969 1126 1993 et
1131 1963 1191 2000 ius
1204 1968 1234 1994 et
1247 1973 1358 1993 norma
1373 1963 1527 2003 loquendi.

974 2015 1003 2035 v.
1027 2003 1102 2042 lm,
1131 1994 1204 2035 121.
1231 2005 1324 2035 Idem
1345 2006 1449 2035 bonus
1470 2011 1561 2044 poeta
1582 2005 1698 2036 dicitur

930 2050 1099 2085 vehemens,
1128 2048 1257 2089 largiter
1282 2046 1384 2078 fluens
1408 2048 1612 2089 fervensque3
1645 2059 1698 2080 ac-

931 2091 1128 2122 commodate
1148 2091 1188 2122 ad
1210 2101 1348 2126 amnem,
1375 2090 1431 2131 qui
1446 2097 1493 2122 est
1516 2093 1696 2129 vehemens,

931 2145 1004 2165 cum
1034 2134 1161 2176 largiter
1191 2133 1271 2165 fluit.
1368 2136 1544 2172 Vehemens,
1574 2135 1698 2166 duabus

932 2178 1059 2218 syllabis
1087 2177 1371 2217 pronunciandum.
1460 2180 1606 2218 liquidus,
1632 2189 1698 2209 non

932 2221 1121 2258 lutulentus,
1136 2228 1174 2251 ut
1189 2220 1334 2252 Lucilius
1352 2222 1415 2252 Sat.
1434 2221 1463 2251 Ι.
1482 2219 1514 2251 4.
1534 2220 1584 2252 ll.

975 2274 1004 2295 v.
1025 2263 1097 2295 121.
1128 2265 1256 2296 Fundet
1282 2275 1360 2305 opes,
1385 2274 1440 2304 per
1465 2276 1533 2305 opes
1557 2265 1699 2306 intellige

931 2309 1098 2338 verborum
1129 2307 1419 2349 sententiarumque
1450 2307 1574 2347 copiam
1602 2314 1698 2349 atque

930 2353 1126 2389 ubertatem;
1147 2351 1231 2382 infra
1245 2351 1278 2381 in
1296 2351 1400 2390 Epist.
1417 2351 1457 2382 ad
1475 2352 1539 2382 Pis.
1557 2350 1633 2382 307.
1650 2354 1699 2383 nil

930 2396 1063 2426 scribens
1077 2396 1151 2435 ipse,
1174 2395 1291 2432 docebo,
1317 2397 1406 2427 Unde
1426 2401 1584 2436 parentur
1606 2406 1694 2436 opes;

932 2439 1008 2479 quid
1021 2439 1267 2480 alotsormetque
1273 2444 1409 2479 poetam·

976 2491 1006 2511 v.
1029 2480 1099 2512 122.
1124 2482 1339 2513 Lux-urinaria
1365 2488 1540 2522 compescet,
1566 2492 1638 2522 quae
1662 2481 1699 2512 in

931 2524 1063 2555 nimiam
1088 2523 1314 2555 abundantiam
1338 2532 1552 2561 excreverunt,
1580 2525 1699 2556 recidet

931 2574 969 2598 ut
982 2567 1177 2599 abundantes
1191 2578 1296 2599 ramos
1308 2569 1342 2599 in
1356 2568 1517 2599 arboribus
1531 2570 1698 2600 luxurian-

977 2664 1008 2685 v.
1028 2653 1100 2685 123.
1127 2656 1270 2692 Levabit,
1285 2654 1434 2695 levigabit
1447 2661 1478 2685 et
1493 2654 1638 2694 expolieg
1661 2661 1699 2687 ut

934 2697 1067 2729 artifices
1080 2706 1112 2729 et
1133 2698 1274 2728 statuarii
1297 2707 1437 2737 asperam
1463 2697 1636 2729 materiem.
1652 2716 1698 2723 —
1734 2732 1735 2735 Ἴ

934 2743 1015 2773 culeo
1026 2753 1111 2774 sano.
1128 2741 1293 2781 prudente,
1308 2747 1390 2780 apto,
1408 2741 1495 2772 scito.
1583 2743 1697 2774 virtute

934 2787 1084 2822 carentia,
1113 2785 1312 2825 inelegantia¹
1342 2784 1516 2821 invenusta,
1602 2787 1696 2825 tollet,

934 2828 1069 2865 delebit3
1092 2827 1155 2858 vid.
1173 2830 1214 2858 ad
1232 2828 1296 2858 Sat.
1312 2827 1341 2857 Ι.
1359 2825 1391 2857 4.
1413 2826 1463 2858 ll.

976 2882 1005 2902 v.
1027 2870 1099 2909 124,
1118 2870 1189 2902 125.
1208 2872 1345 2902 Ludene.
1358 2882 1402 2911 sp.
1420 2872 1517 2907 dabit.
1532 2876 1604 2903 cett.
1621 2882 1697 2912 poe-

934 2915 1124 2946 talascivius
1145 2914 1329 2945 exsultantis
1349 2914 1485 2953 speciem
1509 2915 1649 2954 habebit.
1664 2922 1697 2947 et

934 2958 1174 3000 circumagetur,
1191 2959 1271 2989 sicut
1286 2958 1320 2995 is,
1337 2958 1392 2999 qui
1410 2958 1555 2999 Satyrum
1570 2959 1618 2990 vel
1633 2951 1696 3000 Cy-
