1904 3250
192 150 276 189 306

829 146 1137 189 ΗΟΒΑΤΙΙ

1607 149 1716 196 [Lm.
1739 157 1768 185 1.

817 306 1048 384 SATIRA
1080 340 1140 382 ΙΙ.

312 487 670 533 AMBUBAIARUM
692 483 882 542 collegia,
905 480 1261 539 pharmacopolae,

311 555 515 604 Mendici,
539 554 694 603 mimae,
716 553 969 603 balatrones,
991 551 1074 593 hoc
1093 566 1227 609 genus
1248 565 1372 592 omne
1408 581 1411 584 -

309 624 516 665 Moestum
537 639 586 665 ac
608 623 833 665 sollicitum
854 631 918 664 est
937 622 1120 664 cantoris
1140 620 1466 679 morteTigelli.
1490 651 1492 653 -

309 697 482 753 Quippe
503 697 712 755 benignus
733 704 835 738 erat.

900 696 1063 738 Contra
1081 694 1165 745 hic,
1187 709 1241 735 ne
1261 694 1465 751 prodigus
1484 709 1575 737 esse

252 772 278 809 5
309 769 504 819 Dicatur,
526 777 732 819 metuens,
744 769 873 825 ‘inopi
893 768 995 810 dare
1015 767 1122 809 nolit
1142 767 1290 817 amico,

310 839 464 898 Frigus
486 856 571 897 quo
591 841 827 898 duramque
847 840 1001 882 famem
1014 839 1260 896 'propellere
1279 839 1425 895 possit.

309 912 441 955 Hunc
463 914 497 954 si
518 910 794 970 perconteris,
816 914 884 955 avi
904 929 980 956 cur
1001 922 1127 970 atque
1146 913 1333 968 parentis

311 984 566 1027 Praeclaram
590 986 756 1044 ingrata
777 987 955 1044 stringat
974 985 1110 1027 malus
1130 985 1315 1042 ingluvie
1336 999 1439 1035 rem,
1490 1022 1493 1024 .

310 1053 467 1096 Omnia
488 1055 708 1101 conductis
730 1057 926 1097 co‘emens
948 1055 1124 1096 obsonia
1143 1054 1349 1095 nummis:

226 1128 243 1166 l
251 1130 277 1166 0

310 1196 570 1253 Respondet.

311 1126 519 1168 Sordidus
541 1136 667 1184 atque
688 1128 818 1169 animi
838 1127 954 1185 quod
974 1127 1094 1183 parvi
1115 1126 1222 1168 nolit
1241 1126 1402 1176 haberi,
1454 1176 1456 1178 Ι

611 1197 857 1239 -sLaudatur
878 1198 931 1239 ab
952 1196 1031 1247 his,
1055 1194 1251 1252 culpatur
1271 1196 1325 1238 ab
1346 1195 1441 1236 illis.
1483 1231 1487 1234 .

310 1272 502 1315 Fufidius
523 1288 674 1329 vappae
695 1272 851 1314 famam
872 1273 991 1314 timet
1011 1287 1060 1313 ac
1081 1270 1316 1321 nebulonis,

307 1341 441 1384 Dives
462 1342 587 1399 agris,
610 1342 726 1384 dives
748 1342 895 1398 positis
922 1341 964 1381 in
985 1339 1147 1381 foenore
1167 1340 1350 1381 nummis
1403 1371 1405 1373 .

191 1458 299 1494 latum,
317 1459 376 1489 hoc
389 1458 560 1490 ridiculum
575 1458 705 1489 convicii
721 1468 832 1500 genus,
849 1469 869 1488 a
891 1467 959 1488 cor-

190 1502 275 1541 poris
290 1502 367 1533 vitio
381 1503 526 1541 petitum,
541 1502 576 1532 in
591 1512 653 1539 eos,
676 1512 755 1542 quos
777 1508 959 1532 contemne-

190 1547 254 1583 bat,
279 1546 358 1576 salse
381 1546 562 1586 regessisse.
601 1547 772 1586 Lippitudo
795 1552 901 1576 autem
918 1555 959 1574 ae-

191 1599 254 1629 que
283 1600 320 1620 ac
349 1591 473 1621 caecieas
502 1588 687 1620 transfertur
715 1588 756 1619 ad
792 1589 958 1625 animum;

190 1633 264 1663 hinc
285 1632 382 1663 infra
393 1632 457 1664 Sat.
477 1633 506 1663 Ι.
531 1632 562 1663 3.
589 1632 642 1663 25.
667 1634 771 1673 lippus
793 1634 877 1663 mala
901 1643 959 1664 sua

189 1678 330 1708 inunctis
343 1677 440 1710 oculis
449 1678 610 1717 pervidere
623 1675 748 1707 dicitur.

467 1806 650 1838 SATIRA
676 1806 727 1837 11.

236 1891 335 1923 Ridet
362 1898 456 1932 poeta
485 1893 653 1925 stultitiam
681 1892 863 1930 hominum,
893 1893 959 1934 qui,

189 1935 268 1966 dum
297 1936 371 1967 vitia
399 1936 546 1977 quaedam
575 1936 718 1977 fugiunt,
747 1937 782 1966 in
807 1936 962 1967 contraria

189 1979 364 2010 incurrunt.
392 1980 473 2022 (Ep.
494 1980 544 2011 ΙΙ.
563 1979 594 2011 3.
613 1979 668 2011 31.
693 1983 734 2012 In
752 1982 858 2012 vilium
874 1981 960 2011 ducit

189 2024 395 2066 culpaesuga.
403 2023 415 2062 )

232 2077 262 2097 v,
277 2065 304 2096 l.
320 2067 660 2099 Ambuhaa—Schol.
680 2068 755 2098 Acr.
775 2068 961 2099 Ambubaioe

189 2111 342 2142 dicuntur
352 2112 497 2142 mulieres
511 2113 649 2143 tibicines
659 2114 830 2152 Syrorum,·
846 2113 961 2142 etenim

189 2155 301 2194 lingua
316 2164 421 2185 eorum
437 2156 507 2185 tibia
524 2157 585 2187 sive
594 2156 778 2196 symphonia
793 2156 961 2186 ambubaia

191 2196 383 2240 (secundum
419 2197 515 2229 alios.
556 2200 647 2236 abab,
685 2199 801 2235 anbub,
838 2197 960 2237 fistula)

190 2242 315 2272 dicitur.
365 2239 509 2271 Fuerunt
522 2241 671 2272 mulieres
692 2241 960 2277 circumforaneae,

190 2284 310 2315 victum
326 2283 385 2314 sibi
397 2291 574 2324 quaerentes
589 2291 654 2315 tam
668 2286 878 2316 instrumenta
891 2295 964 2314 mu-

191 2327 257 2359 sica
286 2327 458 2361 tractando.
487 2338 582 2368 quam
613 2339 647 2358 se
677 2329 761 2368 ipsas
789 2327 965 2359 libidinosis

191 2370 318 2402 venales
331 2370 502 2402 offerendo.
578 2374 706 2412 collegia
718 2387 729 2408 ,-
748 2372 856 2414 jocose
871 2378 963 2410 poeta

191 2415 273 2445 hanc
282 2414 518 2454 'impudicarum
530 2415 702 2446 mulierum
717 2416 751 2445 in
765 2414 843 2446 locis
856 2415 962 2455 publi-

191 2458 236 2489 cis
250 2459 378 2489 turbam
390 2457 466 2489 dicit
479 2460 650 2499 collegium.
706 2460 962 2499 pharmacopoloe,

192 2501 382 2532 medicinam
396 2500 584 2539 vendentes;
608 2512 683 2533 nos:
704 2503 914 2542 quacksalber.

237 2555 266 2576 v.
300 2544 331 2575 2.
364 2546 505 2579 mendici,
536 2545 577 2574 ad
606 2544 778 2582 mendicos,
801 2545 869 2585 jam
898 2554 964 2575 non

193 2589 317 2629 proprie
332 2588 377 2620 ita
385 2588 494 2624 diem
505 2588 647 2618 referunt
660 2588 777 2619 Isiacos
787 2598 824 2618 ac
842 2587 964 2624 Gallos,

193 2633 369 2664 sacerdotes
394 2631 536 2673 Cybeles,
562 2632 803 2673 praestigiatores
827 2637 859 2661 et
884 2630 962 2661 alios

193 2676 349 2717 ejusmodi
363 2674 487 2717 generis
495 2674 649 2712 homines,
665 2684 800 2715 quorum
811 2673 962 2714 professio

194 2729 307 2759 parum
333 2730 352 2749 a
374 2717 574 2750 mendicitate
595 2719 690 2749 abest.
778 2719 961 2752 balatrones,

194 2762 278 2793 infra
292 2763 356 2794 Sat.
376 2762 427 2794 11.
446 2761 477 2793 8.
496 2761 549 2793 22.
575 2762 717 2793 Servilius
738 2772 850 2792 scurra
873 2770 963 2790 voca-

194 2812 248 2837 tur
261 2808 402 2844 balatro;
425 2816 490 2847 quo
510 2805 639 2847 quidem
661 2804 850 2846 cognomine
864 2803 965 2835 notari

196 2850 343 2880 videntur
357 2850 513 2888 homines,
528 2849 595 2891 qui,
617 2854 784 2888 postquam
805 2849 888 2878 bona
908 2857 966 2877 sua

196 2893 411 2931 perdiderunt,
442 2892 638 2929 scurrilitate,
665 2890 828 2923 dicacitate
849 2897 881 2921 et
902 2891 962 2920 hu-

197 2936 263 2966 mili
280 2936 460 2968 adulatione
475 2936 607 2999 gratiam
623 2936 700 2978 ejus,
723 2945 743 2966 a
765 2944 829 2976 quo
843 2934 962 2965 aleren-

1003 1462 1066 1492 tur,
1090 1462 1230 1497 captasse
1251 1455 1408 1487 videntur.
1443 1455 1511 1487 vid.
1531 1459 1643 1489 Era-11
1662 1460 1774 1499 Ency-

1003 1503 1127 1541 clopaed.
1162 1500 1203 1530 V.
1238 1500 1339 1531 Tom.
1366 1499 1452 1530 VII.
1487 1501 1591 1531 Schol.
1626 1501 1701 1532 Acr.
1743 1510 1774 1534 et

1007 1544 1104 1585 Cruq.
1135 1544 1226 1574 “hos
1240 1543 1418 1574 luxuriosos
1439 1549 1471 1574 et
1492 1544 1629 1583 perditos
1643 1553 1732 1583 ‚vocat
1753 1558 1773 1577 a

1005 1587 1138 1617 Servilio
1163 1589 1348 1625 Balatrone,
1375 1586 1467 1628 cujus
1490 1586 1525 1617 in
1553 1589 1691 1619 secundo
1715 1589 1768 1621 lib.

1006 1631 1070 1662 Sat.
1106 1630 1151 1672 (8.
1182 1629 1255 1670 21.)
1281 1630 1447 1667 meminit;
1481 1641 1519 1661 ex
1545 1631 1641 1672 hujus
1666 1639 1771 1663 autem

1003 1675 1134 1705 nomine
1147 1674 1258 1704 similis
1270 1673 1343 1704 'vitae
1356 1674 1501 1704 homines
1514 1675 1686 1708 balatrones
1699 1684 1775 1707 sunt

1005 1717 1164 1757 appellati,
1176 1728 1195 1748 a
1205 1717 1454 1772 balatusortasse
1462 1717 1548 1756 dicti,
1563 1728 1637 1759 quae
1648 1729 1707 1750 vox
1723 1720 1774 1750 in·

1005 1767 1087 1792 torta
1101 1767 1148 1791 est
1163 1767 1194 1791 et
1207 1759 1364 1791 ridicula”
1379 1766 1452 1792 cett.

1049 1815 1078 1835 v.
1098 1804 1129 1835 3.
1147 1806 1336 1836 cantoris—
1350 1804 1465 1845 Tigelli.
1480 1806 1582 1836 —M
1602 1806 1773 1848 Hermoge-

1004 1859 1059 1880 ‘nes
1090 1850 1249 1890 Tigellius,
1283 1847 1410 1885 Sardus,
1440 1846 1614 1889 libertinus,
1645 1849 1776 1881 celebris

1003 1891 1186 1922 modulator
1193 1898 1226 1923 et
1233 1891 1392 1929 musicus;
1411 1891 1513 1923 Schol.
1522 1895 1597 1923 Aer.
1613 1893 1776 1925 “Mutato

1006 1935 1135 1966 nomine
1156 1945 1212 1974 per
1233 1934 1384 1965 invidiam
1407 1941 1565 1967 cantorem
1586 1945 1644 1976 pro
1657 1939 1774 1969 musico

1004 1978 1222 2010 obtrectatorie
1244 1977 1332 2009 dicit.
1380 1977 1458 2009 Fuit
1470 1985 1577 2009 autem
1592 1979 1773 2012 modulator

1005 2022 1154 2061 optimus,
1184 2022 1218 2052 in
1250 2021 1393 2053 Sardinia
1428 2028 1540 2061 natus;
1577 2022 1605 2053 is
1633 2025 1773 2055 carmina

1007 2066 1135 2097 Horatii
1157 2066 1295 2106 negabat
1319 2066 1394 2096 satis
1423 2066 1521 2104 perite
1547 2065 1717 2103 modulata,
1741 2073 1774 2098 et

1003 2109 1120 2140 idcirco
1141 2109 1278 2147 carpitur
1299 2110 1339 2140 ab
1359 2108 1452 2140 illo.”
1477 2109 1519 2140 cs.
1540 2110 1604 2141 Sat.
1625 2110 1653 2141 1.
1671 2108 1704 2147 4¹,
1720 2109 1775 2142 72.

1005 2160 1036 2184 et
1061 2153 1088 2184 Ι.
1111 2151 1162 2190 10,
1179 2151 1231 2183 90.

1049 2195 1128 2227 v.11·.
1147 2195 1468 2237 benignus,1iberalis‚
1485 2205 1560 2227 nos:
1585 2198 1637 2228 ein
1649 2199 1773 2238 gu'eiger

1006 2243 1087 2272 herr.
1177 2242 1236 2277 ln'c,
1252 2239 1334 2270 alius
1351 2247 1430 2270 utv.
1448 2238 1479 2277 ’7,
1494 2237 1548 2276 4⁰1,
1563 2237 1617 2271 44.
1634 2247 1667 2275 et
1679 2251 1775 2282 supra

1011 2284 1076 2315 Od.
1096 2284 1124 2315 1.
1146 2283 1175 2320 l,
1191 2282 1222 2314 ’7.
1240 2289 1369 2322 etsaepe
1382 2282 1470 2314 alibi.

1051 2338 1079 2357 v.
1107 2327 1139 2358 8.
1166 2328 1362 2358 Praeclaram
1385 2338 1453 2358 rem
1477 2327 1610 2367 stringat
1637 2329 1775 2369 ingluvie

1006 2389 1050 2396 —
1065 2370 1205 2410 praeclari
1219 2369 1399 2410 patrimonii
1419 2369 1534 2410 copias,
1556 2377 1706 2413 tanquam
1722 2381 1773 2402 ar-

1006 2416 1089 2444 boris
1102 2413 1240 2452 frondes,
1256 2413 1430 2455 destringat
1450 2414 1482 2444 h.
1500 2424 1527 2444 e.
1545 2414 1666 2454 perdat,
1681 2416 1774 2446 absu-

1007 2465 1074 2488 mat
1103 2458 1247 2496 luxuria;
1302 2464 1304 2466 ’
1336 2459 1471 2498 ingrata,
1501 2457 1586 2498 quod
1613 2457 1776 2497 respondit

1008 2503 1050 2541 τῷ
1076 2503 1181 2532 malus
1203 2502 1250 2542 (h.
1271 2511 1298 2532 e.
1323 2500 1522 2550 prodigus)
1511 2499 1712 2531 referendum
1733 2502 1774 2532 ad

1006 2543 1120 2584 ingrati
1136 2544 1233 2574 animi
1248 2551 1395 2584 nepotem
1409 2543 1460 2574 vel
1474 2535 1587 2580 filium,
1602 2543 1670 2584 qui,
1685 2545 1772 2594 quod

1007 2587 1126 2626 accepit
1142 2598 1161 2617 a
1177 2589 1366 2626 parentibus
1389 2587 1513 2628 ingrato
1533 2596 1608 2628 erga
1629 2597 1683 2630 eos
1703 2590 1772 2619 ani-

1004 2639 1058 2660 mo
1071 2629 1243 2669 profundit.

1049 2684 1077 2703 v.
1097 2673 1128 2703 9.
1147 2674 1320 2710 conducas,
1332 2672 1451 2703 foenore
1463 2681 1483 2702 a
1497 2671 1650 2704 creditore
1663 2684 1772 2715 accep-

1006 2717 1063 2754 tis;
1087 2718 1231 2753 creditor,
1246 2715 1338 2754 locat,
1354 2717 1468 2747 debitor-
1482 2725 1538 2756 pro
1553 2716 1698 2749 mercede
1707 2719 1772 2750 sive

1007 2761 1112 2790 usuris
1126 2759 1275 2790 conducit
1289 2759 1464 2799 pecuniam.

1051 2813 1079 2833 v.
1100 2802 1150 2833 10.
1163 2804 1258 2843 parvi
1271 2804 1379 2839 animi,
1395 2802 1495 2842 quasi,
1510 2813 1565 2844 qul
1579 2813 1672 2842 parce
1686 2805 1772 2842 vivit,

1009 2846 1170 2886 pusillum,
1187 2845 1339 2888 prodigus
1361 2855 1433 2876 vero
1454 2856 1608 2888 magnum
1629 2847 1773 2880 animum

1007 2889 1159 2921 ostendat.

1050 2944 1078 2965 v.
1102 2932 1149 2964 ll.
1176 2934 1214 2964 ab
1229 2935 1283 2970 leis,
1301 2934 1340 2965 ab
1354 2932 1432 2972 aliis,
1449 2934 1487 2965 ab
1504 2935 1571 2973 illis,
1587 2935 1627 2966 ab
1640 2934 1718 2966 aliis.
