1904 3250
167 139 266 177 494..

787 127 1116 179 'HORATII

1589 142 1703 192 [Lm.
1724 152 1764 184 1.-

287 262 472 321 Attingit
493 263 646 303 solium
664 262 797 312 Jovis,
820 269 863 303 et
882 262 1071 303 coelestia
1089 270 1236 305 tentat.

195 334 252 372 35
287 330 557 388 Principibus
577 331 785 386 placuisse
807 331 921 382 viris,
939 346 1026 372 non
1046 331 1195 373 ultima
1211 332 1303 374 laus
1325 342 1403 376 est.

286 404 385 446 Non
408 405 538 446 cuivis
559 404 723 445 homini
744 405 951 463 contingit
970 405 1089 447 adire
1113 405 1382 448 Corinthum.

288 477 420 528 Sedit,
443 477 516 533 qui
536 477 688 527 timuit,
710 493 764 519 ne
785 492 872 519 non
893 478 1162 520 succederet:
1194 486 1307 520 esto:

284 546 415 596 Quid,
440 546 513 602 qui
532 547 739 602 pervenit,
761 547 915 589 fecitne
935 546 1144 590 viriliter?
1194 548 1340 605 Atqui

284 615 370 658 Hic
391 623 468 666 est,
491 624 565 657 aut
584 632 808 674 nusquam,
831 617 948 674 quod
968 618 1223 674 quaerimus:
1255 618 1326 660 hic
1345 634 1453 661 onus
1473 619 1632 672 horret,

192 692 249 728 40
284 687 347 730 Ut
366 688 507 743 parvis
529 689 680 730 animis
702 697 744 730 et
764 704 898 745 parvo
920 705 1099 746 corpore
1118 692 1280 747 majus:

282 757 503 799 Hicsubit
523 766 566 800 et
584 759 758 815 perfert.
821 760 913 810 Aut
932 761 1065 802 virtus
1086 776 1243 802 nomen
1263 761 1389 803 inane
1408 769 1485 813 est,

278 828 370 870 Aut
390 828 519 870 decus
541 838 584 871 et
602 831 788 886 pretium
807 838 922 872 recte
942 820 1048 887 petit
1068 832 1290 887 experiens
1312 832 1390 873 vir.
1418 834 1424 839 '

281 901 443 942 Coram
467 917 564 960 rege
585 918 662 944 sua
682 903 736 945 de
755 911 1005 959 paupertate
1026 911 1211 945 tacentes

282 972 385 1015 Plus
406 982 609 1030 poscente
628 975 789 1018 ferent:
821 976 963 1027 distat,
987 991 1182 1018 sumasne
1201 976 1428 1033 pudenter,

189 1049 246 1088 45
279 1046 352 1088 An
372 1048 536 1104 rapias3
568 1049 686 1106 atqui
706 1064 849 1092 rerum
871 1058 999 1106 caput
1018 1050 1101 1092 hoc
1121 1058 1225 1100 erat,
1248 1058 1291 1092 et
1310 1049 1418 1092 fons.

279 1118 478 1160 Indotata
497 1119 602 1161 mihi
623 1135 745 1162 soror
765 1127 842 1171 est,
863 1120 1125 1177 paupercula
1145 1128 1294 1171 mater,

278 1190 336 1233 Et
355 1191 512 1234 fundus
534 1208 614 1235 nec
632 1193 873 1244 vendibilis,
895 1209 976 1236 nec
995 1209 1170 1250 pascere
1191 1193 1356 1245 firmus,

280 1261 369 1311 Qui
390 1261 506 1312 dicit,
530 1262 707 1305 clamat:

741 1262 915 1304 Victum
935 1263 1059 1305 date:
1092 1263 1271 1305 succinit
1291 1263 1411 1314 alter,

279 1330 337 1372 Et
355 1331 461 1373 mihi
481 1331 656 1374 dividuo
676 1331 864 1373 findetur
884 1347 1062 1374 munere
1083 1332 1258 1389 quadra.

189 1407 244 1445 50
279 1403 366 1447 Sed
386 1405 536 1446 tacitus
557 1405 674 1461 pasci
695 1405 731 1446 si
752 1420 903 1446 corvus
923 1413 1081 1461 posset,
1103 1404 1280 1447 haberet

279 1476 382 1519 Plus
404 1477 539 1534 dapis,
562 1486 604 1520 et
625 1478 731 1519 rixae
751 1477 887 1519 multo
907 1478 1047 1520 minus
1068 1478 1337 1534 invidiaeque.

156 1627 263 1649 omnes
272 1617 364 1657 prius
377 1619 611 1657 egrederentur,
627 1619 784 1660 ipsiusque
797 1619 932 1659 pallium

157 1662 306 1698 induisse,
321 1662 425 1702 illique
434 1672 637 1702 purpureum
651 1663 833 1704 reliquisse,
851 1664 933 1702 quod

156 1705 312 1745 Diogenes
327 1715 402 1736 cum
417 1706 547 1736 induere
561 1707 717 1743 noluisset,
733 1716 829 1736 suum
843 1716 931 1746 repe-

156 1749 214 1779 tiit.
267 1749 359 1779 Tunc
382 1749 566 1789 Aristippus
585 1750 740 1789 increpuit
764 1750 929 1789 Cynicum,

150 1792 256 1832 famoe
272 1793 464 1828 servientem,
488 1794 544 1832 qui
565 1794 669 1833 algere
693 1793 810 1827 mallet,
833 1803 931 1833 quam

157 1836 293 1875 conspici
307 1836 342 1866 in
356 1842 434 1866 veste
445 1846 617 1875 purpurea.
708 1837 822 1872 Mileti,
846 1834 932 1866 urbis

156 1877 191 1908 in
217 1878 319 1914 Ionia,
336 1878 391 1909 ubi
413 1878 487 1909 lana
508 1880 694 1910 nascebatur
715 1878 933 1918 praestantissi-

158 1932 220 1952 ma.
240 1921 373 1952 Diodor.
395 1922 456 1953 Sic.
474 1922 536 1952 IV.
552 1921 605 1953 26.
634 1922 723 1953 Hinc
735 1921 934 1952 celebrantur

158 1965 325 2008 στρώματα
336 1966 476 2002 Μιλήσια,
487 1967 620 2000 τάπητες
633 1966 773 1999 Μιλήσιοι.
792 1967 936 1997 Valcken.

159 2009 198 2039 ad
217 2008 374 2039 Adoniaz.
394 2020 423 2049 p.
443 2007 519 2040 406.
542 2010 580 2040 C.

201 2063 230 2082 v.
249 2051 390 2083 33-35.
412 2055 476 2084 Res
494 2064 612 2094 gerere,
635 2051 723 2083 domi
746 2051 932 2093 militiisque

158 2095 307 2136 praeclare
322 2107 372 2127 res
388 2106 506 2138 gerere,
530 2096 594 2127 sive
615 2098 710 2127 rebus
731 2097 828 2137 gestis
850 2097 930 2127 bene

158 2140 273 2170 mereri
298 2139 338 2170 de
363 2140 534 2179 republica,
621 2146 652 2171 et
677 2146 757 2181 capt.
786 2146 841 2171 ost.
870 2141 927 2171 civ.

157 2185 265 2220 hostes,
285 2190 317 2214 et
331 2183 414 2214 victo
429 2184 517 2214 hoste
541 2184 738 2223 triumphum
760 2193 873 2225 agere3
897 2183 932 2213 in

157 2227 320 2267 triumpho
341 2226 427 2258 enim
441 2227 523 2267 capti
539 2233 571 2257 et
586 2233 659 2257 ante
673 2237 803 2257 currum
818 2226 932 2257 trium-

158 2270 286 2310 phantis
310 2270 492 2302 incedentes
516 2271 621 2301 hostes
645 2270 766 2301 civibus
786 2269 932 2301 ostende-

158 2315 286 2346 bantur.

201 2368 230 2388 v.
249 2356 302 2388 34.
330 2359 467 2398 Attingit
494 2359 548 2389 sol.
577 2359 672 2393 Jovis,
700 2356 733 2388 id
761 2359 814 2400 (ut
839 2367 935 2397 supra

161 2401 226 2433 Od.
246 2402 274 2432 I.
292 2400 320 2432 l.
338 2401 370 2432 6.
393 2402 475 2432 Hor.
493 2401 650 2442 loquitur)
679 2403 774 2432 evehit
798 2403 840 2432 ad
864 2403 939 2448 deos⁴

158 2451 317 2476 terramm
332 2446 481 2476 dominos.

202 2499 230 2518 v.
249 2487 302 2519 35.
323 2489 530 2528 Principibus,
553 2487 588 2517 in
602 2487 712 2517 latiore
727 2486 930 2528 significatio-

158 2542 210 2570 ne,
226 2531 267 2563 de
287 2531 486 2571 primoribus,
508 2531 747 2571 potentioribus,
771 2530 931 2562 nobiliori·

158 2577 229 2613 bus,
245 2575 420 2606 ditioribus.

202 2629 232 2649 v.
251 2618 305 2651 36.
332 2621 411 2651 Non
432 2620 515 2650 cuiv-
538 2619 619 2650 hom.
646 2624 726 2649 cont.
750 2619 801 2648 ad.
823 2618 931 2649 Corin-

159 2665 261 2699 thum,
288 2661 439 2703 expressit
459 2667 574 2693 notum
599 2661 784 2692 Graecorum
806 2671 931 2700 prover-

159 2707 267 2738 bium:
303 2708 344 2738 Οὐ
370 2707 478 2740 ταις-ὂς
503 2704 597 2747 ἂνδςὸς
621 2705 658 2739 ti·
685 2704 818 2746 Κὸρινθὸν
845 2705 895 2735 ἔσθ
918 2718 931 2734 o

161 2751 265 2787 πλοῦς,
282 2760 347 2781 non
362 2749 461 2781 cuivis
473 2748 606 2787 homini,
617 2747 672 2779 sed
683 2747 849 2778 ditioribus
857 2754 928 2778 tan-

159 2799 229 2824 tum
246 2794 296 2825 vel
309 2794 428 2835 majora
449 2799 577 2824 strenue
596 2798 628 2823 et
648 2791 791 2833 gnaviter
804 2797 928 2821 tentan-

161 2837 255 2868 tibus.
304 2838 410 2868 Nemo
435 2836 522 2868 enim
544 2836 656 2867 urbem
681 2834 770 2865 illam
793 2833 926 2874 opulen-

160 2879 312 2911 tissimam
327 2881 395 2912 sine
409 2880 534 2923 magnis
547 2879 704 2912 sumtibus
718 2878 804 2910 adire
819 2883 851 2910 et
863 2877 925 2909 sre-

159 2930 310 2962 quentare
324 2931 454 2965 poterat.

1019 1629 1050 1649 v.
1067 1616 1121 1655 37,
1138 1617 1192 1648 38.
1212 1619 1306 1654 Sedit,
1334 1618 1391 1658 qui
1411 1618 1517 1649 timuit
1538 1622 1623 1655 cett„
1638 1617 1694 1659 qui
1709 1617 1750 1650 de

976 1671 1123 1693 successu
1138 1661 1236 1702 hujus
1250 1660 1371 1692 itineris
1385 1661 1499 1691 anxius
1519 1666 1614 1702 atque
1635 1661 1752 1693 sollici-

974 1711 1027 1736 tus
1040 1705 1111 1740 fuit,
1127 1704 1217 1735 deses
1231 1703 1318 1735 domi
1333 1704 1460 1735 mansit.
1510 1704 1558 1735 Sit
1571 1704 1630 1737 ita!
1658 1705 1760 1742 Quid.

975 1748 1072 1779 vero?
1096 1758 1204 1778 nonne
1224 1748 1262 1786 is,
1284 1747 1342 1788 qui
1363 1757 1402 1778 eo
1422 1747 1574 1788 pervenit,
1589 1748 1694 1780 virum
1714 1758 1751 1780 ω

974 1791 1141 1832 praestitit?
1755 1821 1758 1825 ,

1018 1833 1208 1865 v..39-41
1227 1835 1335 1876 Atque
1357 1836 1424 1867 Hic
1438 1840 1494 1872 est,
1517 1841 1573 1866 aut
1589 1846 1750 1876 nusquam

977 1885 1064 1916 cett„
1091 1879 1178 1919 atqui
1204 1888 1252 1916 ea,
1282 1888 1356 1919 quae
1380 1877 1553 1919 quaerimus
1573 1883 1606 1909 et
1626 1878 1758 1929 assequi*

977 1922 1151 1958 studemus,
1177 1921 1272 1953 unice
1294 1922 1355 1952 hoc
1376 1921 1444 1961 ipso
1458 1920 1588 1952 viriliter
1607 1921 1750 1953 tentandi

978 1966 1085 1996 omnia
1100 1965 1216 2002 studio,
1231 1971 1288 1996 aut
1302 1975 1470 2007 nusquam,
1492 1964 1694 2004 reperiuntur
1714 1971 1749 1997 et

974 2009 1199 2048 impetrantur.
1231 2008 1312 2050 (hic)
1337 2008 1419 2039 alius
1439 2008 1485 2039 rei
1499 2009 1635 2050 alicujus
1648 2009 1747 2046 susd-

974 2052 1098 2092 piendae
1113 2052 1290 2084 molestiam
1307 2051 1437 2102 refugit,
1459 2058 1611 2093 uuquam
1625 2052 1655 2083 ei
1676 2062 1749 2092 per-

973 2096 1113 2127 ferendae
1129 2097 1253 2137 exiguae
1267 2095 1366 2126 animi
1380 2094 1580 2136 corporisque
1594 2095 1674 2126 vires
1685 2095 1749 2126 im-

974 2150 1065 2179 pares
1079 2140 1152 2177 sint,
1169 2139 1249 2181 (hic)
1264 2139 1347 2170 alius
1361 2149 1429 2170 rem
1450 2145 1576 2170 strenue
1598 2137 1746 2180 aggredi-

976 2190 1029 2214 tur
1043 2189 1076 2214 et
1091 2182 1222 2225 peragit.
1239 2200 1284 2208 —
1300 2182 1366 2213 His
1387 2183 1535 2213 omnibus
1549 2188 1655 2213 nutem
1673 2181 1747 2213 Ho-

976 2227 1075 2258 ratius
1092 2227 1208 2258 Scaevae
1222 2225 1424 2257 commendat
1437 2235 1578 2275 gnavum
1592 2223 1744 2263 studium,

976 2280 1041 2311 quo
1054 2270 1268 2310 potentiorum
1283 2268 1462 2311 colligenda
1476 2268 1517 2300 sit
1530 2268 1640 2312 grstia.

1019 2325 1049 2345 v.
1075 2312 1128 2344 42.
1153 2320 1244 2351 recte,
1270 2315 1356 2344 bono
1379 2322 1453 2343 cum
1479 2322 1635 2349 succaesu,
1661 2318 1747 2343 recta

977 2357 1036 2388 via.
1127 2359 1281 2407 experiens
1294 2357 1352 2394 vir,
1367 2355 1423 2397 qui
1437 2355 1518 2386 vires
1532 2365 1607 2387 suas
1620 2355 1745 2395 pericli-

977 2400 1074 2433 tando
1088 2401 1197 2431 omnia
1211 2405 1320 2431 tentat.

1019 2455 1048 2475 v.
1074 2442 1128 2475 43.
1155 2446 1268 2476 Coram
1294 2454 1347 2484 reg
1347 2454 1373 2479 e,
1399 2441 1576 2482 potentiore
1598 2448 1742 2482 patrono.

979 2487 1134 2518 Horatius
1147 2497 1243 2527 supra
1265 2455 1369 2526 Epigst.
1388 2485 1418 2516 I.
1437 2484 1468 2516 7.
1486 2484 1540 2516 37.
1558 2485 1600 2517 de
1622 2486 1746 2518 Maeoe-

975 2538 1066 2562 nate:
1086 2542 1198 2571 resque
1208 2537 1362 2571 paterque
1376 2530 1507 2560 Audisti
1521 2540 1639 2561 coram.

1019 2583 1046 2604 v.
1065 2572 1118 2605 45.
1135 2575 1249 2614 rapias,
1265 2572 1355 2604 avide
1368 2582 1483 2603 manus
1496 2571 1612 2603 donis'
1603 2572 1742 2615 injicias·

974 2635 1019 2643 -
1032 2619 1122 2660 atqui
1135 2629 1197 2649 rer.
1216 2628 1285 2657 cap.
1303 2618 1333 2647 h.
1351 2627 1394 2648 er.
1420 2622 1451 2647 et
1461 2617 1553 2659 sons,
1569 2617 1657 2657 atqui
1670 2616 1753 2648 ante*

975 2661 1082 2692 omnia
1096 2662 1136 2692 ab
1149 2671 1234 2701 eo‚q
1235 2660 1269 2691 ui
1283 2658 1404 2700 aliquid
1417 2666 1501 2690 recte
1515 2660 1602 2700 petit,
1618 2660 1751 2710 ostendi¹

975 2704 1068 2735 debet
1081 2703 1184 2744 pudor
1197 2710 1229 2734 et
1213 2671 1404 2734 qmodoetia.
1455 2703 1563 2745 Vulgo
1583 2704 1670 2735 enim
1684 2704 1742 2735 1ιο-

971 2749 1074 2779 mines
1087 2757 1215 2788 precum
1231 2752 1263 2777 et
1276 2746 1487 2787 querelarum,
1498 2757 1576 2788 quas
1587 2747 1740 2785 fundunt,

972 2791 1118 2822 formulis
1145 2790 1322 2821 molestiam
1350 2789 1398 2826 iis,
1429 2800 1449 2820 a
1476 2790 1592 2831 quibus
1615 2797 1740 2831 petunt,

970 2841 1087 2866 creant.
1122 2833 1293 2875 Ejusmodi
1306 2832 1454 2871 formula,
1471 2834 1597 2876 egregie
1609 2836 1650 2866 ab
1666 2834 1749 2867 Ho-

970 2879 1050 2909 ratio
1064 2877 1105 2909 ad
1118 2877 1280 2919 vulgarem
1303 2877 1499 2916 precantium
1516 2888 1637 2910 morem
1651 2887 1749 2910 com-.

970 2922 1081 2962 posita,
1097 2921 1202 2954 statim
1216 2920 1367 2962 sequitur.
