1904 3250
795 262 797 267 Α
823 223 1123 267 HORATII
1556 230 1663 278 [Lm.
1688 241 1757 268 ιιι.

701 431 736 471 o
755 430 795 471 A
815 430 854 470 R
874 429 925 470 M
941 429 979 493 Ε
996 429 1038 470 Ν
1089 429 1231 472 v111.

758 581 828 612 AD
851 581 1193 613 MAECENATEM.

310 714 511 755 MAnTns
532 712 683 754 caelebs
705 712 807 769 quid
828 727 949 770 agam
974 712 1186 763 Calendis,

306 783 422 833 Quid
443 782 571 823 velint
589 782 727 832 flores,
750 791 790 824 et
812 797 955 824 acerra
974 784 1079 824 turis

308 856 449 906 Plena,
473 856 648 906 miraris,
671 856 914 912 positusque
936 856 1064 897 carbo

712 928 881 984 Cespite
890 940 893 943 ·
901 929 1009 979 vivo,

247 1006 272 1042 5
306 1001 442 1043 Docte
465 1016 676 1043 sermones
698 1000 916 1058 utriusque
936 1000 1106 1058 linguae.

305 1075 516 1116 Voveram
539 1074 682 1116 dulces
704 1074 848 1130 epulas
870 1082 917 1115 et‘
931 1074 1072 1116 album

305 1144 462 1186 Libero
484 1160 670 1200 caprum,
693 1159 827 1200 prope
847 1143 1064 1185 funeratus

712 1215 889 1256 Arboris
910 1215 1007 1256 ictu.

185 1360 259 1391 lent.
310 1359 371 1391 Sed
401 1359 475 1391 audi
504 1362 650 1393 causam!
698 1361 774 1392 Hoc
802 1360 870 1401 ipso
898 1360 949 1392 die

186 1414 247 1444 ego
261 1403 336 1434 olim
350 1403 384 1434 in
401 1403 473 1434 villa
487 1414 558 1434 inea
579 1405 696 1435 arboris
710 1405 774 1436 ictu
790 1415 880 1444 paene
895 1415 946 1435 ex-

185 1448 303 1478 tinctus
330 1447 387 1478 fui.
448 1448 487 1478 In
517 1448 700 1478 memoriam
729 1448 827 1490 igitur
854 1445 949 1489 hujus

185 1490 257 1529 diei,
287 1501 351 1532 quo
372 1491 523 1532 singulari
549 1492 680 1522 deorum
709 1502 785 1522 cura
813 1499 951 1522 servatus

185 1545 266 1571 sum,
294 1535 462 1575 quotannis
487 1545 546 1575 ego
573 1546 611 1565 ex
639 1542 710 1566 voto
736 1542 879 1574 suscepto
901 1546 947 1566 sa-

185 1588 270 1608 cram
292 1578 426 1608 hostiam
448 1579 573 1609 Baccho
587 1585 733 1617 mactare,
748 1579 857 1609 suaves
872 1589 948 1619 epu-

183 1621 230 1652 las
258 1632 416 1661 apparare,
446 1629 478 1652 et
506 1622 662 1653 interioris
691 1628 775 1653 notae
799 1623 873 1652 vino
895 1622 948 1653 de-

185 1672 310 1704 promto
339 1665 465 1696 liberius
494 1665 611 1696 laetitiae
650 1666 816 1706 indulgere
852 1666 946 1697 soleo.

125 1741 127 1744 .
184 1708 298 1749 Itaque
328 1710 407 1744 veni,
439 1715 470 1740 et
490 1708 525 1739 in
548 1710 619 1740 laeta
646 1709 885 1749 compotatione,
909 1709 949 1740 ad

182 1752 288 1783 lucem
309 1763 409 1794 usque
434 1753 595 1792 producta,
621 1753 738 1783 multos
766 1754 893 1793 cyathos
915 1754 948 1783 in

183 1795 316 1826 salutem
337 1796 448 1827 servati
465 1797 558 1827 amici
572 1796 654 1827 bibe.
706 1797 870 1827 Graviores
891 1807 948 1827 au·

184 1846 248 1870 tem
262 1839 302 1870 de
318 1841 410 1870 rebus
429 1839 572 1870 civilibus
594 1850 685 1870 curas
707 1850 832 1879 sepone,
855 1839 951 1880 idque

184 1893 222 1914 eo
252 1884 362 1924 magis,
393 1894 466 1914 cum
496 1883 623 1914 domitis
650 1884 785 1914 externis
809 1884 950 1914 hostibus

183 1926 263 1956 nibil
285 1927 420 1966 amplius
441 1929 481 1958 ab
503 1927 541 1957 iis
566 1927 746 1967 reipublicae
772 1927 949 1958 timendum

183 1970 242 2008 sit3
280 1970 346 2001 imo
374 1970 500 2011 abjectis
528 1971 612 2002 curis
650 1971 798 2001 omnibus
826 1971 946 2008 laetum,

183 2024 277 2054 quem
300 2024 365 2044 sors
385 2015 441 2045 tibi
464 2014 564 2052 offert,
587 2014 672 2045 diem
695 2025 797 2054 carpe.
845 2014 948 2055 Equi.

183 2058 256 2088 dem
271 2058 331 2088 hoc
344 2068 470 2088 carmen
485 2069 522 2088 eo
538 2065 661 2089 tantum
684 2057 814 2089 'consilio
827 2069 846 2089 a
864 2058 948 2089 Nos-

181 2107 230 2132 tro
243 2101 395 2140 scriptum
410 2108 442 2132 et
455 2102 587 2132 missum
601 2101 642 2132 ad
658 2102 867 2132 Maecenatem
883 2112 949 2132 esse

184 2151 272 2185 puto,
289 2151 326 2176 ut
340 2156 413 2175 eum
428 2156 492 2176 non
507 2145 630 2186 vulgari
645 2146 749 2182 modo,
773 2146 827 2175 sed
849 2146 948 2175 hono-

184 2188 355 2220 rificentius
377 2195 409 2219 et
435 2188 616 2230 insignitius
640 2189 681 2219 ad
703 2200 735 2219 se
750 2195 882 2225 vocaret,
899 2188 949 2221 ,vel

184 2240 221 2264 ut
242 2232 373 2267 luderet,
397 2233 444 2262 uti
466 2239 577 2272 poetae,
602 2233 706 2263 oblata
729 2233 881 2274 ejusmodi
903 2232 949 2262 rei

184 2276 424 2316 opportunitate,
455 2276 564 2307 ludere
586 2276 696 2307 solent.
762 2276 824 2307 Sed
852 2276 947 2317 longe

186 2320 275 2351 aliter
289 2318 328 2350 de
343 2330 381 2350 eo
395 2325 538 2350 statuunt
554 2320 754 2359 Interpretes.
796 2320 863 2350 Eos
877 2320 947 2360 qui-

182 2363 268 2401 dem,
291 2363 347 2404 qui
364 2363 536 2394 Horatium
551 2364 610 2394 hoc
624 2373 750 2394 carmen
766 2363 946 2400 Maecenati,

181 2407 268 2438 illius
281 2406 412 2438 domum
426 2406 555 2436 intranti
571 2413 603 2437 et
616 2407 750 2447 convivii
763 2413 947 2446 apparatum

184 2450 332 2490 stupenti,
353 2449 532 2482 decantasse
553 2457 729 2486 autumant,
740 2450 809 2491 jam
829 2450 946 2480 refuta-

183 2496 229 2526 vit
245 2493 294 2526 cl,
308 2495 563 2526 Mitsclzerlicliius
574 2510 586 2530 ,·
610 2494 700 2534 cujus
717 2499 834 2529 tamen,
849 2503 946 2533 quam

184 2539 251 2578 ipse
272 2535 312 2568 de
326 2537 386 2568 hoc
400 2537 537 2568 carmine
558 2537 658 2574 affert,
675 2547 738 2567 non
754 2536 854 2578 magis
868 2536 946 2566 mihi

183 2583 333 2622 probatur
345 2579 506 2612 sententia.
549 2580 647 2611 Putat
661 2590 775 2619 nempe
788 2579 852 2616 ille,
871 2579 943 2610 Ho-

181 2626 296 2656 ratium
318 2623 359 2655 ad
382 2625 442 2656 hoc
457 2633 583 2655 carmen
604 2624 803 2654 scribendum
829 2622 943 2662 impul

184 2680 257 2700 sum
272 2679 339 2699 esse
359 2678 408 2705 eo,
429 2667 514 2709 quod
538 2677 558 2698 a
585 2667 772 2704 Maecenate,
797 2676 838 2696 ne
863 2666 944 2696 cele-

182 2712 309 2744 brandis
347 2710 494 2743 Calendis
523 2710 649 2742 Martiis
676 2721 709 2740 se
738 2709 943 2740 deridendum

183 2757 371 2796 propinaret,
386 2754 533 2791 mominis,
549 2759 581 2784 et
593 2753 633 2784 de
647 2753 761 2791 causis,
778 2763 815 2783 ex
830 2753 944 2793 quibus

181 2799 245 2829 illae
259 2799 406 2830 celebrari
427 2797 556 2836 solent,
578 2807 695 2846 magno
717 2796 866 2827 doctrinae
888 2807 942 2836 ap-

183 2851 293 2882 paratu
319 2844 430 2885 (quem
454 2851 537 2872 vers.
545 2840 683 2882 quintus
704 2840 829 2878 innuat)
850 2839 941 2869 edoc-

183 2893 235 2916 tus
249 2886 366 2924 fuerit;
392 2885 565 2916 Horatium
576 2884 674 2926 igitur
688 2884 716 2914 ei
732 2884 790 2914 hoc
805 2883 942 2913 carmine

181 2930 377 2968 respondere,
415 2937 447 2961 et
483 2938 596 2965 veram,
625 2937 663 2958 ex
692 2937 756 2968 qua
794 2926 942 2958 Calendae

186 2972 310 3003 Martiae
334 2973 392 3004 sibi
413 2983 507 3004 sacrae
531 2971 603 3009 sint,
626 2981 751 3002 causam
774 2980 937 3009 exponere.

184 3016 331 3046 Ceterum
347 3018 404 3047 hoc
420 3027 543 3048 carmen
559 3016 600 3047 U.
618 3015 654 3047 C.
666 3014 939 3046 Dccxxxlv.

992 1361 1142 1402 scriptum
1155 1371 1231 1398 esse,
1255 1371 1274 1393 e
1289 1372 1338 1394 vv.
1356 1361 1395 1394 17
1408 1373 1492 1405 seqq.
1513 1362 1620 1406 colligi
1641 1371 1750 1404 potest.

1006 1438 1008 1441 v
1035 1404 1177 1436 v.1—8.
1203 1407 1302 1437 Mart.
1329 1408 1588 1439 Cat—Martiae
1611 1411 1754 1441 Calendae

992 1459 1086 1479 sacrae
1110 1455 1198 1480 erant
1219 1449 1440 1491 conjugiorum
1461 1451 1596 1490 prasidi,
1619 1451 1752 1490 Junoni,

993 1502 1088 1532 quam
1103 1493 1154 1532 pie
1168 1493 1228 1523 hoc
1242 1493 1294 1524 die
1307 1501 1459 1525 matronae
1473 1494 1623 1532 venerari,
1645 1503 1677 1526 ct
1697 1506 1754 1536 pro

993 1535 1133 1576 conjugii
1154 1536 1301 1567 felicitate
1326 1547 1412 1568 sacra
1435 1537 1465 1568 ei
1488 1538 1649 1569 instituere
1674 1539 1753 1570 sole-

993 1580 1077 1615 bant,
1101 1579 1186 1610 unde
1207 1579 1259 1610 hic
1279 1579 1346 1610 dies
1365 1581 1426 1612 sub
1446 1582 1675 1614 Matr-analium
1695 1592 1754 1613 no-

993 1622 1078 1652 mine
1108 1622 1329 1654 celebrabatur.
1393 1615 1500 1655 Locus
1532 1625 1679 1656 classicus
1713 1626 1754 1657 de

991 1667 1224 1698 Matr-omatibus
1253 1673 1302 1698 est
1335 1678 1375 1707 ap
1375 1667 1421 1698 ud
1446 1667 1540 1699 Ovid.
1569 1668 1652 1700 Fast.
1680 1669 1752 1700 ΠΙ.

988 1707 1058 1739 1-70
1083 1719 1166 1751 seqq.
1190 1710 1231 1740 cf.
1260 1710 1533 1742 Tibull.111.l.
1562 1710 1603 1742 l.
1679 1714 1754 1754 quid

991 1764 1084 1793 agam
1099 1754 1210 1788 caekbs,
1228 1753 1306 1794 quid
1319 1753 1398 1784 mihi
1419 1754 1560 1797 conjugii
1580 1756 1698 1796 experti
1719 1756 1755 1787 in

991 1803 1131 1827 mentem
1173 1797 1300 1834 venerit,
1337 1797 1422 1828 diem
1453 1797 1570 1829 samm
1600 1809 1637 1830 ce

993 1839 1083 1877 velle,
1113 1850 1207 1880 quem
1237 1850 1301 1871 non
1330 1840 1392 1871 nisi
1422 1841 1562 1883 conjugii
1597 1848 1756 1874 consortes

992 1883 1147 1914 celebrare
1160 1883 1272 1914 solent.
1366 1886 1450 1920 Quia
1463 1887 1556 1917 velint
1562 1887 1664 1929 flores
1678 1890 1751 1919 cett.

991 1937 1040 1957 res
1054 1926 1204 1968 singulas,
1219 1927 1335 1968 quibus
1348 1937 1435 1959 sacra
1451 1928 1604 1961 solemnia
1623 1939 1754 1970 appam-

991 1971 1116 2008 bantur,
1130 1971 1346 2002 enumerando
1358 1971 1523 2014 vulgarem
1543 1974 1748 2030 seutentiam.

993 2017 1015 2034 “
1029 2023 1086 2044 cur
1099 2024 1160 2055 ego
1173 2020 1237 2045 tam
1252 2024 1381 2055 operose
1393 2025 1481 2046 sacra
1497 2016 1642 2056 parexn,”
1663 2027 1753 2059 egre-

991 2057 1043 2098 gie
1071 2064 1223 2095 exornat;
1415 2058 1570 2096 ,florum
1597 2060 1632 2091 in
1660 2060 1754 2092 meris

991 2111 1068 2131 usus
1092 2100 1294 2139 notissimus3
1317 2103 1351 2132 in
1349 2069 1606 2135 liner-molibus
1625 2113 1752 2146 quoqne

991 2150 1144 2175 matronae
1157 2144 1248 2177 flores
1261 2145 1284 2176 J
1286 2155 1384 2176 unom
1397 2145 1499 2183 ferre,
1505 2146 1534 2188 ej
1618 2157 1637 2178 e
1650 2153 1752 2188 caput

991 2187 1119 2219 floribus
1139 2188 1265 2243 cingere
1285 2188 1471 2228 ἀοδοδιιιιις-
1493 2189 1588 2221 ovid.
1615 2189 1700 2221 Fast.
1725 2191 1748 2222 l.'

992 2230 1107 2262 1.253.
1151 2243 1155 2247 ·
1183 2241 1318 2269 acerra,
1333 2231 1475 2270 arculas
1464 2242 1498 2262 in
1519 2242 1582 2273 qua
1590 2239 1656 2264 tus
1675 2234 1751 2266 ndo-

990 2274 1121 2305 lendum
1135 2274 1361 2313 condebatur;
1432 2277 1542 2317 cespite
1555 2277 1630 2314 vivo,
1645 2276 1682 2308 ἰιι
1697 2288 1752 2310 ara

990 2318 1162 2367 graminea,
1177 2317 1278 2359 qualis
1291 2328 1348 2357 pro
1361 2318 1463 2349 foco·
1453 2329 1561 2360 ignem
1581 2320 1751 2361 recipiente

991 2372 1011 2392 a
1034 2360 1160 2401 privatis
1180 2362 1298 2392 exstrui
1319 2361 1447 2393 solebat.
1535 2355 1636 2396 Docte
1655 2375 1754 2397 serm.-

990 2406 1153 2446 utrt’usque
1167 2406 1267 2445 lingu-
1280 2404 1454 2435 litterarum
1475 2411 1540 2437 tam
1566 2407 1767 2440 Graeoemms

990 2458 1085 2490 quam
1100 2447 1287 2478 Latinarum
1307 2449 1487 2489 cognitione
1510 2450 1670 2488 insti-nete,
1689 2463 1752 2492 pro

989 2491 1128 2532 vulgari:
1157 2490 1216 2521 Vir
1231 2491 1472 2530 Eruditissime;
1495 2493 1574 2525 nihil
1593 2495 1748 2535 amplius;

990 2534 1171 2574 simpliciter
1209 2534 1417 2565 Maecenatem
1453 2538 1578 2571 doctum
1613 2539 1750 2579 appellat

987 2578 1059 2608 infr.
1079 2577 1182 2618 Epist.
1197 2578 1225 2608 I.
1245 2577 1294 2608 19.
1317 2577 1343 2609 l.
1359 2579 1502 2619 placendi
1518 2590 1632 2622 nempe
1645 2582 1748 2615 studio

987 2621 1101 2661 saepius
1124 2621 1239 2652 Noster
1259 2622 1408 2653 doctrinae
1430 2622 1555 2654 laudem
1579 2625 1749 2658 Maecenati

987 2665 1143 2703 vindicat;
1165 2665 1206 2695 cf.
1224 2675 1309 2705 supr.
1330 2665 1521 2698 11.12.-.10
1595 2680 1748 2702 sermones

989 2710 1120 2758 (λόγους,
1136 2708 1254 2749 μύθους)
1270 2710 1394 2748 scripta,
1409 2708 1536 2741 litteras.
1626 2714 1747 2751 Libero,'

989 2751 1082 2782 vitam
1100 2761 1118 2782 e
1131 2758 1281 2791 praesente
1296 2754 1388 2783 morti
1390 2765 1405 2783 s
1425 2753 1564 2794 periculo
1585 2759 1746 2795 servatam,

987 2804 1081 2834 quam
1100 2805 1159 2835 sup
1160 2805 1184 2825 r.
1213 2795 1284 2826 111.
1310 2794 1341 2826 4.
1366 2795 1420 2828 27.
1445 2799 1615 2830 Musarum
1637 2807 1670 2831 et
1691 2800 1743 2832 11.

989 2837 1038 2869 17.
1064 2836 1117 2868 28.
1143 2841 1253 2870 Fauni
1273 2839 1382 2870 tutelae
1401 2841 1561 2879 trihuerat,
1584 2853 1681 2875 nunc·
1691 2843 1747 2874 tri-

986 2881 1054 2912 buit
1085 2882 1222 2919 Baccho,
1252 2882 1311 2922 ipsi
1340 2894 1463 2925 quoque
1492 2891 1556 2916 tam
1582 2894 1744 2926 poetarum

985 2932 1126 2964 patrono,
1142 2926 1182 2956 cf.
1203 2927 1231 2957 I.
1253 2925 1279 2956 l.
1294 2926 1345 2957 29.
1360 2938 1466 2969 quam
1488 2931 1602 2971 agresti
1616 2936 1656 2961 et
1675 2931 1748 2961 hor

985 2975 1089 3000 torum
1105 2979 1334 3020 pomorumque
1348 2970 1427 3010 deo;
1451 2972 1512 3003 vid.
1529 2983 1623 3014 quem
1637 2973 1745 3005 laudat

981 3013 1036 3087 lCl.
1055 3016 1177 3046 Mitsclz.
1196 3014 1229 3045 in
1248 3015 1340 3046 Anal.
1368 3014 1408 3046 ad
1442 3016 1554 3048 Horat.
1581 3017 1684 3048 Carm-
1710 3027 1741 3057 p
