1904 3250
226 157 299 196 128

334 281 477 323 Solvat
495 282 711 337 phaselon.

843 158 1146 203 HORATII

1575 167 1684 215 [un.
1707 178 1775 207 111.

775 284 897 338 Saepe
917 283 1135 340 Diespiter

244 356 300 394 30
335 353 561 412 Neglectus
582 356 738 396 incesto
758 355 920 397 addidit
938 356 1173 414 integrum:

451 423 566 465 Raro
586 424 899 465 antecedentem
920 424 1141 467 scelestum

562 494 761 536 Deseruit
780 494 889 550 pede
911 494 1045 537 Poena
1065 495 1230 538 claudo.

802 708 1071 751 CARMEN
1102 710 1187 752 ΙΙΙ.

328 851 355 891 J
359 858 496 891 ustum
517 865 564 891 ac
585 857 773 891 tenacem
792 850 997 906 propositi
1017 851 1153 892 virum

332 920 430 961 Non
452 921 603 962 civium
624 920 750 961 ardor
769 935 899 978 praya
912 921 1164 976 jubentium,

447 993 545 1035 Non
566 993 702 1034 voltus
723 994 914 1034 instantis
934 995 1101 1051 tyranni

563 1065 712 1107 Mente
733 1066 866 1122 quatit
885 1066 1032 1117 solida,
1053 1081 1191 1124 neque
1212 1067 1382 1119 Auster,

211 1189 396 1221 humoribus
423 1189 641 1231 squallentem.
671 1190 720 1220 vel
753 1190 824 1221 udis
853 1190 976 1222 nebulis

211 1234 379 1265 obductam
387 1246 398 1272 ;
421 1233 495 1264 binc
517 1233 602 1274 apud
628 1233 699 1263 Val.
732 1234 835 1265 Flacc.
862 1234 891 1265 Ι.
922 1233 971 1265 10.

210 1279 311 1319 Eripe
325 1289 375 1310 me
383 1279 506 1318 populis
520 1284 548 1308 et
563 1279 685 1308 habenti
698 1279 805 1309 nubila
820 1284 918 1309 tem-er.
933 1296 977 1302 —

207 1323 358 1363 fugiente
376 1333 493 1362 penna,
518 1320 596 1352 dum
618 1321 711 1352 celeri
732 1321 838 1352 volatu
859 1321 899 1352 ad
914 1332 975 1352 cae·

211 1365 279 1395 lum
294 1364 405 1395 tendit.

253 1419 281 1438 v.
301 1407 441 1439 25-32.
469 1408 581 1439 Pueris
605 1407 740 1449 denique
769 1408 882 1439 nostris
909 1415 975 1439 tam

209 1451 284 1483 fidei
311 1453 450 1492 praemia,
480 1462 576 1492 quam
604 1462 697 1492 poena
726 1451 864 1492 perfidiae
900 1459 972 1482 ante

208 1495 317 1526 oeulos
341 1495 417 1535 poni
445 1494 570 1526 debent.
660 1497 720 1527 Est
749 1501 819 1526 tuta
848 1507 972 1532 merces,

207 1538 414 1570 constitutum
437 1546 484 1570 est
511 1544 631 1569 certum
652 1538 829 1589 praemium,
853 1540 900 1580 (μι
903 1540 958 1570 598
946 1553 972 1573 ος

208 1583 363 1624 itonam)
375 1585 469 1627 fideli
489 1584 619 1619 silentio,
641 1583 670 1613 ei
691 1581 776 1620 fidei,
796 1592 890 1624 quam
905 1583 975 1623 quis

207 1626 242 1656 in
271 1627 364 1657 rebus
394 1626 514 1657 arcanis
541 1626 707 1657 reticendis
727 1627 846 1665 probat.
910 1626 974 1657 Re.

207 1670 308 1710 spexit
321 1670 452 1701 fortasse
466 1675 557 1710 poeta
570 1669 722 1709 singulari
735 1670 831 1711 hujus
850 1669 973 1700 virtutis

207 1714 504 1745 commemoratione
545 1710 709 1753 perfidiam
752 1713 900 1754 aliquam,
938 1723 972 1744 re

206 1756 343 1807 quadam
371 1757 521 1798 gravioris
548 1756 701 1788 momenti
731 1757 876 1798 evulgata
901 1762 971 1787 tum

1019 1193 1131 1232 integr.
1178 1191 1305 1232 Jupiter
1326 1191 1410 1223 enim
1432 1192 1592 1234 neglectus,
1615 1192 1649 1222 h.
1673 1202 1699 1222 e.
1726 1192 1782 1222 ho-

1019 1234 1144 1265 minum
1166 1235 1325 1274 impietate
1353 1235 1456 1271 laesus.
1478 1245 1563 1275 saepe
1582 1235 1782 1266 innocentem

1019 1280 1148 1310 scelesto
1168 1278 1292 1318 addere,
1314 1280 1346 1310 h.
1365 1290 1395 1310 e.
1418 1279 1629 1316 innocentem,
1644 1278 1671 1309 si
1684 1278 1719 1309 in
1731 1288 1781 1309 so-

1018 1321 1128 1353 cietate
1142 1322 1262 1353 scelesti
1277 1329 1332 1358 est,
1348 1333 1414 1353 una
1427 1322 1501 1352 cum
1516 1332 1555 1353 eo
1568 1321 1680 1362 punire
1693 1321 1781 1353 solet.

1019 1365 1130 1397 Valuit
1144 1367 1211 1397 haec
1226 1366 1266 1397 de
1279 1366 1380 1406 poenis
1393 1366 1506 1396 divinis
1514 1366 1581 1407 jam
1595 1365 1681 1405 apud
1700 1365 1782 1397 ami-

1017 1408 1183 1449 quissimos
1202 1410 1337 1450 populos
1357 1409 1476 1449 opinio,
1491 1408 1563 1440 ideo
1577 1409 1729 1449 inprimis,
1744 1414 1781 1440 ut

1014 1453 1157 1482 homines
1166 1454 1206 1484 ob
1219 1453 1408 1488 detestabile,
1419 1452 1506 1494 quod
1516 1451 1636 1484 scelesti
1649 1452 1735 1493 apud
1745 1463 1779 1483 a-

1015 1495 1075 1526 lios
1083 1496 1141 1526 sibi
1153 1497 1351 1532 contrahunt,
1361 1495 1470 1527 odium
1481 1506 1501 1526 a
1514 1495 1684 1527 sceleribus
1692 1502 1781 1527 com-

1015 1539 1179 1570 mittendis
1200 1539 1440 1576 deterrerentur,
1470 1546 1658 1581 propagata3
1690 1538 1780 1570 locus

1018 1581 1165 1614 classicus
1179 1583 1219 1614 de
1233 1583 1395 1614 communi
1408 1582 1465 1614 illa
1477 1590 1619 1614 veterum
1634 1582 1783 1623 opinione

1017 1632 1063 1657 est
1068 1627 1176 1711 qapud
1203 1626 1350 1666 Euripid.
1385 1627 1470 1666 Sept.
1502 1637 1530 1657 c.
1564 1627 1690 1658 Thebas
1716 1625 1783 1657 606

1197 1672 1362 1711 Βίεφίισν,
1392 1669 1528 1710 Jupiter,
1558 1670 1599 1701 cf.
1633 1679 1717 1710 supr.
1753 1669 1781 1701 1.

1014 1680 1068 1744 34.
1068 1680 1116 1744 (15.
1209 1717 1294 1746 Raro
1323 1720 1424 1746 antec.
1450 1715 1519 1746 scel.
1544 1716 1606 1746 des.
1626 1724 1662 1754 p.
1688 1715 1776 1745 Poen.

1014 1759 1051 1789 cl.
1071 1756 1246 1799 Vulgarem
1267 1757 1470 1788 sementim.
1497 1756 1678 1795 “scelestns
1696 1756 1783 1788 enim

205 1800 357 1840 temporis
377 1800 585 1831 commissam.
590 1800 770 1831 —Amicus
783 1810 873 1831 meus
887 1803 973 1832 Boet-
1010 1801 1129 1841 justam
1144 1811 1268 1841 poenam
1282 1801 1424 1842 effugere
1435 1810 1501 1832 non
1514 1799 1647 1840 potest'¹
1661 1799 1783 1832 suavis·

205 1845 321 1882 tigerus
344 1850 502 1884 comparat
527 1845 645 1875 Gnom.
670 1843 744 1875 edit.
775 1844 915 1875 Brunck.
939 1855 969 1884 p.

207 1885 283 1918 241.
307 1902 338 1919 ov
323 1886 380 1919 ὒῖὶν
369 1889 503 1922 νσιωπῖἰς
527 1889 588 1919 ies-i
610 1901 826 1937 xenones-ungor
925 1899 974 1919 ve-

206 1933 282 1966 tabo,
300 1933 354 1972 qui
380 1933 495 1963 Cereris
511 1937 582 1962 cett.
595 1932 710 1963 cavebo
724 1930 813 1967 mihi,
829 1941 870 1961 ne
883 1930 975 1970 perfi-

207 1977 268 2005 dus
281 1974 356 2005 vel
346 1974 453 2014 lmpiae
466 1974 557 2005 istius
570 1975 605 2005 in
619 1976 713 2006 rebus
732 1974 853 2005 arcanis
874 1984 975 2005 enun—

204 2018 321 2049 tiandis
342 2018 477 2049 levitatis
501 2019 608 2056 homo,
631 2018 767 2058 exempli
789 2028 894 2056 causa,
918 2018 974 2059 qui

211 2061 333 2094 Cereris
354 2062 501 2102 mysteria
522 2061 686 2104 evulgarit,
701 2072 766 2092 una
779 2071 907 2092 mecum
928 2060 977 2092 vel

206 2105 334 2141 habitet,
360 2105 411 2135 vel
436 2105 584 2146 naviget;
610 2106 646 2136 b.
670 2116 697 2136 e.
726 2105 761 2135 in
788 2105 899 2145 perfidi
927 2104 978 2136 vel

205 2149 322 2190 perjuri
337 2149 473 2179 hominis
487 2150 632 2180 societate
646 2149 791 2190 equidem
806 2159 872 2179 esse
887 2148 970 2179 nolo.

205 2199 250 2219 ι’-
262 2194 380 2225 Cereris
394 2204 521 2224 arcanae
534 2204 673 2229 sacrum,
687 2203 774 2223 sacra
790 2191 954 2223 Eleusinia
960 2204 971 2230 ;

205 2235 240 2267 in
260 2236 375 2276 quibus
396 2246 471 2267 cum
493 2247 618 2267 summa
642 2236 794 2278 religione
815 2235 972 2267 reticenda

205 2286 309 2311 essent
323 2289 444 2317 arcana,
461 2280 622 2310 hominem
637 2286 754 2310 temere
775 2289 825 2310 res
846 2289 972 2310 arcanas

206 2323 402 2355 effutientem
431 2330 590 2363 comparat
611 2330 703 2362 poeta
725 2333 799 2353 cum
820 2323 880 2353 isto
905 2333 973 2353 sce-

205 2366 295 2404 lesto,
309 2366 365 2408 qui
387 2366 505 2408 aliquid
528 2377 566 2396 ex
588 2366 651 2397 illis
671 2367 765 2397 sacris
787 2365 969 2408 vulgaverit.

205 2411 306 2443 —sub
318 2409 418 2442 isdem
441 2411 588 2448 trabibus,
613 2425 688 2454 optato
691 2412 734 2452 ὄιφ
736 2425 774 2447 α,ς
799 2424 885 2451 opaco
885 2424 950 2451 ιοςχ

206 2454 347 2495 apposite
374 2453 409 2484 in
431 2455 513 2484 hanc
538 2464 604 2483 rem
632 2454 679 2484 Cl.
711 2456 836 2485 Mitsclz.
866 2453 975 2484 laudat

211 2497 338 2530 callim.
356 2497 403 2528 H.
422 2497 456 2527 in
475 2497 544 2528 Cer.
568 2496 638 2527 118.
666 2498 818 2539 Δάματερ,
833 2510 875 2537 μη
893 2511 971 2531 τῆνος

207 2543 267 2582 ip.
259 2540 408 2584 moine,
391 2554 420 2575 ος
435 2554 478 2571 τοι
493 2541 637 2581 αἰτεχθης
656 2541 693 2571 Εἴ
681 2555 719 2577 m,
731 2540 826 2581 μηδἰἷ
813 2555 864 2580 vop
867 2555 899 2571 ‘ro
899 2554 975 2582 ιχος.

207 2586 367 2628 —sragil-
392 2595 468 2616 mec.
493 2585 564 2615 solv.
582 2586 669 2624 phas.
687 2602 729 2607 —
740 2586 894 2625 phaselus,
919 2594 974 2614 na-

207 2628 321 2666 vicula,
351 2638 414 2670 qua
444 2627 589 2667 AEgyptii
618 2627 762 2666 inprimis
792 2629 971 2665 utebantur,

206 2672 332 2714 longior
359 2677 391 2703 et
394 2671 582 2722 angustior,
605 2681 624 2701 a
652 2673 783 2710 phaselo,
812 2671 972 2709 (schwen-

207 2718 325 2758 holme)
351 2714 442 2756 cujus
464 2714 598 2746 formam
621 2714 686 2744 fere
707 2714 878 2752 referebat3
905 2715 973 2756 jam

207 2770 265 2800 pro
293 2759 403 2800 quovis
422 2757 540 2800 navigii
561 2767 695 2799 genere,
724 2758 883 2796 epitheton
893 2760 972 2807 fra-

205 2805 276 2844 gilis
296 2802 425 2843 phaselo
444 2801 596 2842 inprimis,
613 2811 653 2832 ex
667 2806 749 2831 terra
763 2808 843 2831 tosta
857 2801 973 2841 quippe

209 2846 361 2883 confecto,
378 2847 459 2877 bene
471 2844 632 2882 convenit3
654 2844 727 2874 hinc
739 2846 974 2887 phaseliflcliles

209 2890 358 2921 dicuntur
379 2888 527 2922 Juvenali
557 2888 638 2919 XV.
666 2886 738 2918 127.
787 2888 827 2918 In
849 2895 973 2918 senten·

209 2933 284 2963 fiam
302 2934 351 2966 cl.
371 2935 495 2965 Mitsch.
513 2936 671 2972 comparat
686 2930 831 2971 Euripid.
853 2931 970 2963 Elem.

214 2975 304 3007 1334.
395 2979 481 3018 Saepe
502 2977 609 3017 Diesp.
627 2977 754 3016 neglect.
772 2977 877 3006 incest.
896 2977 967 3007 add.

1016 1844 1095 1875 sima
1120 1844 1259 1887 imagine
1282 1844 1453 1885 expressit3
1478 1844 1578 1875 Poena
1598 1853 1721 1884 nempe.
1744 1849 1783 1875 ut

1019 1888 1101 1924 Dea.
1134 1888 1306 1931 (Nemesis,
1337 1886 1428 1928 Δίκη)
1457 1887 1589 1918 tamdiu
1615 1886 1782 1918 scelestum

1017 1930 1131 1962 claudo
1160 1932 1211 1963 vel
1239 1931 1329 1963 tardo
1357 1931 1438 1971 pede
1465 1930 1614 1972 subsequi
1638 1929 1780 1972 fingitur,

1017 1984 1118 2016 usque
1132 1975 1209 2006 dum
1225 1985 1300 2006 eum
1313 1980 1455 2006 assecuta
1467 1977 1523 2006 est.
1571 1973 1783 2006 Notissimnm

1017 2025 1065 2050 est
1079 2018 1159 2050 illud
1177 2018 1298 2050 Tibulli
1314 2019 1342 2050 1.
1362 2017 1393 2049 9.
1410 2016 1443 2049 4.
1490 2021 1564 2050 Sem
1580 2024 1692 2051 tamen
1705 2018 1782 2050 taci-

1019 2064 1059 2093 tis
1075 2064 1173 2094 Poena
1187 2064 1271 2095 venit
1280 2063 1410 2103 pedibus
1416 2077 1429 2100 ,-
1450 2060 1576 2092 multa
1566 2071 1600 2092 ιιι
1613 2062 1696 2092 bunc
1709 2070 1780 2093 sen·

1019 2105 1149 2137 tentiam
1174 2106 1317 2148 exempla
1338 2115 1357 2136 e
1378 2104 1662 2145 Grecisinprimis
1681 2103 1782 2144 pomis

997 2179 999 2183 .
1015 2149 1170 2191 congessit
1186 2149 1235 2181 Cl.
1254 2150 1519 2192 Mitscherlicltius-

1244 2234 1456 2268 CARMEN
1479 2233 1550 2265 111.

1058 2323 1082 2355 J
1083 2323 1220 2354 ustitiam
1235 2329 1268 2354 et
1281 2320 1498 2355 constantiam.
1514 2331 1588 2364 qua·
1601 2320 1692 2352 nulia
1711 2331 1780 2353 om-

1015 2366 1092 2397 nino
1113 2367 1144 2397 vi
1165 2373 1197 2398 et
1218 2365 1358 2406 potentia
1378 2364 1504 2396 concuti
1526 2371 1559 2396 et
1583 2375 1604 2396 a
1621 2365 1780 2406 proposito

1014 2409 1129 2441 abduci
1150 2416 1260 2450 potest,
1283 2415 1320 2440 ut
1340 2419 1392 2439 eas
1413 2409 1550 2444 virtutes,
1577 2409 1692 2449 quibus
1711 2409 1781 2450 jam

1015 2453 1092 2484 olim
1114 2453 1245 2483 summis
1266 2453 1375 2492 priscae
1395 2451 1495 2483 atatis
1509 2452 1664 2490 heroibus,
1681 2451 1779 2483 Dios-

1014 2497 1107 2534 curis,
1124 2495 1268 2531 Herculi.
1289 2496 1416 2527 Baccho
1437 2502 1470 2526 et
1493 2494 1781 2527 Romulodivinus

1016 2539 1050 2571 in
1071 2539 1149 2571 caelo
1170 2541 1270 2571 honor
1290 2545 1399 2580 partus
1419 2539 1470 2577 sit,
1491 2538 1694 2580 popularibus
1714 2539 1780 2569 suis

1016 2583 1204 2615 exercendas
1232 2583 1442 2614 commendat.
1489 2582 1532 2614 In
1561 2591 1624 2624 qua
1651 2581 1779 2623 quidem

1014 2628 1127 2658 harum
1155 2627 1307 2657 virtutum
1339 2625 1610 2657 commendatione
1637 2624 1780 2666 quamvis

1015 2671 1112 2702 totius
1126 2669 1272 2701 carminis
1285 2680 1410 2700 summa
1429 2668 1576 2710 ponmda
1596 2676 1665 2706 est·
1687 2674 1780 2708 poeta

1014 2721 1129 2751 tamen,
1146 2721 1183 2744 ut
1196 2714 1326 2744 carmini
1342 2723 1400 2744 suo
1412 2712 1565 2754 majorem
1578 2722 1652 2745 cum
1673 2710 1780 2754 digni-

1014 2763 1110 2789 tatem
1124 2763 1193 2788 tum
1208 2756 1429 2788 sublimitatem
1443 2761 1573 2796 pararet,
1585 2754 1778 2797 digressum,

1015 2810 1110 2842 qnam
1154 2800 1286 2832 Romuli
1324 2799 1540 2841 suppeditabat
1582 2800 1775 2840 exemplum,

1016 2843 1151 2876 multol
1152 2844 1276 2886 ongius,
1302 2853 1398 2885 quam
1418 2842 1477 2883 ipsi
1497 2848 1693 2884 argumento.
1714 2842 1778 2872 im-

1016 2893 1154 2920 moratus
1166 2894 1222 2918 est.
1272 2886 1381 2928 Fingit
1401 2896 1515 2926 nempe
1535 2886 1707 2923 Junonem,
1722 2894 1777 2916 ex-

1014 2931 1100 2972 piato
1129 2930 1266 2968 tandem,
1288 2941 1352 2973 quo
1372 2930 1428 2961 illa
1454 2935 1582 2972 gentem
1609 2929 1777 2971 Troianam

1015 2975 1119 3007 adhuc
1148 2975 1275 3017 ejusque
1302 2979 1441 3015 posteros
1468 2977 1630 3014 persecuta
1664 2973 1776 3008 fuerat,
