1904 3250
173 176 253 215 xxii
779 170 1019 212 HORATII
1050 170 1255 209 METRA.

333 307 404 326 υ-
490 306 561 324 υ-
631 285 742 336 υξ-
850 302 920 322 υ-
1027 301 1098 319 υ-
1152 278 1286 320 uhi*

335 364 403 371 ——
634 354 742 369 -Ι-
1021 357 1087 364 --ι

339 410 1101 432 ·························································

336 470 448 488 υυ-
483 468 594 487 υυυ
634 470 663 477 ·-
716 466 790 484 υυ

334 524 452 542 -υυ
631 522 661 540 υ
715 520 790 538 νυ
844 517 962 536 υυυ
1016 516 1140 536 ψυ-

337 567 425 604 Suis
445 571 479 604 et
493 565 574 620 ipsa
602 565 721 602 Roma
740 561 881 600 viribus
901 560 986 599 ruit.
1045 559 1160 610 Epod
1184 558 1243 597 16.
1264 565 1301 597 2.

337 633 425 672 Heu
446 647 501 671 me
513 645 584 683 per
604 630 740 670 urbem.
760 642 845 667 nam
860 628 975 679 pudet
994 627 1088 670 tanti
1106 626 1206 664 mali.
1263 626 1390 678 Epod.
1414 631 1475 664 11.
1496 631 1532 670 7.

341 701 426 740 Tibi
448 698 636 752 hosffpitale
650 703 779 749 pectus
798 702 833 734 et
848 709 946 750 pura
966 709 1109 733 manus.
1165 694 1294 745 Epod.
1317 700 1380 738 17.
1404 698 1466 740 49.

335 764 528 818 Deripelre
546 763 670 800 lunam
692 761 837 799 vocibus
850 760 988 812 possim
1007 760 1107 798 meis.
1166 759 1292 811 Epod.
1316 765 1382 803 17.
1402 764 1466 803 78.

333 828 507 882 Itgfa'rnis
527 826 694 879 Heleffinoe
716 826 849 864 Castor
867 824 1029 877 offensus
1047 826 1174 864 vicem.
1229 823 1355 875 Epod.
1379 829 1439 867 17.
1462 827 1525 861 42.

339 897 451 948 Optat
470 895 633 949 quiefltem
654 893 752 947 Pelo}
758 894 819 946 pis
838 893 947 943 irfidi
959 898 1083 945 pater.
1139 892 1268 944 Epod.
1291 897 1351 935 17.
1373 890 1436 930 65.

333 964 505 1018 Alitilbus
522 962 643 1016 ailque
664 962 828 1016 caniflbus
846 960 1073 1014 honziflcidom
1095 960 1300 998 Hectorem.
1350 959 1478 1010 Epod.
1502 963 1563 1001 17.
1586 961 1647 994 12-

340 1028 527 1082 Vectalbor
546 1026 717 1079 hamelris
735 1032 822 1065 tnnc
838 1026 845 1079 Ι
861 1040 927 1078 ego
946 1024 1117 1078 inilmicis
1136 1038 1253 1076 eques.
1311 1024 1437 1075 Epod.
1460 1028 1521 1066 17.
1542 1028 1564 1066 7
1570 1026 1605 1060 4.

173 1097 323 1149 Saepius
344 1110 491 1136 caesura
510 1096 688 1147 neglecta
706 1103 774 1134 est.

174 1163 222 1200 In
244 1162 411 1213 Epodon
430 1175 546 1199 carm.
571 1160 630 1199 16.
652 1160 838 1199 Horatius
856 1173 936 1197 non
957 1158 1032 1198 nisi
1051 1159 1190 1197 iambis
1208 1158 1318 1210 puris
1340 1171 1431 1196 usus
1450 1164 1519 1196 est.

283 1230 356 1268 Est
374 1230 415 1266 in
433 1237 557 1267 metro
578 1229 647 1267 XI.
672 1228 781 1266 XIV.
801 1227 885 1266 XV.
903 1227 1037 1265 XVII.

740 1323 778 1360 b.
845 1323 978 1359 Versus
997 1320 1186 1376 trochaici.

203 1404 238 1437 5.
270 1397 415 1437 Versus
433 1398 650 1437 trochaicus
670 1398 833 1436 dimeter
853 1397 1072 1436 catalectus.

498 1486 569 1504 -υ
623 1464 693 1504 ’-υ
733 1485 804 1503 -υ
858 1476 890 1502 Β.

502 1528 686 1567 Truditur
703 1527 780 1565 dies
797 1527 865 1565 die.
895 1526 934 1564 ii.
960 1531 1019 1565 18.
1045 1531 1104 1565 15.

178 1597 364 1636 Horatius
377 1596 600 1647 'spondeum
619 1596 660 1633 in
678 1595 847 1634 secunda
868 1595 958 1634 sede
976 1608 1056 1633 non
1075 1594 1257 1634 admittit.

283 1664 355 1703 Est
372 1664 414 1702 in
432 1672 555 1702 metro
575 1663 733 1701 XVIII.

713 1777 744 1803 c.
811 1767 946 1803 Versus
965 1762 1212 1802 choriambici.

210 1845 248 1884 6.
277 1846 423 1883 Versus
454 1845 721 1884 Pherecratius
741 1852 787 1884 ἐ.
824 1845 1107 1884 choriambicus
1142 1849 1384 1881 monometer
1419 1841 1754 1895 hypercatalectus

291 1924 381 1949 cum
400 1911 482 1948 basi
502 1911 543 1948 in
563 1924 640 1962 qua
658 1911 764 1962 apud
784 1911 922 1950 Horat.
945 1924 1097 1962 semper
1115 1909 1312 1962 spondeus
1330 1914 1408 1948 est.

496 2003 566 2010 -...
611 2001 776 2019 Ᾰ-υυ-
842 1993 873 2011 υ

845 2013 872 2020 .-

508 2045 748 2097 Vz'sjbrmosa
768 2047 895 2085 videri.
952 2047 1004 2085 iv.
1028 2051 1090 2085 13.
1107 2051 1143 2085 3.

285 2110 385 2149 Est
374 2123 415 2147 ιη
434 2118 558 2148 metro
581 2111 649 2148 IV.

205 2180 242 2220 7.
276 2177 420 2215 Versus
448 2176 688 2228 Glyconicus
717 2190 745 2214 s.
774 2177 1056 2216 choriambicus
1084 2177 1249 2215 dimeter
1277 2175 1484 2215 catalectus
1519 2175 1561 2212 in
1596 2173 1752 2226 pyrrhi-

284 2242 415 2281 chium
435 2250 502 2279 aut
521 2242 706 2287 iambum,
727 2255 816 2280 cum
837 2243 933 2289 basi,
954 2256 1073 2294 quam
1091 2242 1198 2294 apud
1217 2243 1356 2281 Horat.
1378 2252 1530 2292 semper
1558 2238 1753 2292 spondeus

286 2317 401 2348 tenet.

501 2402 530 2409 ·-
542 2402 570 2409 -
623 2400 692 2418 -υ
711 2400 741 2418 υ
754 2403 782 2409 -·
836 2401 866 2418 υ
891 2392 923 2418 Ξ

502 2443 573 2482 Nil
591 2444 805 2482 mortalibus
821 2445 978 2483 arduum
998 2452 1062 2484 est.
1091 2446 1115 2484 i.
1137 2451 1173 2484 3.
1189 2451 1252 2490 37.

178 2511 273 2552 Bis
263 2525 303 2549 m
321 2511 403 2550 basi
423 2510 657 2562 reperiretur
675 2510 878 2555 trochaeus,
900 2511 931 2548 si
950 2511 1064 2550 lectio
1084 2508 1272 2550 servanda
1290 2517 1402 2557 esset,
1428 2510 1574 2548 Teucer
1587 2515 1621 2550 et
1638 2509 1664 2547 i.
1689 2513 1750 2548 15.

179 2582 243 2615 24.
262 2583 302 2614 et
333 2574 444 2627 Ignis
475 2574 618 2612 Iliacas
647 2574 738 2613 ibid.
767 2574 829 2612 36.
859 2574 1025 2626 Syllabae
1047 2576 1207 2624 ultimae,
1227 2590 1305 2628 qua
1323 2588 1456 2614 versus
1475 2575 1660 2620 abundat,
1683 2587 1750 2612 vo-

181 2641 302 2680 calem
321 2640 455 2679 elisam
474 2639 622 2691 reperis
641 2638 693 2676 iv.
717 2645 751 2676 1.
773 2644 836 2677 35.

290 2709 393 2749 Est
383 2723 424 2747 m
443 2715 570 2747 metro
590 2707 840 2746 11.111.1V.

182 2783 216 2816 8.
247 2777 391 2816 Versus
426 2775 704 2828 Asclepiadeus
735 2775 862 2813 minor
891 2790 919 2814 s.
948 2789 1082 2816 versus
1109 2777 1391 2817 choriambicus
1409 2776 1581 2816 trimeter
1599 2781 1749 2814 antece-

287 2842 394 2881 denti
416 2842 562 2889 similis,
582 2841 656 2881 nisi
676 2841 782 2892 quod
802 2854 880 2879 uno
899 2840 1120 2880 choriambo
1137 2842 1367 2894 locupletior
1387 2849 1455 2881 est.

612 2957 626 2975 ”
654 2954 738 2986 Nota
757 2956 769 2996 11
792 2953 897 2985 locum
912 2963 1038 2984 caesurae
1053 2953 1205 2995 designat.

848 3007 879 3035 Η
