1904 3250
169 198 258 228 sar.
279 188 360 237 v1.]

787 180 1077 225 SATIRAE.

1635 185 1715 224 421

284 310 456 365 Semper
476 309 556 350 eris
576 308 736 350 derisor
753 307 761 351 !
825 308 885 349 At
903 321 1049 349 omnes
1069 306 1114 348 di
1134 307 1348 365 exagitent
1366 322 1447 357 me,

196 384 252 423 55
283 381 328 423 Si
348 381 580 437 quicquam.
644 379 792 429 Quid?
806 379 1022 421 'militibus
1040 380 1246 436 promissa
1266 378 1494 436 Triquetra

282 453 450 495 Praedia
471 452 617 494 Caesar
637 468 690 494 an
711 461 774 494 est
796 451 903 494 Itala
922 452 1071 494 tellure
1091 452 1298 494 daturus?

278 525 497 567 Jurantem
516 540 584 566 me
605 526 710 567 scire
730 525 847 576 nihil,
875 526 1094 577 mirantur,
1115 534 1170 567 ut·
1182 539 1313 567 unum

282 596 447 640 Scilicet
466 598 624 654 egregii
644 597 862 639 mortalem
881 597 1036 654 altique
1057 595 1207 639 silenti.

282 666 478 709 Perditur
497 666 590 709 haec
609 662 718 709 inter
737 668 891 709 misero
909 666 997 717 luX,
1025 681 1110 708 non
1133 667 1221 708 sine
1240 668 1370 708 votis:

194 740 250 778 60
280 736 323 779 Ο
343 752 427 788 rus,
450 736 619 793 quando
638 751 719 794 ego
739 745 780 778 te
799 734 1059 792 adspiciam?
1088 735 1340 793 quandoque
1359 736 1513 786 licebit,

280 809 405 851 Nunc
425 816 611 850 veterum
630 808 761 859 libris,
783 823 896 850 nunc
915 822 1064 849 somno
1083 816 1127 849 et
1145 808 1348 850 inertibus
1369 808 1485 850 horis

278 881 447 923 Ducere
467 880 656 922 sollicitae
670 879 861 936 jucunda
880 879 1035 921 oblivia
1054 878 1183 921 vitae?

278 949 321 993 O
340 950 509 1007 quando
527 949 624 991 faba
645 949 899 1007 Pythagorae
920 957 1110 1007 cognata,
1133 950 1340 1007 simulque

279 1020 419 1063 Uncla
438 1020 536 1062 satis
555 1020 702 1077 pingui
722 1027 932 1075 ponentur
951 1018 1141 1061 oluscula
1161 1019 1314 1061 lardo?

190 1096 244 1134 65
277 1092 319 1135 Ο
338 1101 480 1135 noctes
501 1106 714 1148 coenaeque
735 1090 875 1142 deum,
898 1091 1051 1147 quibus
1072 1092 1162 1147 ipse
1182 1092 1351 1148 meique

275 1166 387 1206 Ante
407 1164 561 1206 Larem
579 1163 799 1219 proprium
820 1177 977 1213 vescor,
1000 1177 1233 1219 vernasque
1253 1177 1455 1219 procaces

275 1236 410 1278 Pasoo
426 1236 564 1278 libatis
582 1234 774 1291 dapibus·
838 1234 969 1276 Prout
989 1234 1139 1290 cuique
1159 1234 1292 1276 libido
1313 1243 1388 1284 est,

275 1308 411 1350 Siccat
430 1307 653 1364 inaequales
674 1306 823 1348 calices
845 1307 1018 1348 conviva
1038 1306 1199 1348 solutus

274 1375 459 1435 Legibus
479 1376 647 1426 insanis,
671 1390 744 1417 seu
765 1375 859 1432 quis
879 1375 991 1431 capit
1011 1375 1125 1416 acria
1143 1374 1261 1416 fortis

197 1501 227 1523 v.
244 1490 297 1522 52.
315 1494 391 1528 deos,
408 1492 616 1523 Maeoenatem
631 1499 662 1522 et
679 1492 874 1533 Augustum.

198 1545 228 1566 v.
245 1533 299 1566 54.
315 1537 439 1572 derisor,
461 1536 527 1576 qui,¹
548 1534 633 1576 quod
654 1535 722 1571 scit,
744 1544 779 1565 se
791 1535 912 1565 nefflre

155 1578 208 1614 ait,
224 1585 256 1610 et
269 1580 328 1610 hac
340 1578 587 1610 dissimulatione
596 1578 674 1608 alios
684 1577 775 1614 ludit,
791 1578 908 1622 (deam)

155 1628 193 1652 ut
204 1621 285 1653 iufra
300 1621 402 1662 Epist.
419 1622 459 1653 ad
477 1621 539 1652 Pis.
558 1632 588 1653 v.
603 1620 678 1653 453.
747 1624 793 1653 At
806 1632 915 1653 omnes

155 1664 192 1696 dl
203 1667 351 1706 exagitent
364 1676 424 1702 me,
439 1665 575 1695 formula
594 1665 733 1706 jurandi,
748 1675 798 1696 me
810 1666 911 1705 ert-agi-

155 1714 233 1746 tent,
245 1717 297 1739 me
309 1708 508 1746 insectentur,
529 1715 765 1750 persequantur,
787 1714 910 1745 vexent,

151 1752 214 1790 pro
227 1750 366 1792 vulgari:
383 1751 523 1791 perdant.

200 1803 229 1824 v.
246 1793 300 1825 55.
317 1795 344 1826 si
356 1796 535 1836 quicquam,
555 1803 599 1824 se.
619 1793 735 1824 audivi.
797 1793 909 1829 Quid?

156 1837 302 1869 militibus
328 1844 401 1868 cett.
442 1837 588 1868 Caesarne
617 1836 733 1876 praedia
761 1837 913 1867 militibus

155 1879 307 1920 pmmisa
318 1879 354 1910 in
369 1879 475 1911 Sicilia
487 1890 528 1910 an
542 1879 576 1909 in
592 1879 686 1910 Italia
694 1879 829 1924 ,daturus
842 1879 911 1909 est?

159 1923 348 1963 Remieitur,
374 1929 411 1954 ut
431 1924 594 1963 probatum
618 1922 676 1953 ivit
696 1924 858 1954 Bentleius
878 1922 912 1952 in

157 1967 255 2008 1³¹·qu
279 1965 319 1997 ad
342 1966 457 1998 Hom.
481 1977 506 1996 s.
530 1965 599 2002 fin„
622 1975 769 2006 agrorum
791 1965 911 2001 divisio,

155 2019 262 2085 Ψ..
267 2008 697 2091 secessisse,
714 2008 914 2082 {affl

155 2105 229 2127 snm
242 2095 363 2133 adacto,
379 2095 582 2128 Dccxxl.
600 2095 683 2126 facta
697 2100 752 2125 est.
803 2113 806 2119 ·
841 2097 912 2126 Tri-

154 2145 273 2181 queem.
304 2139 408 2170 Schol.
428 2139 525 2180 Cmq.
559 2140 670 2174 Sicilia,
693 2140 775 2179 quod
795 2139 830 2169 in
851 2144 912 2169 tres

953 1502 971 1522 e
986 1500 1050 1532 quo
1064 1489 1263 1522 advenientes
1281 1490 1410 1522 Umbrae
1424 1489 1510 1530 apud
1527 1490 1617 1530 virg.
1639 1491 1715 1521 AEn.

954 1534 1018 1565 Vl.
1035 1532 1110 1564 714.
1130 1545 1250 1566 securos
1262 1536 1365 1566 latices
1379 1541 1408 1565 ee
1429 1536 1523 1573 longa
1537 1535 1644 1565 oblivia
1662 1546 1717 1574 po-

951 1585 1019 1609 tare
1041 1578 1210 1616 dicuntur;
1233 1588 1327 1618 supra
1354 1578 1458 1617 Epod.
1478 1578 1508 1608 2.
1527 1577 1578 1608 38.
1599 1585 1669 1617 post
1684 1588 1716 1608 e-

954 1627 1091 1652 narratas
1099 1620 1170 1652 vitae
1180 1621 1303 1652 rusticae
1311 1620 1544 1662 jucunditates:
1568 1622 1643 1656 Quis
1655 1633 1718 1652 non

954 1666 1121 1702 malarum,
1134 1676 1213 1706 quas
1221 1676 1310 1696 amor
1323 1676 1418 1696 curas
1431 1666 1529 1702 habet,
1541 1666 1622 1696 Haec
1636 1667 1719 1695 inter

954 1709 1137 1739 obliviscitur
1147 1709 1166 1739 ι’

996 1761 1025 1781 v.
1057 1750 1111 1781 63.
1135 1752 1220 1793 saba
1250 1753 1436 1791 Pythagoras
1463 1757 1607 1791 cognom,
1638 1750 1719 1781 inter

954 1803 1071 1830 causas,
1086 1804 1105 1824 e
1118 1794 1233 1835 quibus
1258 1794 1446 1835 Pythagorae
1468 1794 1642 1834 disciplinae
1663 1794 1719 1824 ad-

954 1836 1029 1867 dicti
1031 1837 1122 1878 fabis
1136 1837 1288 1867 abstinere
1302 1837 1466 1873 debebant,
1489 1837 1618 1868 affertur
1638 1848 1717 1878 quo-

954 1889 1015 1920 que
1029 1880 1106 1917 haec,
1122 1879 1207 1920 quod
1224 1879 1419 1920 Pythagoras
1427 1881 1526 1921 fabas
1539 1880 1581 1911 ad
1595 1881 1717 1911 anima·

953 1932 1024 1955 tum
1036 1929 1231 1953 moi-tuorum
1242 1923 1438 1961 receptacula
1447 1923 1597 1954 retulerit.
1614 1924 1719 1955 Schol.

957 1965 1054 2006 Cruq.
1079 1967 1238 1996 dubitabat
1252 1967 1338 1997 enim
1357 1968 1560 2007 Pythagoras,
1576 1979 1619 1999 an
1633 1970 1668 1999 in
1682 1979 1716 1998 eo

956 2019 1079 2049 corpore
1094 2008 1197 2050 (faba)
1211 2011 1319 2040 lateret
1339 2011 1448 2040 anima
1470 2012 1569 2050 patris
1589 2013 1647 2045 sui,
1672 2023 1717 2043 an

955 2053 1082 2083 alterius
1099 2054 1275 2094 propinqui,
1290 2064 1352 2094 qua
1366 2054 1405 2084 de
1418 2064 1454 2084 re
1466 2054 1544 2084 ridet
1557 2063 1631 2085 eum
1648 2056 1716 2086 Hu-

954 2096 1056 2126 ratius
1075 2101 1105 2126 et
1126 2096 1192 2136 qius
1212 2107 1357 2136 sequaces
1370 2095 1588 2137 (discipulos);
1609 2097 1716 2137 jocose

955 2145 1039 2169 certe
1066 2139 1162 2180 hujus
1183 2138 1230 2169 rei
1254 2146 1395 2179 respectu
1423 2139 1531 2170 habito
1561 2140 1717 2171 Horatius

150 2176 257 2224 parles
276 2192 331 2214 seu
348 2184 558 2223 promarum-ia
579 2184 704 2213 diducta
725 2187 778 2217 est,
806 2183 912 2213 (ἔπεσε
942 2183 1040 2224 sabas
1054 2188 1143 2212 vocat
1162 2183 1344 2233 Pythagor-12
1357 2189 1509 2223 cognatas.

160 2227 334 2263 frisiam-ia,
348 2237 369 2257 a
390 2227 485 2257 tribus
503 2226 728 2267 promontoriis,
753 2227 910 2266 Pachyno,

155 2270 292 2311 Lilybaeo
305 2275 336 2301 et
351 2270 469 2301 Peloro.

196 2314 227 2344 ν.
253 2310 307 2343 57.
334 2324 450 2348 naum,
475 2321 541 2352 prae
565 2310 634 2342 aliis
658 2310 823 2350 omnibus;
847 2311 916 2342 vid.'

154 2356 259 2394 Βαβαῖ.
275 2355 358 2387 infra
371 2355 411 2386 ad
425 2357 527 2397 Epist-
543 2357 584 2386 ad
600 2356 665 2386 Pis.
684 2365 712 2384 v.
730 2353 783 2385 32.

195 2409 226 2430 v.
251 2397 305 2430 59.
332 2401 451 2437 misera,
474 2398 648 2439 elegantius
662 2408 734 2438 pro:
764 2397 851 2429 mihi.
866 2416 910 2423 —

155 2454 220 2485 ¹908
244 2444 312 2475 sine
339 2444 424 2480 votis,
452 2442 492 2473 iis
518 2441 644 2479 scilieet,
673 2452 746 2482 quae
773 2451 910 2482 sequun-

165 2522 168 2527 ’
197 2539 228 2559 v.
244 2527 297 2560 61.
313 2540 428 2566 mmm,
443 2539 486 2560 sc.
504 2538 623 2564 securo,
647 2528 702 2570 qui
723 2538 786 2559 non
801 2527 913 2559 officiis

157 2571 191 2603 in
203 2572 463 2606 mbesubeundis
483 2571 737 2611 interrumpitur-3
824 2573 908 2603 iner-

157 2615 237 2647 tibus
248 2617 337 2653 haris,
351 2615 417 2647 noli
437 2618 527 2647 horas
551 2617 659 2647 inertes
680 2615 793 2646 referre
805 2614 846 2645 ad
859 2614 909 2655 ig-

158 2666 274 2693 navum
286 2658 385 2690 otiu'm
405 2665 438 2690 et
449 2657 610 2695 desidiam,
631 2658 683 2689 cui
700 2658 855 2689 Horatius
874 2658 908 2688 in

223 2739 225 2744 ,
246 2698 409 2751 intingere
428 2701 571 2740 voluerit,
591 2701 645 2732 sed
658 2701 699 2732 ad
718 2701 824 2738 vitam,
846 2711 910 2742 qua

199 2743 358 2776 matiana
373 2744 515 2776 villasua
529 2755 592 2776 non
606 2744 683 2781 aliis,
698 2743 751 2775 sed
766 2745 823 2775 sibi
838 2750 905 2776 tan·

159 2786 371 2819 mmvivehat.
390 2787 506 2820 Tibuu.
525 2788 555 2819 1.
574 2786 603 2819 1.
620 2787 652 2819 5.
677 2790 732 2820 Me
745 2799 908 2829 meapau·

158 2834 259 2869 pertas
271 2831 338 2862 αἶρε
349 2833 491 2863 lradumt
503 2833 607 2864 inerti·

996 2235 1027 2255 v.
1043 2223 1096 2255 65.
1114 2237 1243 2266 meique,
1258 2225 1436 2263 familiares,
1448 2225 1553 2263 vicini,
1568 2236 1681 2257 vernae.

998 2279 1027 2298 v.
1040 2267 1093 2299 66.
1105 2280 1258 2309 procaces,
1269 2268 1470 2305 lascivientes,
1484 2269 1618 2300 verniles
1626 2270 1716 2310 jocos

956 2311 1132 2342 miscentes.
1179 2312 1280 2352 Supra
1292 2322 1417 2353 quoque
1433 2311 1537 2351 Epod.
1556 2311 1587 2342 2.
1606 2312 1659 2342 66.
1674 2313 1715 2343 ad

952 2354 1112 2397 jucundos
1126 2355 1159 2385 in
1173 2365 1250 2397 agro
1258 2355 1423 2395 adspectus
1436 2355 1614 2386 referuntur
1623 2357 1716 2396 positi

951 2409 1053 2430 vernoe
1066 2400 1187 2431 circu-m
1199 2401 1374 2431 renidentes
1388 2401 1498 2431 Lares.

995 2452 1026 2472 v·
1047 2440 1101 2473 67.
1127 2444 1225 2474 abacis
1247 2444 1385 2483 dapibus,
1411 2441 1512 2473 adesis
1531 2452 1551 2472 a
1572 2441 1711 2478 domino,

953 2495 1085 2526 quarum
1098 2486 1246 2527 reliquias
1259 2495 1362 2516 vernae
1373 2485 1457 2516 inter
1470 2495 1591 2516 coenam
1602 2492 1634 2516 et
1643 2491 1714 2525 post

953 2539 1075 2560 coenam
1096 2529 1310 2560 comedebant.
1401 2531 1502 2560 Proue
1516 2539 1581 2559 una
1594 2528 1712 2569 syllaba

950 2572 1233 2612 pronunciandum.

992 2626 1022 2646 v.
1054 2615 1108 2646 68.
1138 2618 1314 2657 inaequales,
1343 2615 1407 2646 sive
1431 2614 1622 2657 grandiores,
1646 2615 1711 2647 sive

949 2658 1095 2690 minores.

992 2713 1021 2732 v.
1040 2702 1093 2734 69.
1112 2704 1244 2743 Legibus
1264 2704 1390 2738 insanis,
1415 2702 1530 2742 quibus
1550 2703 1715 2742 compota:

950 2745 1044 2777 tionis
1057 2757 1112 2777 rex
1127 2747 1191 2777 sive
1211 2746 1451 2785 modimperator
1466 2744 1541 2787 (vid.
1560 2755 1654 2785 supra
1666 2746 1708 2777 ad

956 2789 1020 2821 od.
1051 2790 1079 2821 1.
1110 2788 1143 2820 4.
1177 2786 1245 2830 18.)
1274 2796 1467 2828 compotores
1494 2789 1707 2829 praescripmm

949 2833 1131 2873 cyathorum
1151 2843 1318 2863 numerum
1340 2842 1406 2863 uno
1425 2838 1532 2862 tenore
1544 2832 1708 2864 exhaurire

204 2881 233 2902 v.
251 2870 303 2903 62.
321 2875 442 2911 ducere,
457 2873 615 2912 imbibere,
629 2881 661 2906 et
674 2875 800 2916 quidem
814 2874 909 2914 pleno
945 2876 1074 2917 jubebat
1083 2889 1094 2915 ς
1109 2877 1192 2907 conf.
1210 2886 1302 2916 supra
1315 2874 1356 2905 ad
1372 2875 1435 2905 Sat.
1456 2870 1508 2906 11.
1524 2873 1556 2905 2.
1577 2873 1647 2907 123.
1660 2896 1705 2902 -

161 2913 285 2945 haustu.
307 2916 389 2947 oonf.
411 2927 505 2957 ευριπ
527 2917 567 2949 ad
595 2918 659 2950 Od.
678 2919 707 2950 1.
728 2917 778 2950 17.
793 2918 845 2949 22.
864 2936 909 2943 -
949 2921 1035 2951 acria
1055 2922 1180 2960 pocula,
1206 2918 1338 2959 proprie,
1365 2918 1418 2959 qui
1443 2917 1565 2949 fortiter
1583 2926 1702 2959 potant,

162 2957 278 2995 obtima,
295 2956 446 2990 Horatius
459 2961 606 3001 cogitasse
619 2961 740 2992 videtur
750 2962 790 2993 de
798 2964 906 2999 Lethe,

949 2962 1098 2993 dicuntur
1111 2974 1195 2993 acres
1216 2969 1344 3002 potores,
1361 2968 1397 2992 ut
1410 2960 1492 2992 infra
1517 2962 1580 2994 Sat.
1600 2962 1650 2994 11.
1668 2961 1699 2993 8.

876 3014 984 3046 Dd3
