1904 3250
196 158 283 196 462

321 281 402 323 Cui
424 282 550 332 volet,
573 282 841 336 importunus
863 282 996 323 ebur:

840 153 1150 201 HORATII

1621 169 1734 219 [Lm.
1755 180 1787 210 1.

1031 282 1192 335 Frater,
1218 285 1359 339 Pater,
1382 289 1491 331 adde
1507 306 1518 339 ,-

231 355 285 394 55
321 353 386 396 Ut
405 355 557 410 cuique
578 361 642 395 est
661 361 778 404 aetas,
801 354 860 395 ita
880 369 1091 411 quemque
1110 355 1270 400 facetus
1291 359 1459 417 adopta.

319 427 379 477 Si,
402 427 510 468 bene
531 426 605 482 qui
625 434 777 477 coenat,
800 426 909 469 bene
929 427 1044 478 vivit,
1067 427 1193 480 lucet,
1215 445 1372 483 eamus,

319 494 420 544 Quo
441 494 559 535 ducit
578 494 703 552 gula:
734 495 962 551 piscemur,
984 511 1212 548 venemur3
1242 506 1292 540 ut
1311 500 1413 543 olim

319 563 551 620 Gargilius,
574 564 648 620 qui
667 579 792 606 mane
812 564 974 623 plagas,
996 566 1218 618 venabula,
1241 583 1384 611 servos

315 634 548 677 Differtum
569 636 749 678 transire
769 636 910 678 forum
931 637 1224 696 populumque
1240 640 1430 696 jubebat,

227 707 283 745 60
318 703 443 746 Unus
465 711 513 746 ut
533 719 556 746 e
577 704 720 747 multis
741 705 905 762 populo
926 714 1143 762 spectante
1164 707 1343 751 referret

318 775 493 818 Emtum
514 776 654 818 mulus
676 793 841 835 aprum.
905 778 1041 820 Crudi
1061 780 1296 838 tumidique
1317 781 1519 835 lavemur,

317 844 438 894 Quid
458 845 619 897 deceat,
643 846 746 903 quid
767 862 868 898 non,
891 847 1026 899 obliti,
1052 847 1209 890 Caerite
1230 864 1327 891 cera

314 913 464 972 Digni,
487 915 713 973 remigium
734 916 932 957 vitiosum
954 916 1189 959 Ithacensis
1214 917 1398 976 Ulyssei,

317 986 399 1028 Cui
419 987 561 1043 potior
581 988 719 1044 patria
738 987 818 1030 fuit
838 989 1063 1031 interdicta
1083 990 1290 1047 voluptas.

226 1062 282 1101 65
316 1060 375 1111 Si,
400 1059 686 1103 Mimnermus
707 1062 770 1103 uti
791 1070 947 1114 censet,
971 1063 1061 1104 sine
1082 1078 1226 1105 amore
1240 1064 1432 1121 jocisque

313 1129 389 1171 Nil
410 1138 475 1172 est
487 1131 729 1187 jucundum
741 1147 753 1182 3
785 1132 900 1173 vivas
921 1132 966 1173 in
987 1147 1132 1174 amore
1147 1133 1354 1190 jocisque.

314 1201 435 1253 Vive,
458 1201 577 1244 vale:
610 1202 646 1244 si
667 1202 771 1259 quid
791 1202 945 1244 novisti
967 1203 1122 1245 rectius
1143 1203 1248 1254 istis,

315 1274 535 1318 Candidus
556 1275 726 1332 imperti
737 1291 750 1326 3
783 1276 818 1317 si
838 1291 939 1328 non,
962 1275 1029 1318 his
1050 1284 1170 1319 utere
1191 1291 1371 1319 mecum.

196 1430 420 1469 menclatoris3
445 1433 522 1468 Hic,
545 1429 683 1471 digitum
706 1429 825 1461 scilicet
838 1429 872 1460 in
888 1440 969 1470 prae-

194 1480 370 1506 tereuntem
387 1473 523 1505 intendit
537 1473 760 1504 nomenclator.
851 1476 886 1506 in
901 1477 969 1507 Fa-

197 1519 300 1550 bia-
315 1520 435 1556 Velina,
451 1518 583 1548 nomina
595 1517 748 1548 tribuum.

238 1573 267 1592 v.
292 1561 434 1592 53-55.
463 1563 522 1594 Cui
543 1563 623 1598 libet,
649 1562 675 1592 is
685 1562 775 1602 fasc.
804 1566 892 1599 cett„
917 1561 970 1592 hic

194 1605 281 1637 dabit
296 1605 434 1647 (fasces)
450 1604 651 1636 consulatum
667 1605 707 1641 ei,
719 1605 772 1635 cui
786 1604 880 1635 illum
895 1604 970 1635 dare

192 1650 279 1686 libet,
303 1655 336 1680 et
357 1649 467 1689 eripiet
484 1648 592 1698 (ebur)
609 1647 719 1678 sellam
735 1650 918 1686 eburneam,
932 1649 965 1678 h.

191 1703 220 1724 e.
239 1693 385 1723 curulem
407 1692 447 1729 ei,
471 1692 524 1722 cui
546 1691 634 1722 illam
650 1691 768 1731 eripere
784 1691 887 1730 volet;
911 1691 967 1722 de-

191 1736 297 1778 signat
321 1736 421 1777 igitur
443 1736 511 1777 jam
534 1734 752 1766 nomenclator
772 1736 865 1772 viros,
887 1745 969 1776 quo-

131 1815 133 1817 >
191 1790 264 1810 rum
278 1779 311 1809 in
328 1779 488 1821 suffragiis
509 1778 659 1809 ineundis
681 1779 822 1809 multum
845 1778 968 1810 valebat

190 1823 332 1864 potentia
355 1830 388 1854 et
412 1822 592 1854 auctoritas.
683 1823 881 1863 importunus
898 1822 969 1863 jam

191 1867 317 1903 dicitur,
337 1866 394 1908 qui
415 1867 551 1897 honores
574 1866 693 1906 petenti
713 1865 897 1905 importune
912 1865 968 1896 ad-

190 1917 341 1942 versatur.
433 1911 561 1947 Frater,
585 1911 684 1941 Pater
705 1911 806 1946 adde‚·
837 1911 880 1941 Ut
901 1911 968 1941 cui-

191 1965 251 1995 que
265 1960 309 1985 est
323 1960 399 1985 aetas
420 1960 502 1989 cett,
525 1952 683 1994 ejusmodi
705 1952 810 1983 virum
831 1952 966 1992 appella,

192 2003 224 2028 et
238 2008 295 2037 pro
310 1997 467 2038 cujusque
482 2002 574 2027 aetate
595 1996 677 2027 adde
698 1995 749 2027 vel
770 1996 968 2027 familiariter

191 2043 310 2073 Frater
341 2041 392 2071 vel
421 2039 600 2071 verecunde
630 2042 752 2077 Pater;
792 2039 819 2070 si
847 2039 882 2070 in
911 2046 968 2071 tua

192 2091 284 2115 aetate
314 2085 505 2115 constitutus
534 2090 591 2120 est,
621 2083 674 2114 dic
703 2085 832 2121 Frater,
863 2082 890 2113 si
920 2089 968 2114 est

191 2138 298 2163 senex,
316 2127 368 2159 dic
387 2131 495 2160 Pater.
572 2128 695 2169 frater,
718 2127 763 2157 sic
784 2127 825 2157 de
846 2126 968 2157 intimis

190 2171 310 2202 amicis.
331 2182 426 2211 supra
452 2170 556 2212 Epist.
590 2171 617 2201 Ι.
647 2170 680 2201 3.
710 2170 764 2201 35.
776 2172 968 2213 fraternum

177 2216 292 2259 soedus
316 2221 348 2246 et
370 2215 428 2246 inf.
452 2215 481 2246 Ι.
485 2183 555 2245 p.10
581 2212 613 2244 4.
626 2215 772 2257 fraterni
799 2216 906 2246 amici.
924 2232 968 2239 —

190 2261 316 2300 adopta,
339 2265 503 2300 tamquam
524 2258 721 2297 adoptatum,
745 2265 909 2299 tamquam
930 2257 966 2288 in

191 2310 321 2345 gentem
338 2309 427 2333 tuam
442 2301 608 2338 transierit,
625 2301 758 2341 appella.

234 2357 262 2377 v.
293 2345 346 2377 56.
383 2348 477 2381 lucet,
506 2355 576 2386 age,
597 2345 666 2386 jam
696 2345 764 2376 dies
792 2344 964 2376 illucescit·

185 2391 357 2431 piscentur,
380 2400 541 2425 venemur,
565 2399 622 2428 pro
645 2388 786 2429 vulgari.
814 2395 852 2419 ut
866 2389 968 2420 lautas

191 2434 282 2464 nobis
304 2442 526 2472 comparemus
551 2431 671 2472 epulaS,
694 2432 767 2463 ideo
785 2432 852 2473 jam
875 2439 967 2472 poeta

190 2477 291 2508 dixit:
314 2478 487 2517 piscemur,
509 2486 670 2511 venemur,
693 2482 731 2506 ut
752 2482 892 2516 captaret
912 2486 967 2506 oc-

190 2520 350 2551 casionem
365 2520 466 2550 obiter
482 2519 630 2558 carpendi
648 2521 837 2559 Gargilium,
847 2519 967 2549 ridicu-

189 2563 259 2594 lum
285 2569 476 2594 venatorem.
526 2562 561 2593 Is
589 2562 686 2599 enim,
717 2572 793 2592 cum
818 2568 968 2593 venatum

189 2607 258 2643 iret,
275 2613 313 2638 ut
334 2606 444 2638 oculos
457 2605 627 2637 hominum
648 2606 682 2636 in
706 2615 740 2635 se
762 2612 966 2642 converteret,

189 2661 285 2681 mane
299 2650 449 2692 frequens
462 2649 568 2686 forum
583 2648 715 2680 transire
730 2648 860 2685 solebat,
876 2649 964 2686 retia,

185 2694 302 2736 jacula,
332 2704 447 2730 servm,
470 2692 576 2724 mulos
598 2699 671 2724 cett.
701 2702 810 2722 secum
833 2691 962 2728 ducens,

189 2739 281 2779 quasi
296 2747 446 2779 magnam
468 2746 487 2768 e
511 2736 675 2767 venatione
697 2735 836 2776 praedam
858 2746 964 2775 repor-

189 2788 314 2812 taturus
335 2789 426 2812 esset.
476 2780 540 2811 Sed
560 2779 653 2812 ecce!
686 2789 704 2810 e
733 2778 843 2809 multis
867 2779 965 2810 mulis

189 2834 277 2855 unus
290 2831 418 2856 tantum
432 2824 480 2854 nil
494 2823 556 2854 nisi
577 2833 700 2863 aprum,
724 2832 783 2852 nec
805 2832 880 2852 eum
896 2823 966 2863 qui-

190 2867 266 2898 dem
281 2874 409 2908 captum
424 2867 473 2898 vel
487 2867 599 2904 fixum,
611 2866 667 2898 sed
680 2872 802 2896 emtum
818 2871 963 2906 reportat.

192 2911 264 2941 Nos
290 2922 418 2953 quoque
443 2921 508 2942 non
533 2920 604 2942 raro
626 2920 644 2941 e
669 2909 836 2940 venatione
858 2908 964 2939 videre

189 2953 331 2987 solemus
353 2954 533 2993 redeuntes,
557 2954 614 2997 qui
635 2960 759 2996 gestant
780 2951 962 2990 manticam,

1012 1441 1078 1462 non
1092 1430 1199 1471 lepore
1213 1433 1254 1463 ab
1267 1431 1343 1472 ipsis
1363 1441 1521 1472 percusso,
1545 1433 1601 1466 sed
1615 1440 1701 1467 emto
1715 1441 1782 1467 tur-

1012 1481 1151 1516 gentem.

1055 1529 1086 1548 v.
1105 1517 1159 1549 60.
1193 1520 1286 1551 Unus
1300 1525 1346 1555 ut,
1362 1529 1401 1550 eo
1415 1527 1543 1558 eventu,
1559 1527 1597 1552 ut
1611 1531 1697 1552 unus
1710 1532 1786 1554 mu-

1012 1561 1064 1636 lius
1085 1568 1158 1593 cett.
1246 1564 1358 1603 populo
1382 1570 1551 1604 spectante,
1573 1572 1605 1596 et
1625 1565 1721 1596 simul
1742 1565 1784 1596 ri-

1035 1611 1117 1636 ente.

1056 1659 1085 1679 v.
1104 1647 1158 1679 61.
1187 1651 1297 1687 erudi,
1320 1648 1364 1680 ita
1385 1649 1544 1688 dicuntur,
1566 1652 1623 1693 qui
1641 1657 1707 1683 tam
1722 1652 1784 1684 lar-

1011 1692 1094 1734 giter
1107 1703 1141 1723 se
1154 1691 1401 1734 ingurgitarunt,
1413 1700 1451 1724 ιιι
1461 1694 1617 1726 cruditate
1630 1695 1785 1734 laborent,

1011 1736 1100 1767 asoti.
1190 1738 1373 1778 tumidique,
1409 1747 1453 1768 sc.
1484 1738 1597 1778 epulis
1626 1745 1664 1770 ut
1698 1740 1785 1779 apud

1013 1779 1162 1810 Persium
1185 1779 1260 1810 111.
1290 1779 1343 1811 98.
1372 1782 1519 1821 turgidus
1543 1783 1592 1814 Ιιίο
1617 1784 1723 1822 epulis.
1740 1801 1786 1808 —

1011 1824 1164 1860 lavemur,
1194 1833 1390 1864 quamquam
1419 1824 1503 1854 enim
1534 1825 1581 1862 iis,
1614 1825 1670 1866 qui
1697 1826 1785 1858 cibos

1011 1865 1156 1897 nondum
1168 1873 1393 1905 concoxerung
1408 1867 1584 1907 perniciosa
1597 1876 1645 1900 est
1658 1868 1784 1908 lavatio,

1013 1920 1051 1940 ea
1065 1916 1173 1940 tamen
1194 1919 1260 1940 non
1281 1910 1480 1942 abstinebant
1500 1912 1645 1944 homines
1665 1912 1781 1954 gulosi.

1013 1953 1094 1984 Huc
1115 1954 1251 1993 pertinet
1270 1953 1361 1985 locus
1375 1953 1526 1986 Juvenal.
1546 1955 1611 1987 Sat.
1628 1956 1657 1987 Ι.
1679 1954 1787 1987 142-

1010 1996 1044 2027 3.
1073 1999 1173 2028 Paena
1200 2003 1305 2029 tamen
1323 2008 1474 2038 praesens‚
1501 2010 1575 2030 cum
1601 2007 1638 2032 m
1658 2002 1786 2041 deponis

1013 2040 1062 2082 (in
1087 2040 1216 2080 balneo)
1242 2043 1376 2072 amictus
1405 2043 1574 2083 Turgidus,
1596 2049 1626 2074 et
1647 2046 1786 2076 crudum

1004 2095 1160 2125 pavonem
1175 2086 1209 2116 in
1221 2085 1331 2116 balnea
1345 2090 1459 2124 ymo-tas.
1523 2088 1632 2118 Caerite
1642 2098 1712 2118 cera
1722 2089 1786 2127 dig·

1011 2127 1112 2169 digni,
1127 2127 1184 2168 qui
1201 2128 1274 2168 jure
1292 2127 1436 2170 suffragii
1449 2128 1563 2168 privati
1577 2129 1656 2161 fiant
1670 2130 1785 2168 aerarii,

1011 2171 1044 2201 h.
1071 2181 1098 2202 e.
1123 2171 1235 2202 tributi
1258 2171 1330 2202 loco
1353 2181 1416 2202 aera
1438 2171 1620 2212 pendentes.
1657 2176 1784 2206 Caerim

1013 2214 1140 2251 scilicet,
1179 2214 1293 2245 incolae
1327 2214 1415 2245 urbis
1453 2218 1537 2248 Caere
1574 2216 1610 2246 in
1639 2215 1783 2254 Etruria,

1010 2258 1118 2289 donati
1133 2257 1262 2299 quidem
1278 2264 1390 2332 suntva
1407 2258 1562 2290 Romanis
1575 2258 1710 2298 civitate,
1726 2261 1783 2292 sed

1009 2301 1328 2382 ”a
1551 2302 1784 2378 ms...-

1012 2387 1186 2428 perdebant
1201 2388 1256 2429 jus
1277 2387 1447 2429 suffragiis*
1453 2388 1487 2418 in
1509 2388 1650 2421 tabulam
1665 2390 1782 2421 refere-

1010 2433 1136 2469 bantur,
1163 2431 1228 2462 sive
1253 2431 1343 2462 classi
1364 2430 1627 2470 adscribebantur,
1651 2433 1703 2464 cui
1724 2434 1781 2466 ad.

1010 2475 1116 2516 scripti
1132 2485 1258 2516 quoque
1271 2474 1404 2505 fuerunt
1421 2474 1560 2507 Caeritae.

1053 2530 1081 2549 v.
1102 2518 1155 2549 63.
1180 2519 1349 2558 remigium
1370 2519 1525 2555 vitiosum,
1547 2518 1641 2551 sicuti
1654 2521 1781 2562 remigi-

1011 2574 1069 2594 um
1083 2564 1226 2594 vitiosum
1239 2563 1342 2593 ΙιΙιασ.
1367 2562 1499 2602 Ulyssei,
1517 2563 1549 2593 h.
1568 2574 1596 2594 e.
1613 2563 1696 2595 sicut
1709 2564 1781 2595 viti-

1011 2606 1058 2636 osi
1073 2612 1104 2636 et
1119 2604 1258 2645 corporis
1279 2614 1493 2645 sensuumque
1513 2606 1667 2646 voluptati
1681 2606 1782 2638 dediti

1011 2648 1088 2680 socii
1105 2648 1237 2688 Ulyssis,
1252 2647 1309 2689 qui
1322 2647 1497 2680 interdictae
1511 2649 1682 2690 voluptatis
1693 2651 1780 2682 fruc-

1008 2699 1077 2723 tum
1093 2691 1300 2732 praetulerunt
1314 2690 1434 2730 patriae.
1514 2695 1691 2731 interdicta,
1707 2703 1778 2724 mo-

1008 2742 1121 2766 nuerat·
1138 2734 1267 2775 Ulysses
1281 2733 1391 2771 socios,
1414 2745 1456 2767 ne
1480 2736 1589 2768 Circes
1610 2737 1733 2777 poculis
1745 2743 1778 2769 et

1011 2779 1159 2810 Sirenum
1184 2777 1328 2809 cantibus
1353 2787 1387 2808 se
1408 2779 1478 2820 capi
1503 2786 1694 2820 paterentur,
1723 2780 1780 2812 sed

1010 2822 1135 2853 frustra.
1185 2821 1240 2852 Ad
1254 2822 1422 2862 remigium
1443 2825 1585 2856 viciosum
1609 2823 1777 2861 Horatius,

1006 2872 1045 2896 ut
1067 2875 1150 2906 saepe
1170 2865 1255 2902 alibi,
1280 2865 1358 2907 (vid.
1383 2875 1478 2906 supra
1498 2867 1539 2898 ad
1564 2867 1675 2907 Epist..
1695 2866 1774 2898 1.12.

1007 2907 1080 2949 42.)
1097 2908 1282 2948 particulam
1296 2909 1537 2949 comparationis
1551 2913 1653 2950 sicuti,
1670 2912 1776 2950 veluti,

1008 2951 1122 2985 omisit.
