1904 3250
213 160 299 199 464

858 153 1172 198 HORATII

1642 164 1752 212 [Lm.
1775 175 1806 203 1.

332 275 404 317 Ad
426 291 540 318 mare
563 274 792 317 descendet
814 281 929 315 vates
949 281 1061 324 tuus,
1083 281 1126 315 et
1146 274 1225 316 sibi
1246 284 1404 332 parcet,

333 349 672 404 Contractusque
692 347 829 405 leget3
861 355 916 397 te,
938 347 1076 388 dulcis
1096 347 1243 399 amice,
1265 349 1419 391 reviset

333 419 445 461 Cum
470 417 691 474 Zephyris,
715 418 750 458 si
771 416 993 468 concedes,
1015 424 1058 458 et
1077 415 1307 461 hirundine
1326 420 1476 475 prima.

330 487 444 538 Non,
468 502 554 544 quo
574 501 693 528 more
713 487 816 543 piris
837 487 950 529 vesci
973 486 1156 529 Calaber
1169 488 1294 544 jubet
1310 488 1480 546 hospes,

248 562 298 601 15
331 559 402 601 Tu
423 574 491 600 me
511 557 647 600 fecisti
667 558 937 616 locupletem.
1000 558 1185 601 Vescere
1207 560 1344 602 sodes.

327 633 424 675 Jam
446 632 545 673 satis
566 640 642 677 est.
706 633 767 675 At
787 640 832 675 tu
855 633 1124 690 quantumvis
1144 633 1259 675 tolle.

1324 633 1528 693 Benigne.

330 702 431 744 Non
452 703 589 744 invisa
607 702 717 745 feres
737 703 882 760 pueris
902 703 1157 746 munuscula
1175 703 1330 760 parvis.

329 771 441 814 Tam
461 780 610 815 teneor
631 773 759 824 dono,
781 788 910 830 quam
931 774 967 815 si
986 773 1176 815 dimittar
1196 781 1389 816 onustus.

329 841 394 884 Ut
413 841 540 884 libet:
572 842 667 885 haec
685 844 828 900 porcis
847 840 977 885 hedie
998 843 1262 886 comedenda
1281 843 1497 901 relinquis.

239 914 295 952 20
329 911 541 969 Prodigus
563 920 606 954 et
626 912 780 955 stultus
800 913 945 964 donat,
968 928 1065 969 quae
1087 913 1250 969 spernit
1269 921 1312 955 et
1331 913 1432 956 odit.

327 980 437 1023 Haec
458 996 578 1039 seges
599 982 788 1039 ingratos
809 982 918 1033 tulit,
941 981 1111 1024 et.feret
1130 982 1328 1024 omnibus
1348 982 1482 1024 annis.

326 1050 404 1091 Vir
424 1050 562 1092 bonus
583 1058 626 1093 et
646 1052 813 1107 sapiens
834 1051 975 1109 dignis
996 1051 1055 1093 ait
1075 1066 1167 1094 esse
1187 1059 1386 1107 paratus;

324 1122 419 1165 Nec
439 1131 581 1185 tamen
601 1124 782 1182 ignorat,
806 1123 909 1182 quid
930 1123 1089 1166 distent
1107 1139 1196 1166 aera
1214 1123 1386 1181 lupinis.
1453 1110 1458 1116 ’

323 1192 519 1251 Dignum
539 1195 754 1250 praestabo
774 1209 843 1236 me
863 1194 990 1236 etiam
1010 1209 1090 1250 pro
1110 1194 1238 1237 laude
1257 1195 1472 1237 merentis.

204 1312 314 1334 eorum
331 1307 402 1342 post
417 1308 551 1333 mortem
566 1308 754 1334 testamenta
768 1302 955 1343 aperiuntur
965 1314 975 1341 3
986 1338 995 1341 ,

203 1347 304 1377 facete
317 1345 416 1387 igitur
430 1346 615 1377 autumnale
636 1352 772 1386 tempus,
796 1357 861 1387 quo
875 1346 977 1377 maxi-

203 1390 362 1422 memori
391 1389 496 1421 solent
523 1390 677 1428 homines,
704 1392 860 1431 resignare
885 1396 977 1421 testa-

203 1440 309 1466 menta
323 1432 451 1464 dicitur.

246 1488 276 1508 v.
297 1475 435 1508 10-13.
466 1478 584 1512 Quodsi
597 1479 710 1509 bruma
733 1482 804 1508 cett.
823 1476 977 1509 redeunte

200 1531 275 1552 vere
299 1520 431 1551 demum
456 1520 497 1551 ad
519 1527 551 1551 te
571 1520 699 1558 redibo;
724 1520 863 1561 hiemem
889 1523 975 1552 enim

202 1564 392 1596 valetudinis
406 1563 630 1595 confirmandae
644 1574 739 1595 causa
753 1565 787 1594 in
804 1564 867 1595 oris
880 1564 975 1595 mari-

202 1608 288 1639 timis
303 1607 487 1650 transigam.
571 1610 688 1649 Quodsi
696 1608 764 1649 jam
779 1608 820 1645 de
835 1615 976 1647 tempore

199 1662 279 1692 pro:
305 1661 391 1687 cum,
407 1650 557 1693 quand03
582 1651 728 1691 exempla
742 1651 830 1682 dedit
843 1651 884 1682 ad
899 1653 931 1682 h.
949 1651 972 1683 l.

200 1697 388 1727 Lambinus.
479 1697 566 1727 nives
583 1696 692 1732 illinet,
715 1695 891 1736 adsperget,
913 1694 976 1725 im-

199 1739 326 1777 mittet3
365 1739 500 1771 Albanis
535 1738 658 1781 (schol.
690 1739 788 1780 Cruq.
829 1738 972 1779 Latinis)

131 1814 133 1816 ,
198 1785 294 1826 agris,
310 1788 434 1813 montes
448 1788 532 1813 certe
547 1781 658 1814 LatIni
679 1782 752 1813 nive
766 1781 882 1814 obtecti
896 1792 973 1813 con-

196 1826 411 1869 spiciebantur
425 1825 540 1856 hieme.

240 1882 271 1902 v.
293 1868 344 1900 11.
370 1872 425 1901 Ad
439 1881 538 1907 more,
553 1879 596 1900 sc.
611 1868 762 1900 inferum.
795 1869 974 1901 Lambinus

195 1914 303 1946 sinum
321 1913 533 1944 Tarentinum
554 1912 799 1955 intelligendum
821 1923 890 1944 esse
903 1923 972 1943 sus-

199 1959 334 2000 picatur,
358 1956 411 1988 cui
433 1956 604 1996 suspicioni
618 1956 703 1987 favet
716 1966 746 1987 v.
764 1955 819 1987 45.
837 1962 870 1987 et
882 1955 973 1987 locus

197 2012 294 2043 supra
318 2000 382 2032 od.
404 2000 455 2031 II.
473 1999 506 2031 6.
530 1998 580 2031 10.
607 2010 691 2041 seqq.
775 2001 831 2032 sibi
849 2006 967 2041 parcet,

196 2045 256 2077 sibi
279 2044 399 2075 cavebit
420 2045 460 2074 ab
483 2043 532 2081 iis,
549 2054 622 2085 quae
646 2043 821 2075 valetudini
843 2049 970 2082 nocent,

195 2089 382 2131 diligentem
410 2087 598 2119 valetudinis
620 2097 731 2118 curam
752 2087 899 2125 habebit;
926 2087 971 2118 sic

195 2143 291 2173 supra
308 2133 372 2163 Sat.
393 2131 422 2162 1.
438 2129 470 2162 4⁴.
493 2130 566 2162 127.
587 2133 694 2163 mortis
715 2138 802 2164 metu
823 2132 878 2163 sibi
891 2142 970 2172 par-

194 2188 262 2209 cere
270 2192 282 2214 ,-
300 2186 358 2206 nos
372 2185 499 2217 quoque
513 2176 573 2206 hoc
587 2185 683 2206 sensu
697 2174 802 2206 dicere
816 2174 969 2206 solemusz

193 2222 257 2253 sich
271 2222 417 2252 sckonen.

239 2274 269 2295 v.
296 2262 347 2294 12.
382 2266 629 2304 eamr-actusque
650 2264 728 2303 leget
740 2278 752 2300 ,-
767 2280 813 2288 —
827 2268 970 2294 contrac-

194 2315 257 2345 tus,
283 2307 351 2338 scil.
380 2307 414 2337 in
440 2306 548 2337 locum
577 2314 762 2347 angustum.
810 2306 969 2336 Horatius

193 2353 248 2390 ait,
271 2362 315 2388 se,
331 2360 407 2382 cum
429 2361 469 2381 ex
490 2349 574 2391 agris
596 2349 658 2380 late
679 2349 860 2389 patentibus
871 2360 904 2380 se
918 2359 967 2380 re.

195 2395 329 2436 cepisset
342 2394 377 2424 in
390 2400 511 2425 tectum
525 2393 576 2424 vel
590 2393 776 2424 cubiculum
790 2393 967 2434 angustius,

194 2445 393 2472 contractum
419 2436 675 2480 (συνεσταλμένου)
702 2436 746 2467 ibi
768 2442 895 2475 ternpus
922 2436 968 2467 le·

193 2482 299 2525 gendo
334 2481 445 2512 fallere
480 2479 570 2510 velle.
620 2480 772 2511 Similiter
811 2480 967 2511 Horatius

196 2536 293 2566 supra
318 2526 383 2557 Sat.
406 2524 457 2556 11.
479 2523 512 2555 3.
540 2522 590 2554 ll.
616 2530 731 2555 tectum
753 2525 900 2564 tepidum,
929 2530 967 2555 ut

192 2569 300 2602 locum
315 2567 507 2600 carminibus
517 2566 689 2598 scribendis
704 2573 826 2607 aptum,
841 2566 962 2597 laudat.

236 2624 266 2644 v.
302 2610 442 2643 14—19.
486 2613 538 2643 Tu
566 2623 617 2642 me
639 2611 751 2652 fecisti
786 2611 966 2650 locupletem

155 2664 161 2668 ’
193 2663 282 2694 cett„
303 2662 341 2688 tu
366 2665 419 2687 me
443 2655 541 2686 beasti
566 2654 667 2690 donis,
695 2663 760 2684 non
785 2653 964 2691 levioribus,

193 2712 259 2732 non
280 2700 366 2740 piris,
393 2709 476 2741 quic,
498 2698 578 2729 nihil
600 2698 666 2728 fere
688 2696 780 2737 pretii
806 2697 962 2735 habentia,

192 2744 334 2776 obtrudit
347 2743 483 2774 rusticus
504 2753 538 2773 se
559 2741 760 2777 adeuntibus,
777 2750 843 2771 non
858 2740 959 2777 donis,

192 2798 264 2829 quae
278 2787 432 2829 prodigus
445 2793 477 2817 et
490 2785 616 2822 stultus,
633 2783 708 2826 quia
722 2783 802 2814 nihil
817 2783 907 2823 pretii
923 2784 962 2815 iis

193 2831 311 2868 statuit,
328 2830 435 2872 largiri
453 2829 541 2867 solet,
563 2828 620 2860 sed
640 2827 766 2865 talibus,
789 2827 896 2868 qualia
916 2827 963 2858 vir

193 2876 296 2906 bonus
310 2881 342 2906 et
356 2873 480 2914 sapiens
493 2873 542 2912 iis,
555 2880 635 2916 quos
647 2871 711 2902 illis
720 2870 836 2913 dignos
845 2877 960 2909 censet,

192 2918 267 2949 dare
296 2924 422 2958 paratus
451 2924 507 2950 eet.
600 2917 730 2949 Calaber
760 2917 875 2956 hospes,
905 2924 962 2955 pro

191 2962 300 3002 quovis
315 2962 440 2993 rustico.

1064 1313 1094 1333 v.
1115 1301 1166 1333 15.
1200 1305 1283 1335 Vesc.
1302 1306 1367 1335 sod.
1387 1301 1510 1343 Lepide
1527 1302 1683 1334 Horatius
1698 1304 1792 1336 msti-

1021 1356 1095 1378 cum
1110 1346 1273 1387 quendam
1286 1347 1327 1378 ad
1343 1347 1533 1378 rusticorum
1548 1347 1714 1389 ingenium
1728 1348 1794 1379 ool-

1021 1390 1206 1431 loquentem
1227 1390 1352 1421 inducit
1373 1401 1447 1422 cum
1469 1389 1608 1427 homine,
1630 1390 1686 1432 qui
1700 1391 1794 1422 illum

1019 1433 1192 1464 salutatum
1217 1441 1367 1472 venerat3
1397 1434 1534 1464 rusticus
1557 1434 1672 1474 hospes
1698 1435 1793 1466 offert

1019 1477 1134 1516 hospiti
1150 1477 1227 1517 pira,
1243 1487 1361 1510 vescere
1375 1480 1471 1515 sodes,
1487 1477 1655 1518 inquietin
1678 1478 1792 1518 hospes

1018 1521 1117 1551 sumit
1137 1521 1294 1561 quaedam,
1318 1521 1457 1552 addens:
1473 1521 1550 1562 jam
1571 1523 1646 1553 satis
1667 1527 1734 1559 εει,-
1758 1528 1793 1553 at

1019 1573 1110 1595 sume
1139 1564 1206 1601 tibi,
1235 1565 1281 1595 ait
1309 1563 1456 1601 rusticus,
1480 1570 1637 1605 quotquot
1665 1575 1791 1596 sumere

1019 1607 1076 1638 tibi
1089 1607 1212 1647 placet;
1236 1609 1359 1648 hospes,
1382 1607 1477 1648 plura
1497 1608 1565 1648 pira
1585 1618 1710 1650 sumere
1731 1619 1791 1640 no-

1018 1651 1098 1689 lens,
1135 1651 1323 1692 respondet:
1370 1653 1499 1692 benigne
1506 1667 1520 1689 ,-
1557 1658 1694 1683 utuntur
1729 1653 1790 1684 hac

1018 1704 1105 1730 voce,
1126 1695 1183 1736 qui
1204 1696 1325 1726 urbane
1338 1694 1460 1736 aliquit!
1472 1701 1629 1733 recusant,
1642 1696 1738 1735 plane
1750 1702 1790 1727 ut

1016 1748 1045 1768 v.
1076 1737 1130 1768 62.
1158 1738 1215 1769 ubi
1240 1738 1369 1769 additur
1393 1737 1579 1779 explicatio:
1615 1741 1720 1780 Neget
1739 1741 1790 1772 ille

1016 1778 1091 1813 inihi
1103 1782 1121 1812 ?
1156 1791 1236 1814 nos:
1276 1785 1347 1814 sehr
1380 1784 1478 1824 giltig,
1511 1783 1586 1814 aber
1612 1783 1662 1815 ida
1689 1785 1791 1815 dauht

1016 1826 1111 1867 duflir
1118 1841 1131 1862 ‚·
1155 1825 1200 1856 sic
1215 1827 1317 1860 καλὶς
1332 1825 1420 1865 opud
1437 1826 1577 1857 Graecos.

1060 1879 1091 1900 v.
1111 1867 1161 1900 18.
1193 1871 1271 1901 Tam
1288 1875 1394 1901 temor-
1413 1871 1493 1901 dono
1513 1874 1587 1900 cett.
1703 1868 1732 1900 'e
1751 1869 1787 1900 in

1015 1912 1076 1944 boc
1090 1923 1218 1954 quoque
1232 1923 1324 1944 versu
1346 1912 1485 1955 vulgaris
1497 1912 1666 1944 hominum
1680 1913 1716 1943 in
1730 1912 1788 1944 do-

1015 1966 1059 1986 no
1087 1957 1195 1998 aliquo
1223 1955 1401 1988 recusando
1437 1965 1542 1988 sermo
1574 1955 1782 1999 exprimitur:

1012 1999 1134 2030 donum
1150 2007 1244 2031 tuum
1266 2009 1358 2042 aeque
1378 1999 1458 2031 mihi
1478 2005 1606 2042 gratum
1627 2006 1686 2037 est,
1700 2009 1739 2031 nc
1760 1999 1788 2031 zi

1013 2043 1095 2074 illud
1120 2043 1334 2084 accepissem;
1368 2053 1443 2075 nos:
1475 2045 1523 2076 ich
1544 2045 1653 2076 nehme
1673 2055 1706 2076 es
1715 2044 1786 2086 fiir

1014 2088 1204 2130 emyfimgen
1219 2099 1273 2119 an·

1057 2142 1086 2161 v.
1107 2129 1158 2161 19.
1183 2133 1249 2163 lzoec
1260 2132 1364 2172 porcis
1377 2132 1445 2162 hod.
1463 2142 1541 2163 com.
1559 2132 1628 2168 rel„
1651 2140 1690 2161 en
1713 2139 1783 2161 rus-
1848 2140 1851 2143 ·

1013 2174 1113 2205 ticum
1124 2174 1175 2205 vel
1188 2175 1352 2205 hominem
1365 2174 1576 2206 inurbanum!

1056 2227 1087 2248 v.
1104 2217 1158 2249 21.
1184 2220 1268 2250 Haec
1283 2229 1366 2259 seges
1379 2223 1450 2249 cett.
1489 2215 1660 2258 Ejusmodi
1679 2226 1785 2256 sparsa

1013 2271 1033 2292 a
1054 2261 1159 2293 stultis
1171 2267 1204 2293 et
1217 2261 1358 2303 prodigis
1378 2260 1463 2292 dona
1483 2270 1649 2302 nunquam
1673 2267 1782 2301 gratos

1011 2305 1109 2336 animi
1123 2315 1234 2336 sensus
1247 2304 1456 2345 protulerunt,
1478 2313 1538 2335 nec
1551 2313 1694 2345 unquam
1708 2313 1783 2344 pro-

1010 2349 1122 2380 ferent.
1773 2359 1777 2362 ’

1055 2403 1085 2423 v.
1103 2392 1156 2423 22.
1189 2394 1243 2424 Vir
1255 2393 1352 2424 bonus
1370 2397 1400 2423 et
1420 2392 1553 2432 sapient,
1569 2389 1721 2432 qualistu
1735 2401 1781 2429 es,

1014 2437 1185 2473 Maecenas,
1209 2437 1311 2477 dignis
1331 2436 1376 2466 ait
1395 2445 1458 2466 esse
1471 2439 1617 2475 paratus,
1641 2435 1671 2476 (ὅ
1685 2434 1780 2469 καλός

1009 2481 1141 2521 κᾴγιέδς
1173 2482 1232 2514 *οἷς
1259 2478 1348 2518 cizicus
1385 2478 1469 2518 φησὶν
1502 2476 1573 2509 εἶναι
1609 2477 1780 2521 seguinus),

1013 2523 1126 2554 Graeca
1151 2522 1342 2554 constructio
1366 2531 1446 2561 pro:
1481 2531 1512 2553 se
1533 2527 1689 2562 paratum
1710 2531 1778 2552 εσσε

1009 2568 1123 2607 dignis.
1138 2567 1170 2597 h.
1184 2576 1212 2597 e.
1230 2565 1279 2602 iis,
1294 2565 1351 2606 qui
1364 2564 1456 2596 donis
1469 2570 1503 2595 et
1514 2563 1675 2595 beneficiis
1687 2563 1780 2607 digni

1009 2610 1082 2641 sint.
1111 2609 1229 2641 Catuli.
1257 2609 1321 2639 IV.
1350 2607 1381 2639 2.
1423 2610 1575 2640 Phasetus
1598 2610 1659 2647 ille,
1681 2619 1778 2649 quem

1009 2655 1129 2691 videtis,
1144 2654 1285 2694 hospites,
1307 2654 1366 2684 Ait
1375 2653 1483 2695 fuisse
1502 2653 1634 2683 navium
1654 2653 1777 2684 oder-0⁸12

1006 2708 1087 2730 mus.

1048 2751 1078 2771 v.
1093 2739 1147 2772 23.
1171 2741 1243 2772 Nec
1257 2745 1361 2771 tamen
1376 2744 1464 2776 cett„
1479 2737 1564 2770 idem
1579 2744 1686 2770 tamen
1700 2747 1776 2779 pro·

1005 2785 1045 2814 be
1073 2784 1141 2821 scit,
1171 2783 1248 2824 quid
1275 2782 1398 2814 intersit
1425 2782 1508 2813 inter
1530 2792 1603 2813 vera
1625 2789 1659 2814 et
1681 2781 1771 2820 falsa,

1004 2827 1086 2859 inter
1099 2828 1197 2867 proba
1209 2832 1243 2857 et
1255 2826 1407 2866 improba,
1421 2826 1504 2857 inter
1517 2826 1638 2857 sinoem
1650 2832 1683 2857 et
1696 2825 1773 2858 uui-

1004 2871 1134 2906 mulatae
1158 2870 1188 2900 h.
1219 2880 1246 2901 e.
1270 2869 1355 2900 idem
1380 2876 1487 2901 tamen
1508 2871 1606 2910 probe
1625 2869 1694 2907 seit,
1715 2869 1772 2911 qui

1005 2914 1097 2946 donis
1106 2913 1206 2956 digni,
1227 2913 1321 2955 quive
1335 2913 1427 2944 donis
1440 2912 1565 2954 indigni
1583 2913 1666 2951 tint3
1687 2914 1773 2954 lupi-

1005 2969 1076 2995 nus,
1102 2956 1273 2999 leguminis
1293 2967 1395 2999 genus
1419 2957 1770 2999 (Iupine,-feigbokne),·
