1904 3250
204 152 297 197 482

843 153 1153 197 HORATII

1617 159 1732 208 [Lm.
1754 168 1787 196 1.

323 281 524 338 Quinque
545 282 680 323 bonos
703 280 872 322 solitum
894 281 1067 322 Variam
1088 281 1298 323 dimittere
1318 289 1483 338 patres;

324 353 561 403 Certemus,
585 353 726 408 spinas
748 352 945 394 animone
966 368 1046 410 ego
1067 352 1233 403 fortius,
1255 369 1309 395 an
1330 362 1376 395 tu

265 425 291 462 5
323 422 491 464 Evellas
513 436 640 479 agro3
673 429 715 463 et
734 421 883 463 melior
905 422 958 464 sit
980 422 1199 473 Horatius,
1223 438 1278 464 an
1298 438 1378 465 res.

322 494 399 536 Me
421 495 610 551 quamvis
634 493 796 536 Lamiae
817 496 951 551 pietas
973 504 1015 537 et
1036 511 1138 538 cura
1157 503 1361 547 moratur,

323 564 515 605 Fratrem
536 565 766 615 moerentis,
789 573 912 621 rapto
933 565 986 607 de
1007 565 1138 608 fratre
1159 566 1342 607 dolentis

322 632 628 683 Insolabiliter3
660 643 801 676 tamen
822 635 930 676 istuc
950 650 1069 677 mens
1091 635 1340 692 animusque

322 701 435 753 Fert,
458 711 501 744 et
521 712 634 745 amat
654 705 799 760 spatiis
820 704 1030 746 obstantia
1050 720 1248 761 rumpere
1269 704 1465 746 claustra.

236 777 288 815 10

323 774 441 817 Rure
463 791 543 834 ego
564 771 788 828 viventem,
811 786 857 819 tu
878 778 983 820 dicis
1005 779 1049 819 in
1069 778 1176 820 urbe
1196 778 1392 820 beatum:

323 845 406 887 Cui
426 846 566 902 placet
586 847 770 899 alterius,
794 863 870 890 sua
890 848 1089 889 nimirum
1111 855 1175 889 est
1194 847 1294 889 odio
1315 862 1418 888 sors.

325 919 487 961 Stultus
509 928 687 978 uterque
707 921 850 963 locum
871 921 1128 963 immeritum
1150 928 1346 963 causatur
1365 920 1531 977 inique3

325 988 377 1030 In
400 989 526 1046 culpa
546 999 610 1032 est
630 991 808 1042 animus,
832 992 905 1048 qui
926 1006 970 1032 se
991 1006 1077 1032 non
1099 990 1246 1048 effugit
1266 1004 1464 1047 unquam.

325 1060 396 1103 Tu
417 1062 692 1104 mediastinus
713 1064 839 1105 tacita
859 1060 986 1120 prece
1007 1079 1107 1105 rura
1126 1063 1326 1119 petebas3

240 1133 292 1172 15

325 1130 452 1174 Nunc
473 1133 624 1175 urbem
645 1143 687 1175 et
707 1133 831 1175 ludos
853 1142 896 1175 et
914 1133 1067 1175 balnea
1086 1132 1249 1174 villicus
1271 1139 1415 1189 optas:

325 1203 402 1247 Me
423 1214 618 1248 constare
638 1206 742 1247 mihi
764 1207 857 1257 scis,
881 1216 923 1248 et
943 1206 1160 1248 discedere
1181 1206 1357 1256 tristem,

325 1274 679 1334 Quandocunque
700 1276 874 1318 trahunt
894 1277 1028 1318 invisa
1048 1276 1222 1334 negotia
1245 1276 1439 1318 Romam.

325 1346 425 1388 Non
446 1347 594 1389 eadem
615 1349 841 1399 miramur3
874 1364 924 1390 eo
946 1349 1209 1391 disconvenit
1228 1348 1339 1390 inter

327 1416 489 1474 Meque
510 1426 552 1459 et
572 1407 636 1460 te:
669 1433 780 1469 nam,
804 1433 900 1475 quae
922 1418 1089 1460 deserta
1109 1426 1151 1459 et
1170 1417 1384 1474 inhospita
1404 1424 1551 1474 tesqua
1571 1429 1575 1431 ’

360 1557 684 1589 EPISTOLA
720 1559 822 1590 XIV.

396 1645 451 1677 An
475 1645 648 1677 Vmucmu
673 1646 781 1678 stum.

254 1732 344 1763 Dum
370 1732 453 1764 ridet
477 1732 639 1774 carpitque
663 1733 819 1764 Horatius
839 1732 977 1764 mutabi-

205 1775 436 1807 lemAanimum
459 1775 555 1806 villici
585 1777 646 1813 sui,
675 1776 728 1808 cui
757 1778 821 1807 vita
848 1777 976 1814 rustica,

205 1829 302 1860 quam
325 1819 422 1850 modo
447 1820 520 1850 vitae
544 1820 674 1850 urbanae
699 1820 889 1860 praetulerat,
911 1830 977 1849 sor-

205 1863 280 1894 dere
302 1864 407 1903 coepit‚
432 1873 540 1894 versus
565 1863 720 1903 quosdam
744 1865 788 1906 (v.
814 1862 976 1903 37—39.)

206 1906 247 1937 de
275 1907 347 1937 vitae
370 1907 495 1937 rusticae
517 1906 720 1948 jucunditate
746 1914 778 1938 et
800 1907 978 1938 commodis

206 1950 316 1980 inserit
329 1950 538 1981 dulcissimos.

251 2004 279 2023 v.
302 1992 397 2025 1-5.
431 1996 544 2032 villice,
560 2006 666 2026 rerum
688 1995 722 2026 in
742 1994 818 2026 villa
831 1994 980 2025 adminis-

205 2037 389 2068 trandarum
412 2045 547 2075 curator,
570 2049 649 2070 nos:
679 2041 784 2076 meier,
807 2040 974 2070 verwauer.

206 2095 251 2112 ;-
264 2083 342 2112 mihi
361 2093 411 2113 me
432 2084 598 2119 reddentis,
622 2083 676 2113 ubi
700 2082 779 2114 liber
800 2089 832 2113 et
857 2082 980 2112 solutus

205 2124 314 2156 invisis
338 2125 473 2166 negotiis
496 2126 536 2156 ad
562 2136 614 2157 me
640 2126 742 2157 redire
764 2132 796 2157 et
816 2125 895 2156 mihi
919 2125 978 2156 soli

207 2168 310 2199 vivere
325 2169 419 2199 soleo.
507 2171 648 2212 quinque
656 2172 754 2212 jbc1's,
771 2179 824 2209 per
839 2171 978 2210 quinque

193 2213 286 2255 socos
300 2212 445 2253 intelligo
459 2213 599 2254 quinque
614 2213 726 2244 domos
746 2213 796 2244 vel
818 2212 977 2250 aediculas,

207 2258 240 2286 in
253 2257 369 2297 quibus
384 2255 598 2287 habitaverant
613 2257 717 2288 adhuc
731 2257 873 2298 quinque
886 2255 979 2286 fami-

206 2299 269 2335 liae.
298 2310 434 2341 quarum
464 2301 536 2331 boni
562 2307 668 2341 patres
706 2303 798 2343 (nosz
839 2301 976 2331 wacker-e

206 2343 388 2383 hauwiieer)
412 2342 611 2384 negotiorum
634 2355 729 2375 causa
750 2354 783 2375 se
805 2343 879 2374 inde
899 2353 976 2374 con-

205 2387 287 2418 ferre
302 2387 386 2417 soliti
406 2387 534 2417 fuerant
562 2389 699 2425 Variam,
722 2386 911 2427 oppidulum
935 2386 977 2418 ad

208 2430 347 2461 Anienis
360 2429 460 2470 ripam
476 2430 629 2460 dextram.
644 2449 689 2456 —
702 2431 779 2462 Non
801 2430 867 2461 sine
883 2441 978 2461 causa

205 2480 313 2504 autem
330 2473 487 2504 Horatius
495 2473 563 2514 jam
585 2475 625 2505 ab
639 2475 698 2505 hac
712 2482 801 2514 parte
816 2484 978 2504 commen-

205 2517 260 2548 dat
274 2516 381 2548 villam
396 2527 504 2554 suam;
529 2527 603 2547 nam
617 2528 682 2558 quo
695 2518 830 2557 amplior
844 2517 900 2547 illa
914 2517 977 2548 fuit

206 2567 238 2592 et
252 2560 457 2601 frequentior.
473 2570 511 2591 eo
520 2560 696 2601 jucundius
711 2561 755 2592 ibi
770 2561 873 2591 vivere
886 2567 976 2600 pote-

206 2611 255 2636 rat
269 2603 403 2635 villicus.

248 2658 278 2678 v.
301 2645 334 2678 4«.
359 2649 464 2688 spinas
474 2649 631 2688 —spinas
644 2649 770 2679 evellere
781 2659 867 2688 agro,
879 2657 974 2677 sensu

204 2692 342 2732 proprio,
355 2693 480 2723 evellere
500 2694 614 2729 animo,
641 2702 736 2722 sensu
763 2691 974 2730 metaphorice

206 2736 246 2766 de
274 2736 368 2771 curis,
391 2745 465 2776 quae
485 2735 629 2766 animum
655 2742 806 2775 pungunt
839 2740 871 2765 et
892 2735 975 2765 lace-

205 2786 287 2814 rant,
313 2779 362 2809 vel
385 2779 425 2809 de
447 2778 539 2816 vitiis,
610 2789 638 2808 ae
660 2779 804 2809 animum
833 2788 975 2808 corrum-

206 2829 309 2862 punt;
331 2822 415 2853 infra
446 2821 556 2862 Epist.-
584 2822 634 2853 11.
663 2821 694 2852 2.
726 2820 802 2853 212.
839 2823 922 2856 Quid
945 2827 975 2852 te

206 2872 324 2898 exemia
329 2866 428 2906 juvat
441 2867 540 2906 spinis
554 2868 591 2897 de
611 2867 756 2906 pluribus
779 2877 845 2897 una
856 2865 873 2895 ?
901 2864 975 2895 hinc

205 2911 332 2949 spinosae
347 2921 434 2941 curae
447 2909 534 2949 apud
550 2909 668 2941 Catuli.
689 2909 822 2941 LXIV.
842 2907 895 2939 72.

251 2963 277 2983 v.
297 2952 328 2984 5.
355 2960 383 2985 ει
405 2954 510 2986 melior
535 2955 575 2985 sit
600 2955 766 2992 Horatius,
793 2964 836 2985 an
861 2963 920 2992 res,
944 2957 976 2982 et

1023 1565 1132 1590 utrum
1146 1558 1219 1598 plus
1233 1558 1334 1589 valeat
1355 1557 1455 1589 virtus
1482 1557 1610 1589 Horatii
1631 1556 1667 1588 in
1691 1557 1792 1598 repel-

1023 1602 1125 1633 lendis
1146 1601 1370 1643 vincendisque
1392 1602 1440 1638 iis,
1464 1612 1537 1643 quae
1561 1601 1704 1632 animum
1724 1606 1793 1632 turc

1024 1647 1110 1680 bant,
1127 1656 1168 1676 an
1183 1645 1230 1676 vis
1243 1645 1307 1680 ina.
1323 1655 1419 1686 quam
1440 1655 1547 1676 rerum
1575 1644 1792 1676 habendarum

1024 1689 1211 1729 cupiditates
1225 1699 1372 1730 curaeque
1386 1689 1420 1719 in
1434 1689 1579 1719 animum
1591 1689 1719 1720 habent.

1064 1743 1094 1763 v.
1122 1732 1155 1763 6.
1182 1732 1411 1764 Lamiae-de
1440 1734 1477 1768 Q.
1507 1733 1638 1764 AEmilio
1662 1733 1790 1769 Lamia,

1020 1785 1127 1817 quem,
1146 1782 1181 1807 ut
1195 1786 1234 1806 ex
1249 1776 1309 1806 hoc
1333 1785 1461 1817 quoque
1485 1775 1558 1806 loco
1580 1781 1718 1815 appu-et,
1739 1775 1792 1806 in-

1021 1821 1100 1850 u'mo
1122 1829 1228 1850 amore
1248 1820 1433 1858 complexus
1458 1825 1506 1850 est
1531 1818 1699 1856 Horatius,
1723 1818 1789 1850 vida

1021 1873 1116 1903 supra
1148 1863 1211 1894 Od.
1246 1861 1275 1893 I.
1308 1861 1362 1894 26.
1389 1863 1423 1893 in
1449 1864 1585 1904 Argum-
1667 1863 1792 1895 Lamia

1018 1909 1119 1947 pietas
1144 1912 1174 1938 et
1201 1918 1289 1943 cura,
1314 1908 1386 1946 pius
1413 1916 1489 1948 erga
1517 1906 1656 1936 amicum
1681 1916 1792 1937 meum

1026 1950 1172 1981 Lamiam
1198 1959 1287 1981 amor
1306 1956 1350 1981 .et
1377 1949 1418 1980 de
1446 1959 1495 1986 eo,
1524 1950 1660 1990 graviter
1688 1948 1792 1980 fratris

1025 2000 1126 2025 morte
1140 1993 1265 2030 afflicto,
1289 2003 1366 2024 cum
1387 2001 1483 2034 atque
1507 1991 1685 2024 sollicitudo
1696 2004 1707 2031 ς
1725 1993 1792 2024 1ιίιί

1023 2037 1095 2078 quis
1118 2039 1269 2078 pietatem
1301 2037 1342 2068 ad
1370 2037 1546 2068 fraternum
1574 2046 1726 2074 amorem,
1758 2042 1792 2067 et

1023 2091 1135 2112 curam
1150 2081 1190 2111 ad
1205 2080 1327 2111 luctum
1341 2080 1456 2111 referre
1469 2079 1569 2110 malit.
1657 2091 1709 2112 me
1723 2089 1791 2111 mo-

1023 2132 1127 2162 ratur,
1145 2134 1197 2155 me
1217 2124 1330 2155 Romae
1343 2124 1466 2161 retinet,
1489 2133 1542 2154 me
1564 2123 1600 2153 in
1625 2125 1704 2154 urbe
1721 2133 1790 2154 mn·

1022 2178 1098 2199 nere
1107 2169 1209 2209 jubet,
1225 2178 1267 2198 sc.
1287 2168 1370 2198 utin
1389 2166 1510 2199 Lamiae
1523 2167 1587 2197 mei
1599 2165 1718 2198 doloris
1737 2176 1790 2198 no-

1023 2211 1167 2243 ciemtem
1182 2212 1315 2242 veniam.

1065 2265 1094 2286 v.
1120 2254 1152 2286 8.
1177 2266 1265 2287 mens
1279 2256 1476 2296 animusque,
1494 2258 1578 2284 totus
1601 2263 1694 2285 meus
1718 2255 1790 2285 mi-

1020 2309 1114 2337 mus;
1201 2301 1281 2331 istuc
1297 2300 1380 2342 sert,
1409 2298 1445 2328 in
1474 2296 1581 2328 villam
1609 2306 1662 2328 me
1694 2298 1791 2330 trabit

1020 2350 1198 2436 raging-eh
1211 2392 1298 2436 amur
1310 2386 1492 2436 ³1’⁰.‘{⁶⁸¹‘.'''
1510 2387 1561 2420 eL,
1574 2390 1606 2435 et
1617 2384 1790 2424 eupiditate

1021 2427 1789 2514 fflfiffxffissfiasssssfflmbffizffi

1020 2517 1062 2547 cf.
1079 2526 1175 2557 supra
1188 2515 1229 2546 ed
1251 2515 1317 2547 Od.
1338 2515 1410 2547 111.
1426 2514 1477 2546 16.
1498 2513 1549 2546 10.
1617 2518 1721 2556 spatiis
1735 2518 1789 2548 ob-

1020 2561 1136 2591 stantia
1152 2561 1301 2596 claustra,
1318 2559 1435 2590 locutio
1449 2569 1468 2589 a
1482 2557 1567 2590 ludis
1585 2559 1788 2592 Circensibus

1019 2602 1188 2640 translatu
1211 2605 1349 2634 claustra
1363 2609 1438 2633 sunt
1452 2611 1589 2633 eni-ceres
1610 2602 1676 2633 sive

1018 2647 1104 2688 gula,
1121 2646 1236 2688 quibus
1249 2646 1410 2687 quadrigae
1426 2646 1459 2676 in
1475 2645 1559 2676 ludis
1576 2646 1787 2685 Circensibus,

1017 2691 1118 2722 donec
1130 2691 1258 2731 signum
1274 2689 1315 2720 ad
1341 2696 1500 2720 certamen
1523 2689 1665 2724 dabatur.
1681 2700 1703 2721 a
1716 2700 1787 2732 spa.

1018 2736 1060 2765 tio
1077 2734 1123 2776 (h.
1143 2743 1170 2765 e.
1189 2732 1347 2764 curriculo
1369 2733 1434 2764 sive
1458 2732 1575 2772 stadio)
1600 2733 1787 2765 cohibebam

1017 2784 1082 2808 tur·

1062 2831 1090 2851 v.
1119 2819 1168 2851 ll.
1194 2831 1252 2852 sua
1266 2822 1344 2852 nim.
1361 2827 1407 2852 est
1421 2823 1469 2852 od.
1489 2831 1562 2859 sors,
1576 2820 1605 2852 is
1617 2828 1788 2853 moesone

1019 2875 1076 2895 sua
1092 2873 1156 2894 non
1171 2871 1339 2895 contentus
1353 2870 1409 2896 est.
1774 2882 1777 2885 ·

1062 2918 1091 2939 v.
1119 2906 1170 2939 12.
1196 2910 1309 2946 Iocum,
1326 2918 1368 2940 sc.
1393 2908 1428 2939 in
1452 2919 1517 2951 quo
1543 2907 1715 2941 collocun-
1737 2913 1786 2940 ut

1019 2951 1070 2983 vel
1086 2951 1170 2982 vivit.
