1904 3250
227 121 314 159 256

853 121 1158 165 HORATII

1547 131 1703 179 [cAnM.
1726 142 1782 170 xv.

255 246 304 284 15
339 244 427 286 Nec
449 253 587 288 tantus
610 261 792 303 unquam
813 246 997 288 siderum
1016 246 1168 289 insedit
1187 263 1316 305 vapor

454 317 686 359 Siticulosae
709 317 877 372 Apuliae
891 334 901 358 ε

338 388 427 430 Nec
446 404 597 431 munus
619 389 803 430 humeris
824 388 1002 431 efficacis
1026 389 1222 433 Herculis

450 460 604 502 Inarsit
625 461 855 503 aestuosius.

335 532 406 583 At,
430 534 463 573 si
484 532 586 588 quid
607 548 791 589 unquam
813 533 894 575 tale
916 534 1216 590 concupiveris,

247 604 301 641 20

447 601 474 641 J
476 615 598 642 ocose
622 600 850 653 Maecenas,
873 617 1023 659 precor

334 671 512 713 Manum
533 672 674 727 puella
694 674 807 715 savio
827 682 1014 730 opponat
1034 683 1121 725 tuo,

450 743 652 786 Extrema
672 753 713 787 et
733 747 775 788 in
797 746 960 802 sponda
979 746 1118 788 cubet.

812 959 1078 1001 CARMEN
1111 960 1187 1001 IV.

330 1103 471 1146 LUPIS
492 1113 533 1146 et
553 1106 671 1162 agnis
693 1113 848 1161 quanta
869 1106 1015 1146 sortito
1037 1105 1198 1162 obtigit,

445 1172 607 1215 Tecum
628 1173 730 1214 mihi
751 1174 962 1215 discordia
983 1182 1057 1224 est,

210 1325 251 1357 cf.
269 1324 352 1356 infra
365 1325 396 1356 5.
426 1324 479 1356 63.
555 1327 658 1367 fugit,
684 1327 826 1358 Athenas
848 1337 971 1366 nempe,

208 1369 271 1400 vid.
293 1368 476 1408 Apollodor.
497 1369 525 1399 1.
544 1368 574 1400 9.
593 1369 646 1401 28.
735 1374 879 1412 Ser-pente
889 1373 970 1405 alite

210 1414 242 1443 h.
276 1422 325 1486 {6
336 1412 429 1451 alato,
459 1418 496 1443 ut
520 1423 624 1453 supra.
658 1416 798 1455 Pegasus
821 1416 883 1446 ales
907 1414 969 1445 IV.

252 1512 282 1531 v.
300 1499 436 1531 15—18.
456 1502 526 1532 Nec
541 1506 649 1533 tantus
661 1513 805 1543 unquam
818 1503 875 1533 sid.
892 1503 974 1533 inse-

212 1547 257 1576 dit
279 1555 373 1584 vapor
387 1549 458 1574 cett.
478 1554 536 1574 nec
550 1550 638 1576 tanto
651 1555 791 1586 unquam
806 1545 880 1576 solis
893 1550 973 1576 aestu

209 1589 269 1619 sub
285 1587 357 1619 Sirii
371 1593 442 1618 ortu
457 1587 544 1618 arida
557 1587 612 1619 illa
632 1594 713 1619 terra
735 1588 855 1628 Apulia
871 1588 970 1629 (conf.

212 1632 284 1662 ΙΙΙ.
309 1629 362 1661 30.
393 1629 462 1670 ll.)
489 1637 599 1662 exusta
623 1637 679 1668 est,
705 1642 763 1663 nec
785 1638 874 1663 tanto
895 1637 973 1662 aestu

208 1675 298 1706 fortis
312 1674 388 1705 olim
405 1674 562 1705 Hercules
575 1685 630 1714 per
643 1680 759 1706 vestem
780 1686 799 1706 a
823 1675 974 1717 Dejanira

209 1723 369 1758 acceptam
395 1724 555 1758 correptus
579 1724 637 1756 est,
663 1725 782 1760 quanto
806 1728 867 1760 ego
887 1729 973 1750 nunc

207 1772 264 1802 per
273 1761 466 1802 pestiferum,
476 1761 561 1802 quod
570 1763 678 1799 sumsi,
676 1762 835 1812 corripior
843 1762 967 1794 allium
961 1763 967 1784 l

207 1807 345 1837 siderum
369 1816 473 1845 vapor,
501 1811 603 1842 aestus,
630 1805 686 1846 qui
710 1806 797 1837 saevit
819 1807 879 1837 sub
899 1812 970 1836 ortu

211 1848 304 1887 Sirii;
330 1860 460 1884 munus,
487 1848 588 1884 vestis.
615 1849 709 1880 Nessi
729 1859 840 1880 cruore
853 1849 970 1887 tincta3

207 1891 280 1925 vide
307 1891 401 1923 ovid.
430 1892 512 1923 Met.
541 1892 605 1923 IX.
635 1891 697 1924 130
718 1903 802 1934 seqq.
826 1894 969 1935 efficacis,

207 1935 390 1978 gravissima
402 1945 536 1977 quaeque
550 1936 661 1967 effecta
675 1935 841 1973 reddenti&
852 1936 968 1967 invicti.

251 1990 279 2010 v.
301 1978 438 2009 19-22,
454 1981 523 2017 tale,
549 1979 685 2011 suaviter
706 1990 763 2020 pro
784 1979 870 2018 allio,
885 1980 972 2020 quod

207 2033 250 2054 ne
265 2023 393 2054 nomine
406 2023 535 2064 quidem
556 2034 615 2054 suo
635 2033 700 2064 prae
720 2024 789 2065 ejus
811 2029 972 2054 contemtu

208 2066 363 2107 appellat;
378 2066 494 2107 jocose,
520 2066 582 2098 vid.
602 2069 736 2108 Argum.
779 2067 843 2098 Pro
857 2067 970 2108 jocose,

207 2110 293 2151 quod
308 2121 390 2146 sane,
408 2110 467 2140 nisi
481 2110 521 2141 ad
530 2110 652 2152 jocum,
665 2110 704 2142 de
714 2121 778 2151 quo
789 2110 822 2141 ἰιι
835 2113 970 2151 Argum.

207 2153 355 2190 diximus,
370 2153 544 2191 referimus,
566 2165 679 2194 parum
701 2154 887 2185 Maecenatis
900 2154 971 2196 dig-

207 2196 300 2228 nitati
321 2197 476 2235 convenit,
501 2197 664 2238 ingeniose
689 2200 895 2230 Marklandus
923 2208 973 2228 re-

207 2239 409 2272 scribendum
423 2251 488 2271 esse
503 2247 607 2272 censet
619 2254 626 2272 :
645 2243 764 2280 Jocosa,
779 2248 817 2272 ut
830 2241 871 2272 ad
881 2240 970 2281 puel-

209 2284 272 2319 lam
286 2284 457 2322 referatur3
481 2284 535 2315 sed
555 2294 597 2315 ne
618 2285 723 2324 puella
744 2284 883 2326 quidem,
898 2295 970 2326 quae

209 2329 251 2358 ob
264 2327 329 2358 allii
342 2327 485 2358 foetorem
499 2328 607 2358 oscula
619 2328 773 2368 repudiat,
795 2328 869 2359 satis
883 2338 970 2359 cotn-

209 2370 304 2402 mode
307 2370 415 2411 jocosa
430 2370 552 2401 dicitur.
641 2383 776 2404 manum
789 2383 851 2403 sav.
863 2383 969 2413 oppon·

208 2422 280 2452 mog
305 2414 447 2454 Ptopert.
467 2414 784 2447 11.29.39.D1·xit
797 2422 827 2447 et
840 2417 972 2456 opposita

204 2460 377 2500 propellens
389 2459 474 2490 savia
488 2460 592 2489 dextra
616 2461 748 2490 Prosilit.
837 2465 971 2490 extrema

209 2504 244 2534 in
263 2503 380 2542 sponda
400 2502 499 2538 cubet,
526 2508 665 2533 extrema
689 2502 760 2533 lecti
786 2508 873 2541 parte
898 2512 918 2533 a
938 2508 971 2532 te

210 2552 328 2577 semota
341 2546 441 2581 cubet,
456 2554 497 2575 ne
510 2543 576 2575 allii
590 2544 731 2576 soetorem
747 2546 858 2576 trahat.

441 2631 652 2664 CARMEN
676 2631 739 2663 IV.

256 2718 466 2751 Acerbissime
485 2724 576 2758 poeta
589 2718 622 2748 in
636 2718 696 2748 hoc
710 2717 846 2748 carmine
867 2717 968 2748 homi-

210 2763 260 2794 nis
273 2763 450 2805 cujusdam,
469 2761 524 2803 qui
537 2772 556 2793 e
567 2771 656 2792 servo
674 2761 818 2791 tribunus
831 2761 969 2791 militum

208 2807 310 2838 factus
323 2813 400 2844 erat,
415 2804 591 2845 superbiam
605 2811 638 2835 et
649 2804 847 2835 insolentiam
862 2803 967 2835 tradu-

210 2851 264 2881 cit.
308 2851 391 2881 Rem
406 2848 568 2889 indignam
588 2843 681 2889 plane
695 2853 727 2878 et
740 2847 792 2877 vix
806 2847 967 2878 ferendam

210 2903 276 2924 esse
290 2893 343 2931 ait,
359 2893 445 2935 quod
465 2893 570 2929 homo,
593 2891 649 2934 qui
671 2901 777 2922 servus
797 2891 872 2922 olim
896 2889 968 2920 loris

210 2946 307 2968 caesus
320 2943 351 2968 et
365 2935 514 2977 compede
529 2936 650 2967 vinetus
663 2934 767 2972 fuerit,
790 2944 875 2965 nunc
890 2933 968 2965 divi-

1016 1326 1068 1357 tiis
1081 1326 1290 1367 locupletatus
1304 1338 1413 1360 omnes
1427 1328 1504 1360 alios
1519 1339 1582 1368 prae
1592 1339 1625 1361 se
1639 1335 1779 1361 contem-

1016 1377 1080 1406 nat,
1105 1372 1239 1411 superbo
1263 1382 1371 1413 gressu
1394 1373 1427 1403 in
1448 1378 1522 1414 toga
1537 1373 1607 1404 laxa
1627 1383 1682 1413 per
1695 1373 1776 1405 viam

1020 1414 1145 1444 Sacram
1160 1424 1193 1445 se
1206 1415 1460 1455 conspiciendum
1482 1417 1604 1453 inferat,
1626 1417 1780 1467 amplissi-

1016 1465 1069 1487 ma
1083 1457 1250 1488 latifundia
1264 1459 1428 1499 possideat,
1443 1469 1537 1490 curru
1552 1460 1676 1490 mannis
1684 1460 1779 1502 junc-

1017 1506 1050 1530 to
1064 1510 1119 1539 per
1132 1500 1215 1530 viam
1232 1502 1370 1542 Appiam
1384 1502 1503 1541 volitet,
1518 1509 1550 1534 et
1563 1503 1680 1534 tribuni
1695 1503 1778 1533 mili-

1015 1549 1085 1573 tum
1110 1543 1262 1584 dignitate
1291 1546 1471 1585 superbiens
1491 1546 1592 1586 prima
1612 1545 1721 1577 sedilia
1741 1547 1776 1576 in

1016 1587 1223 1626 spectaculis
1213 1594 1295 1618 luter
1309 1589 1428 1629 equites
1441 1589 1651 1630 occupetl—
1666 1589 1776 1631 Vulgo

1014 1629 1156 1681 quidem
1171 1630 1231 1661 hoc
1259 1641 1404 1662 carmen.
1444 1635 1489 1664 In
1526 1636 1603 1665 Sext.
1634 1634 1778 1665 Maemm

1017 1675 1156 1714 Pompeia
1183 1675 1359 1712 Libertum,
1395 1675 1584 1714 inscribitur,
1612 1675 1667 1707 sed
1694 1683 1778 1708 recte

1017 1715 1119 1747 deleta
1142 1722 1189 1748 est
1211 1717 1278 1749 haec
1302 1717 1462 1758 inscriptio
1485 1721 1524 1750 ab
1551 1719 1778 1759 Interpretibus

1016 1759 1248 1792 recentioribus.
1297 1761 1383 1792 Nam
1404 1771 1479 1792 cum
1499 1761 1542 1793 de
1561 1761 1680 1798 tribuni
1693 1762 1779 1794 mili-

1014 1809 1084 1834 tum
1098 1803 1279 1842 honoribus,
1300 1815 1380 1846 quos
1401 1806 1527 1837 Maenas
1547 1805 1683 1846 gesserit.
1698 1804 1777 1836 nihil

1014 1846 1142 1877 aliunde
1157 1853 1287 1886 constet,
1309 1858 1368 1880 nec
1389 1858 1436 1884 ea,
1458 1859 1530 1890 quae
1554 1848 1594 1879 de
1614 1848 1778 1880 servilibus

1014 1889 1114 1930 poenis
1134 1890 1168 1920 in
1189 1891 1249 1923 hoc
1262 1891 1400 1923 carmine
1424 1898 1720 1929 commemorantur,
1742 1892 1778 1923 in

1014 1944 1089 1965 eum
1103 1933 1213 1965 cadere
1227 1934 1400 1972 videantur,
1415 1935 1543 1967 infamis
1559 1935 1695 1977 denique
1708 1936 1778 1977 ejus

1015 1977 1152 2017 perfidia,
1168 1988 1263 2019 quam
1279 1978 1328 2009 vel
1348 1978 1485 2010 maxime
1506 1985 1599 2020 poeta
1611 1985 1777 2011 notaturus

1013 2021 1133 2057 fuisset,
1157 2031 1198 2052 ne
1222 2023 1316 2053 verbo
1330 2022 1459 2063 quidem
1479 2022 1514 2053 in
1535 2033 1574 2054 eo
1587 2028 1694 2054 ιιοιιιι
1706 2022 1777 2054 fue-

1014 2065 1073 2103 rit3
1095 2075 1257 2105 perperam
1277 2065 1359 2096 illud
1379 2075 1399 2096 a
1419 2065 1575 2097 veteribus
1597 2065 1776 2097 Scholiastis

1012 2108 1054 2140 ad
1068 2109 1221 2147 Maenam,
1238 2110 1377 2150 Pompeii
1388 2110 1540 2145 libertum,
1562 2108 1696 2140 relatum
1709 2119 1777 2140 esse

1012 2151 1104 2183 facile
1117 2159 1254 2192 apparet.
1262 2170 1308 2178 —
1319 2151 1437 2184 Incidit
1449 2158 1555 2183 autem
1569 2152 1629 2184 hoc
1637 2162 1773 2190 carmen,

1014 2196 1039 2226 si
1054 2194 1144 2233 illud,
1156 2202 1193 2226 ιιι
1206 2206 1245 2227 ex
1259 2206 1351 2227 versu
1367 2194 1418 2226 19.
1431 2195 1578 2237 colligere
1591 2195 1674 2232 licet,
1689 2205 1775 2228 anno

1013 2238 1134 2270 circiter
1151 2240 1192 2270 U.
1210 2240 1247 2271 C.
1265 2238 1506 2271 DCCXVIII.
1524 2248 1588 2279 quo
1601 2238 1772 2270 exercitum

1012 2288 1120 2314 contra
1136 2283 1280 2323 Pompeii
1304 2282 1447 2314 servilem
1470 2291 1602 2312 manum
1622 2281 1775 2313 missurus

1012 2332 1078 2357 erat
1095 2326 1297 2364 Octavianus,
1318 2325 1468 2365 scriptum
1482 2331 1540 2362 est,
1554 2324 1588 2355 in
1602 2334 1640 2356 ea
1653 2331 1774 2366 tempo·

1015 2380 1060 2407 ra,
1075 2370 1190 2410 quibus
1210 2369 1315 2409 plures
1335 2367 1474 2406 omnino,
1495 2368 1551 2408 qui
1572 2367 1683 2399 infimo
1703 2368 1774 2400 loco

1016 2413 1081 2443 nati
1096 2419 1160 2444 tam
1174 2413 1275 2449 bonis,
1296 2422 1391 2452 quam
1405 2410 1575 2442 honoribus
1588 2409 1774 2452 proscripto-

1012 2466 1084 2487 rum
1099 2455 1140 2486 ad
1154 2466 1187 2486 se
1201 2454 1364 2491 translatis,
1379 2454 1474 2485 altius
1486 2455 1632 2485 verticem
1643 2455 1772 2487 extolle-

1012 2505 1091 2536 rent,
1107 2499 1244 2530 extitisse
1257 2498 1331 2529 satis
1345 2503 1473 2529 constat.
1522 2497 1690 2541 Ejusmodi
1712 2499 1772 2540 igi-

1011 2548 1064 2573 tur
1085 2542 1245 2573 hominem
1269 2541 1531 2583 aliquemscujus
1546 2551 1671 2572 -nomen
1693 2543 1772 2574 scire

1012 2585 1090 2616 nihil
1103 2586 1224 2619 attinet.
1239 2591 1330 2624 poeta
1349 2584 1384 2614 in
1397 2585 1456 2615 hoc
1470 2585 1608 2616 carmine
1622 2592 1772 2627 tanquam

1012 2630 1046 2659 in
1061 2629 1167 2660 tabula
1180 2628 1339 2668 depictum
1354 2627 1499 2659 omnium
1518 2627 1635 2659 derisui
1650 2635 1682 2660 et
1695 2638 1771 2660 con-

1012 2672 1124 2703 temtui
1150 2671 1321 2711 proposuit.
1349 2691 1393 2697 —
1420 2671 1628 2703 obversatum
1654 2672 1771 2704 Nostro

1011 2726 1077 2746 esse
1093 2716 1334 2752 Anacreontem,
1353 2715 1479 2758 Fragm.
1499 2715 1658 2747 XXVII.
1678 2715 1766 2758 (edit.

1012 2757 1135 2808 Fisch.)
1163 2760 1299 2799 Toupius
1321 2758 1354 2788 in
1379 2759 1478 2800 Epist.
1503 2761 1577 2791 Crit.
1601 2769 1674 2802 pag.
1695 2757 1766 2790 180.

1010 2802 1142 2832 monuit.

1052 2856 1080 2875 v.
1116 2844 1208 2875 1-4.
1250 2846 1350 2886 Lupis
1386 2853 1414 2878 et
1443 2857 1515 2886 agn.
1547 2853 1666 2888 quanta
1694 2852 1766 2878 cett.

1014 2889 1179 2925 Quantum
1204 2887 1287 2928 lupis
1308 2898 1381 2919 cum
1493 2895 1649 2928 ,tantum
1663 2895 1768 2922 tecum

1011 2932 1087 2963 mihi
1116 2931 1280 2964 intercedit
1307 2932 1426 2972 odium,
1451 2934 1483 2964 h.
1508 2943 1535 2964 e.
1565 2939 1601 2964 tu
1625 2933 1768 2965 omnium
