1904 3250
201 198 284 236 202

313 321 406 364 Illic
425 322 608 378 plurima
627 323 798 364 naribus

834 196 1136 240 HORATII

1575 204 1684 252 [mn.
1708 214 1765 243 lv,

430 395 574 437 Duces
594 403 702 446 tura,
723 395 911 451 lyraeque
931 402 973 436 et
996 394 1256 452 Berecyntiae

314 465 594 508 Delectabere
615 465 730 506 tibiae

430 536 581 578 Mixtis
601 537 869 588 carminibus,
892 552 977 579 non
999 538 1087 580 sine
1107 538 1271 588 fistula3

226 613 281 651 25
313 609 405 651 Illic
425 609 489 650 bis
510 608 631 664 pueri
651 607 720 650 die

428 678 599 719 Numen
619 693 716 720 cum
736 679 890 720 teneris
911 679 1142 737 virginibus
1163 687 1283 721 tuum

312 750 568 802 Laudantes,
589 751 698 807 pede
719 751 900 794 candido

427 823 480 866 In
500 839 663 866 morem
687 823 846 867 Salium
866 834 931 867 ter
951 825 1139 882 quatient
1158 825 1347 868 humum.

311 897 388 939 Me
408 913 487 939 nec
506 896 674 949 femina,
696 913 774 940 nec
794 913 901 954 puer

220 971 276 1010 30
424 968 533 1019 Jam,
555 983 634 1010 nec
655 983 750 1024 spes
771 969 899 1010 animi
919 968 1091 1010 credula
1111 969 1258 1019 mutui,

309 1037 402 1079 Nec
422 1045 583 1080 certare
596 1039 717 1095 juvat
736 1054 868 1090 mero,

428 1110 520 1153 Nec
540 1111 698 1153 vincire
718 1112 837 1153 novis
858 1119 1050 1167 tempora
1069 1112 1256 1154 floribus.
1269 1138 1328 1145 —

311 1185 397 1229 Sed
417 1199 506 1235 cur,
527 1183 612 1226 heu
631 1182 641 1227 !
675 1183 894 1242 Ligurine,
918 1199 994 1226 cur
1219 1235 1221 1237 ,

425 1254 578 1297 Manat
597 1269 694 1296 rara
712 1270 827 1296 meas
851 1254 1025 1297 lacrima
1043 1270 1120 1312 per
1140 1255 1301 1314 genas?

219 1329 276 1368 35
310 1326 401 1368 Cur
420 1324 602 1367 facunda
619 1339 771 1381 parum
791 1324 947 1366 decoro

425 1395 544 1437 Inter
563 1394 693 1437 verba
712 1395 825 1437 cadit
842 1395 988 1452 lingua
1008 1395 1172 1438 silentio
1193 1395 1212 1437 ?

308 1466 539 1508 Nocturnis
560 1481 640 1523 ego
661 1466 831 1507 somniis

425 1535 454 1577 J
455 1551 523 1576 am
545 1543 715 1591 captum
734 1542 870 1586 teneo,
886 1536 976 1591 jam
996 1534 1212 1577 volucrem
1232 1551 1384 1593 sequor

309 1606 375 1648 Te
395 1620 472 1662 per
492 1604 683 1664 g'ramina
704 1604 853 1647 Martii

218 1684 276 1722 40
426 1679 591 1736 Campi,
613 1687 655 1722 te
674 1694 751 1735 per
771 1694 913 1736 aquas,
936 1679 1055 1731 dure,
1078 1679 1294 1722 volubiles.

231 1841 260 1861 v.
277 1828 416 1860 21-32.
434 1830 505 1861 Illic
518 1834 590 1860 cett.
607 1828 643 1859 in
657 1827 713 1859 illo
726 1827 855 1868 templo,
870 1838 958 1870 quae-

188 1884 315 1916 cunque
329 1880 360 1904 te
374 1872 541 1911 delectant,
564 1873 598 1903 in
618 1873 770 1903 honorem
791 1879 886 1903 tuum
907 1872 957 1902 in-

191 1916 343 1949 stam-abit
358 1917 533 1953 Maximus.
598 1918 685 1957 plur.
703 1927 776 1947 nar.
791 1918 863 1947 duc.
882 1922 957 1947 tura

190 1960 418 2003 significantius
447 1971 504 2001 pro
533 1959 674 2002 vulgari:
715 1958 853 2000 plurima
889 1965 960 1990 tura

190 2004 248 2036 tibi
269 2004 417 2035 adolebit.
499 2006 607 2046 lyraeq.
623 2009 653 2035 et
668 2006 833 2044 Berecynt.
851 2009 961 2044 gratus

188 2047 331 2089 inprimis
354 2048 471 2078 Veneri
492 2048 527 2078 in
548 2048 616 2089 ejus
637 2047 756 2087 templo
783 2047 958 2086 permixtus

189 2092 276 2134 lyrae,
292 2091 376 2123 tibiae
397 2098 429 2122 et
450 2091 565 2122 fistulae
586 2097 697 2122 cantus
722 2100 789 2121 esse
813 2089 956 2128 debebat,

190 2145 265 2167 cum
279 2134 363 2166 idem
377 2134 412 2164 in
426 2134 599 2166 laetioribus
621 2133 781 2171 conviviis,
797 2134 912 2175 quibus
926 2140 959 2164 et

190 2181 258 2220 ipsa
281 2178 500 2214 delectabatur,
524 2177 626 2209 audiri
648 2177 780 2216 soleret3
803 2176 846 2209 cf.
869 2187 956 2217 supr.

191 2222 265 2255 111.
300 2221 350 2253 19.
383 2221 424 2252 18
445 2232 530 2263 seqq.
596 2222 745 2253 Ceterum
774 2228 841 2252 tam
869 2223 956 2263 lyrae,

206 2276 278 2309 quae
291 2266 367 2297 inde
381 2275 476 2305 supra
492 2265 563 2296 111.
585 2264 635 2296 ll.
654 2265 686 2296 6.
711 2267 813 2297 amica
836 2266 957 2305 templis

212 2310 222 2317 '
241 2309 331 2351 'tur,)
357 2319 453 2350 quam
482 2310 564 2340 cibioe
591 2315 624 2340 et
640 2311 773 2352 fistulae,
800 2308 833 2338 in
862 2307 957 2339 sacris

191 2364 268 2386 usus
286 2353 370 2391 fuit3
400 2352 440 2383 de
461 2354 542 2384 tibiae
567 2359 598 2383 et
617 2354 733 2395 fistuloe
752 2352 959 2392 discrepantia

191 2396 255 2429 vid.
272 2407 366 2438 supra
381 2396 422 2428 ad
439 2396 512 2427 111.
533 2395 582 2427 19.
602 2388 654 2427 20.
717 2398 912 2437 Berecyntiae
925 2396 958 2426 h.

182 2443 221 2473 'e.
238 2441 397 2483 Phrygiae,
413 2439 454 2470 cf.
468 2450 553 2479 supr.
572 2440 592 2470 1.
603 2440 624 2470 l.
650 2441 750 2471 mixtis
765 2441 956 2471 carminibus

192 2486 224 2516 h.
243 2496 271 2516 e.
292 2490 457 2520 concentu,
481 2494 575 2524 quem
597 2483 690 2514 mixti
710 2483 793 2514 inter
815 2493 848 2513 se
870 2482 956 2523 lyrae,

192 2528 278 2560 tibiae
299 2533 331 2560 et
349 2527 463 2561 fistulae
477 2526 564 2557 modi
580 2526 739 2565 efficiunt;
762 2526 845 2557 infra
861 2526 902 2557 V.
922 2525 954 2556 9.

194 2572 225 2604 5.
252 2575 386 2604 Summe
409 2572 542 2604 mictum
566 2572 644 2602 tibiis
665 2581 794 2602 carmen
816 2572 894 2611 lyra.
913 2588 957 2594 —-

194 2618 266 2648 Illic
280 2618 325 2648 bis
333 2616 427 2656 pueri
439 2616 487 2646 die
501 2620 572 2645 cett.
590 2614 624 2644 in
640 2614 758 2653 templo
772 2613 828 2644 illo
842 2623 956 2653 puero-

193 2670 266 2691 rum
287 2659 526 2700 puellarumque
548 2658 663 2689 chorus
683 2658 817 2697 hymnos
842 2657 891 2687 vel
911 2657 957 2687 al-

194 2711 283 2735 terna
304 2703 443 2734 carmina
462 2701 497 2732 in
517 2701 628 2732 laudes
647 2707 719 2731 tuas
741 2700 823 2730 inter
844 2699 959 2731 salton-

193 2747 272 2778 dum
286 2745 434 2778 cantabit.
518 2746 562 2777 bis
581 2746 638 2782 die,
661 2743 818 2774 matutino
839 2749 871 2773 et
890 2754 958 2774 ves.

193 2791 316 2830 pertino
330 2797 479 2830 tempore.
502 2795 539 2820 ut
558 2788 592 2819 in
618 2786 712 2819 sacris
740 2786 849 2817 Isiacis
872 2787 958 2826 apud

197 2834 317 2865 Tibull.
338 2834 366 2864 1.
384 2833 416 2865 3.
434 2831 488 2865 31.
569 2834 649 2873 pede
670 2832 812 2868 candido,
834 2830 956 2870 pulcro,

195 2877 273 2908 nihil
295 2877 441 2916 amplius.
487 2878 521 2909 in
534 2886 649 2909 morem
663 2873 795 2911 Salit'lm,
807 2874 848 2905 cf.
867 2884 952 2914 supr.

198 2921 225 2950 Ι.
244 2921 296 2952 36.
319 2920 369 2952 12.
415 2923 555 2963 quatient
575 2921 718 2956 humum,
743 2917 784 2948 cf.
813 2927 897 2959 supr.
926 2917 953 2948 Ι.

196 2962 225 2993 4.
249 2963 296 2995 10.
388 2976 454 3006 spes
474 2965 574 2996 animi
595 2963 721 2995 credula
744 2962 859 2999 mutui,
878 2971 955 3001 spes,

196 3018 290 3048 quam
320 3008 438 3041 creduli
467 3014 606 3041 amantes
633 3005 679 3038 de‘
701 3012 814 3038 mutuo
853 3014 956 3042 amore

1000 1828 1107 1859 fovere
1120 1827 1232 1860 solent.
1256 1834 1374 1860 certare
1383 1839 1478 1867 mero,
1490 1830 1547 1862 ubi
1557 1830 1592 1861 in
1604 1838 1766 1871 compota-

1000 1872 1139 1904 tionibus
1159 1872 1237 1903 alter
1257 1872 1392 1903 alterum
1412 1872 1546 1915 largiore
1566 1874 1631 1905 vini
1651 1875 1767 1908 haustu

1002 1916 1126 1946 vincere
1147 1915 1263 1954 studet,
1288 1922 1326 1947 ut
1346 1916 1430 1948 infra
1453 1917 1557 1958 Epist.
1584 1918 1613 1949 Ι.
1641 1916 1692 1950 19.
1711 1918 1763 1952 ll.

1002 1961 1088 1992 novis
1098 1961 1247 2002 flori-bus,
1262 1956 1387 1991 corollis
1400 1960 1613 1993 convivalibus
1625 1972 1645 1993 e
1657 1972 1766 1995 recen-

1004 2004 1089 2035 tibus
1102 2002 1231 2034 floribus
1246 2002 1346 2034 nexis.

1043 2056 1072 2078 v.
1089 2044 1230 2078 33-40.
1259 2047 1350 2078 Dum
1364 2046 1502 2085 alienum
1523 2059 1609 2080 nunc
1622 2049 1766 2082 ιιιίιιιιιιιι

999 2092 1040 2122 ab
1068 2090 1183 2122 amoris
1217 2090 1339 2122 lusibus
1374 2101 1407 2122 se
1438 2092 1553 2123 habere
1579 2092 1633 2131 ait,
1663 2094 1767 2127 subito

1001 2134 1766 2221 32³⁰...³2d{22:¹2}aess.⁰...¹²‘³..-:¹‚ffffi‘{†..‡¹¹.:⁶

1537 2200 1548 2216 ,
1751 2202 1765 2208 -

999 2232 1101 2259 erum,
1119 2232 1196 2259 esse,
1217 2222 1274 2262 qui
1294 2227 1413 2252 veteres
1436 2220 1579 2253 flammas
1601 2225 1767 2256 walscin-

999 2266 1088 2303 verit,
1115 2265 1301 2296 disimulat.
1315 2282 1360 2289 —
1373 2264 1490 2295 Similis
1512 2265 1579 2297 fere
1602 2265 1693 2300 locus
1719 2275 1767 2300 est

998 2309 1084 2349 apud
1101 2308 1218 2340 Tibull.
1236 2305 1368 2339 1.4·.81.
1388 2307 1443 2338 ubi
1457 2314 1549 2348 poeta
1561 2309 1685 2342 medela
1698 2311 1764 2351 illa,

1001 2363 1066 2394 qua
1078 2352 1175 2383 modo
1189 2351 1258 2382 aliis
1272 2351 1305 2381 in
1319 2361 1426 2382 amore
1439 2362 1621 2384 succurrere
1633 2354 1765 2387 maue-

985 2403 1057 2432 ται,
1073 2406 1107 2427 se
1121 2397 1236 2435 ipsum,
1251 2405 1333 2425 novo
1353 2394 1484 2426 vulnere
1505 2396 1659 2436 saucium,
1680 2398 1766 2430 indl-

998 2449 1074 2482 gere
1087 2439 1190 2469 sentit.
1236 2450 1311 2469 rara
1329 2440 1470 2475 lacrima,
1493 2450 1564 2481 quae
1622 2443 1697 2474 reim
1711 2443 1766 2485 (ut

1002 2483 1119 2514 Noster
1141 2492 1237 2522 supra
1252 2482 1281 2512 Ι.
1310 2480 1360 2513 13.
1378 2481 1409 2512 7.
1434 2482 1575 2524 loquitur
1610 2486 1646 2517 in
1667 2497 1765 2526 genas

999 2528 1126 2558 labitur.
1176 2526 1226 2557 Cl.
1268 2527 1393 2557 Mitsch.
1425 2533 1585 2567 comparat
1621 2529 1762 2572 Meleag-

1002 2569 1106 2601 LIII.
1135 2568 1163 2599 l.
1192 2570 1291 2600 Anth.
1321 2569 1423 2600 Graec.
1449 2570 1488 2601 T.
1506 2570 1535 2601 1.
1549 2573 1584 2610 ’μ
1605 2571 1656 2603 17.
1704 2575 1767 2606 AIu'

999 2627 1047 2654 μοι
1061 2612 1131 2645 δύνει
1145 2613 1195 2653 μὶν
1211 2614 1236 2644 ἰν
1251 2612 1343 2644 οὔασιν
1358 2613 1434 2655 ἦχος
1449 2614 1588 2657 ''Eg-ns,
1605 2615 1714 2656 Ὀμμα
1735 2616 1764 2650 δὲ

1002 2657 1264 2731 120..ssss
1285 2655 1633 2733 flxxffss‘wss.
1661 2660 1766 2735 ἔξω

1003 2745 1043 2775 Τ.
1064 2744 1092 2775 1.
1111 2754 1141 2784 p.
1160 2710 1407 2785 250.pejgtrismodi
1421 2723 1560 2783 lacrima,
1573 2712 1669 2787 guain
1683 2713 1766 2779 ἑῇ..

982 2814 983 2820 ,
1001 2788 1061 2818 lior
1073 2797 1162 2818 amor
1174 2787 1330 2828 exprimit,
1342 2788 1459 2831 χλυςδν
1473 2787 1564 2832 δάκρυ
1577 2796 1764 2822 vocatur.—

1000 2833 1081 2862 cadit
1095 2831 1127 2861 h·
1146 2841 1174 2861 e.
1186 2833 1380 2871 praeciditum
1396 2838 1434 2862 ut
1450 2831 1555 2863 Plaut.
1575 2832 1649 2864 Mil.
1671 2834 1762 2866 Glor-

1002 2874 1065 2905 1v.
1083 2873 1115 2904 6.
1132 2873 1185 2906 56.
1203 2874 1243 2905 de
1256 2874 1367 2916 lingua
1380 2876 1615 2908 obmutescente
1629 2876 1764 2909 dicit.-

1001 2920 1081 2950 inter
1097 2920 1195 2956 verba,
1210 2918 1254 2949 sic
1271 2917 1368 2956 Dido,
1386 2919 1500 2949 AEneae
1521 2930 1628 2951 amoee
1641 2931 1764 2961 perver-

1002 2972 1053 2992 sa:
1080 2964 1195 3004 Incipit
1218 2962 1316 3003 effari,
1333 2965 1492 3004 mediaque
1506 2965 1541 2995 in
1555 2975 1624 2996 voce
1637 2967 1759 2997 resistit.

1001 3012 1031 3036 et
1046 3006 1089 3037 sic
1105 3007 1137 3037 in
1152 3007 1263 3037 veteris
1277 3006 1421 3039 carminis
1435 3006 1612 3049 fragmento
1625 3007 1760 3046 AEdimi,

1890 2892 1899 2902 .,

1888 2922 1895 2960 ÷
