1904 3250
221 157 273 195 68

846 154 1149 198 HORATII

1610 161 1720 208 [Lm.
1744 171 1771 198 1.

698 352 1032 394 CARMEN
1075 353 1289 396 XXXV.

810 500 878 531 AD
904 500 1190 533 FORTUNAM.

337 633 378 675 O
400 633 531 681 D1vA,
554 638 717 688 gratum
740 647 834 687 quae
855 633 964 689 regis
986 632 1174 682 Antium,

339 705 527 746 Praesens
549 704 612 745 vel
634 705 717 745 imo
738 704 883 746 tollere
905 705 957 746 de
977 705 1112 763 gradu

452 773 636 815 Mortale
658 789 822 830 corpus,
846 774 910 816 vel
932 775 1134 830 superbos

566 844 741 886 Vertere
761 844 975 886 funeribus
997 844 1230 900 triumphos
1245 861 1268 885 ε,

219 1007 302 1037 supr.
327 997 354 1027 Ι.
383 995 431 1027 16.
457 996 510 1027 26.
535 999 658 1029 mitibus
680 1004 801 1029 mutare
823 999 974 1029 tristia-

219 1043 370 1081 insignem
384 1051 426 1071 sc.
446 1040 585 1080 imperio,
608 1041 777 1072 honoribus
788 1054 798 1079 ;
821 1048 972 1079 attenuat,

219 1083 364 1124 deprimit
386 1084 426 1115 ad
451 1084 634 1115 tenuitatem
660 1084 708 1115 vel
732 1084 972 1122 obscuritatem;

219 1129 319 1165 Deus,
334 1127 469 1167 Jupiter.
517 1129 642 1160 obscura
648 1139 804 1168 promens
817 1138 854 1158 ex
864 1130 973 1159 obscu-

218 1171 308 1202 ritate
322 1177 490 1211 protractos
503 1171 611 1212 gloriae
625 1171 789 1211 splendore
798 1171 974 1210 illustrans;

219 1213 400 1246 insolentior
427 1225 580 1256 generum
609 1215 796 1255 permutatio
832 1215 864 1245 in
899 1217 973 1253 ima,

218 1259 379 1299 insignem,
405 1260 541 1294 obscura,
565 1259 716 1298 permovit
739 1261 916 1291 Bentleium
945 1265 977 1289 et

221 1303 478 1342 Cuningamium,
500 1308 538 1333 ut
559 1302 612 1333 ille
626 1312 682 1341 pro
695 1304 848 1342 insignem
868 1302 976 1343 legen—

219 1345 296 1376 dum
310 1355 376 1375 esse
390 1352 542 1376 censeret.
568 1347 705 1386 insigne;
730 1346 794 1377 hic:
820 1347 974 1386 insignia,-

218 1388 272 1420 sed
294 1398 367 1419 cum
389 1388 422 1418 in
447 1389 504 1419 hac
525 1399 650 1430 quoque
670 1399 714 1427 re,
736 1396 774 1420 ιιι
794 1389 915 1421 erudite
935 1389 975 1420 ad

217 1433 302 1463 hunc
315 1431 418 1463 locum
434 1432 542 1464 docuit
555 1435 680 1465 Mitsclz.
696 1438 822 1464 secutus
836 1433 875 1464 sit
891 1433 975 1464 Nos-

217 1481 263 1506 ter
282 1475 462 1516 exemplum
486 1476 679 1514 Graecorum,
702 1477 806 1507 neutri
828 1476 975 1508 emenda-

217 1519 295 1550 tioni
320 1519 409 1550 locus
433 1519 656 1561 relinquendus
680 1520 822 1558 videtur;
846 1520 880 1550 in
905 1530 975 1550 sen-

217 1562 346 1594 tentiam
367 1562 496 1594 laudant
519 1563 651 1594 Hesiod.
670 1565 759 1607 'QEgy
778 1563 975 1595 5-7.‘1>25oe

216 1619 267 1648 μεν
297 1607 355 1650 γὰρ
384 1608 482 1649 βριάει,
512 1607 561 1650 ῥέοι
591 1606 617 1638 δὲ
646 1610 782 1651 βριάοντα
811 1608 973 1649 χαλέπτει,

216 1651 293 1681 ‘1²:72
307 1649 328 1680 δ’
345 1651 480 1693 ἀρίζηλον
493 1651 604 1691 μινύθει
628 1653 795 1692 (insignem
816 1651 972 1691 attenuat)

216 1694 269 1724 καὶ
289 1692 393 1727 αἶκλον
409 1694 489 1733 ἀέξει,
511 1695 588 1725 ‘Pn‘a
603 1693 630 1725 δε
646 1695 673 1726 τ’
689 1694 775 1726 ἷθυνει
790 1695 902 1726 onnam
923 1696 975 1725 καὶ

217 1736 343 1780 ἀγήνορα
368 1738 468 1780 κάρφει
497 1738 562 1771 Ζεὺς
590 1739 644 1776 ὕψι
637 1738 796 1781 ιβριμὲτη,.
887 1739 975 1770 Hinc

216 1781 332 1821 apicem
354 1786 424 1811 cett.
443 1791 523 1821 quos
537 1781 744 1822 designaverit
764 1788 855 1821 poeta
870 1781 902 1811 in
918 1792 973 1812 an-

216 1823 437 1861 tecedentibus,
453 1828 558 1866 (reges
570 1835 684 1865 nempe
705 1831 736 1855 et
757 1824 925 1865 principes)
941 1825 974 1855 in

215 1866 264 1897 his
277 1866 404 1908 adjectis
417 1868 517 1908 magis
530 1868 675 1899 declarat.
693 1871 818 1909 apicem,
835 1868 975 1918 intellige

214 1910 334 1948 tiaram,
359 1911 423 1941 sive
446 1911 566 1951 pileum
590 1922 664 1943 cum
693 1912 780 1952 apice
808 1912 975 1949 eminente,

217 1963 328 1995 regum
351 1955 550 1986 barbarorum
576 1955 718 1995 inprimis
743 1956 876 2006 insigne,
897 1955 973 1997 jam,

219 1999 271 2040 (ut
284 1996 368 2037 apud
383 2007 439 2028 nos
453 1998 517 2029 fere
531 1998 656 2039 corona)
680 2009 736 2038 pro
750 1999 818 2039 ipso
831 1999 972 2039 imperio.

217 2042 373 2076 Fortuna,
397 2041 464 2077 dea,
483 2042 574 2083 cujus
586 2052 703 2073 munus
716 2049 855 2073 versatur
868 2043 902 2072 in
920 2053 973 2073 ex-

1017 996 1195 1028 felicissimo
1232 996 1395 1036 utriusque
1424 996 1630 1036 expeditionis
1663 1004 1775 1030 eventu

1017 1041 1156 1072 facturus
1171 1040 1332 1082 vulgarem
1346 1040 1551 1072 sententiam:
1581 1043 1606 1074 0
1621 1042 1774 1080 Fortuna,

1018 1095 1102 1115 serva
1119 1087 1270 1116 Caesarem
1286 1094 1361 1115 cum
1374 1085 1506 1115 eaeercieu
1521 1091 1628 1116 contra
1644 1087 1775 1118 Britan-

1017 1139 1072 1159 nos
1092 1129 1318 1170 profecturum,
1342 1133 1371 1158 et
1382 1127 1455 1168 fac,
1480 1133 1518 1159 ut
1540 1139 1630 1160 arma
1653 1140 1673 1160 a
1693 1131 1777 1161 bellis

1018 1173 1187 1203 domesticis
1197 1174 1238 1203 ad
1250 1172 1421 1203 domandas
1431 1177 1536 1211 gemes
1549 1173 1691 1204 barbaras
1705 1184 1776 1204 con-

1018 1220 1192 1247 vertantur.
1242 1214 1391 1245 Fortunae
1404 1214 1575 1254 potentiam
1591 1215 1775 1247 celebrando

1018 1257 1062 1288 ita
1082 1258 1292 1298 amplificavit,
1314 1265 1352 1289 ut
1371 1267 1496 1288 carmen
1518 1258 1616 1290 exiret
1638 1259 1775 1300 splendi-

1019 1300 1192 1332 dissimum.
1205 1319 1250 1327 -—
1261 1301 1295 1332 Si
1305 1301 1376 1342 quis
1386 1300 1574 1343 cogitaverit,
1588 1313 1681 1343 quam
1694 1313 1775 1342 saepe

1018 1344 1095 1376 felix
1109 1345 1262 1376 bellorum
1286 1346 1388 1376 exitus
1407 1355 1427 1376 a
1450 1344 1598 1376 Fortunae
1618 1345 1723 1378 favore
1745 1353 1776 1377 et

1019 1388 1145 1419 arbitrio
1158 1388 1304 1428 pendeat,
1318 1388 1355 1426 is,
1369 1394 1492 1428 poetam
1513 1388 1547 1419 in
1561 1390 1776 1421 coacervandis

1019 1437 1151 1463 summae
1176 1432 1271 1473 hujus
1302 1431 1382 1463 Deae
1412 1432 1559 1472 potentiae
1586 1432 1775 1474 imaginibus

1018 1481 1082 1506 tam
1104 1475 1242 1506 multum
1257 1482 1289 1506 et
1301 1474 1462 1515 copiosum
1482 1474 1588 1512 fuisse,
1612 1486 1676 1507 non
1697 1476 1776 1508 adeo

1018 1518 1190 1550 mirabitur.
1203 1537 1247 1544 —
1260 1519 1389 1558 Optime
1417 1524 1522 1550 autem
1551 1519 1647 1551 totius
1681 1520 1776 1562 hujus

1019 1562 1165 1593 carminis
1178 1562 1274 1594 finem
1295 1563 1340 1593 ita
1361 1561 1509 1593 constitui
1529 1573 1619 1603 posse
1639 1569 1727 1602 puto,
1749 1563 1776 1594 si

1018 1605 1098 1637 illud
1111 1606 1227 1637 dixeris
1247 1609 1415 1648 Hymnum
1429 1608 1464 1638 in
1479 1607 1666 1645 Fortunam,
1681 1618 1776 1649 quem

1018 1652 1060 1680 ad
1088 1650 1182 1690 liujus
1208 1652 1272 1681 deae
1294 1650 1452 1692 savorem,
1490 1651 1632 1690 Augusto
1668 1656 1776 1682 comm

1018 1695 1190 1725 Britannos
1228 1694 1404 1735 profecturo
1441 1694 1680 1730 conciliandum,
1719 1696 1774 1734 pia

1018 1742 1118 1768 mente
1134 1739 1286 1768 cecinerit.
1336 1736 1388 1767 Sic
1408 1737 1549 1778 argutiis,
1565 1736 1680 1778 quiBus
1700 1747 1776 1768 one·

1018 1786 1126 1811 rarunt
1153 1781 1212 1811 hoc
1239 1790 1365 1811 carmen
1400 1779 1547 1812 nonnulli
1581 1781 1771 1820 interpretes,

1016 1823 1108 1854 facile
1122 1823 1321 1864 supersedere
1333 1833 1508 1864 possumus.

1061 1878 1089 1898 v.
1119 1866 1212 1898 1-8,
1237 1873 1320 1908 grat.
1347 1878 1418 1909 quoe
1439 1878 1502 1908 reg.
1530 1869 1667 1899 Antium
1687 1867 1720 1898 h·
1744 1878 1772 1899 e.

1019 1921 1090 1952 quae
1111 1910 1234 1951 imperii
1255 1911 1303 1941 tui
1328 1910 1435 1942 sedem
1455 1911 1551 1942 habes
1576 1911 1677 1949 Antii,
1698 1912 1776 1943 urbe

1019 1964 1084 1995 prae
1103 1955 1212 1986 ceteris
1225 1953 1281 1985 tibi
1295 1964 1385 1992 σοι-ας
1407 1953 1674 1995 quemadmodum
1686 1964 1775 1987 nem-

1019 2008 1059 2038 pe
1088 1998 1198 2029 Venus
1226 1999 1267 2029 ob
1294 1997 1500 2038 praecipuum,
1529 2007 1593 2039 quo
1615 1999 1649 2029 in
1673 1998 1776 2030 insula

1021 2043 1126 2082 Cypro
1153 2041 1320 2083 gaudebat,
1348 2040 1471 2072 cultum
1498 2051 1582 2080 supr.
1617 2041 1646 2073 1.
1676 2040 1712 2082 3.-
1742 2040 1772 2073 l.

215 2084 380 2125 sequendis
394 2090 426 2114 et
439 2084 659 2124 perficiendis
651 2085 698 2122 lis,
720 2096 790 2127 quae
805 2096 844 2116 ex
859 2086 975 2117 summi
1012 2092 1122 2126 potens
1146 2087 1241 2127 Cypri
1262 2092 1295 2116 et
1310 2085 1338 2115 Ι.
1357 2083 1409 2115 30.
1430 2083 1459 2114 1.
1477 2086 1584 2126 regina
1610 2087 1706 2117 Gnidi
1718 2095 1773 2126 ap-

217 2127 267 2158 dei
292 2127 422 2158 consilio
446 2128 559 2168 cuique
587 2129 705 2159 homini
735 2130 857 2160 decreta
879 2137 972 2168 sunt;

216 2182 320 2212 rapax,
347 2171 428 2201 refer
449 2172 488 2202 ad
510 2172 603 2213 hujus
631 2172 698 2203 deae
727 2173 915 2204 violentiam.
929 2191 973 2197 —

216 2226 290 2247 cum
316 2216 444 2246 stridore
469 2222 569 2253 acuto,
601 2213 747 2255 praeclara
770 2216 876 2258 imago
906 2217 972 2248 deae

216 2264 290 2289 cum
304 2258 424 2298 impetu
438 2238 610 2290 advolaritis
625 2265 656 2290 et
670 2259 790 2290 alarum
805 2259 974 2301 agitatione

216 2311 342 2343 gravem
356 2301 518 2332 stridorem
533 2301 669 2340 edentis3
693 2303 732 2333 de
747 2305 901 2341 Fortuna,
917 2306 974 2335 dea

216 2347 310 2381 alata,
336 2344 397 2375 vid.
426 2345 603 2376 Commeat.
629 2346 668 2376 de
691 2348 764 2377 alat.
788 2348 974 2386 imaginibus

217 2399 247 2429 p.
277 2387 330 2420 3).
365 2390 499 2425 sustulit,
530 2389 695 2431 (haebreo-¹3)
726 2371 869 2421 auferre&
876 2391 972 2428 Solet;

213 2434 349 2473 posuisse
363 2441 438 2472 pro:
465 2432 655 2472 imposuisse.

402 2518 610 2550 CARMEN
635 2520 788 2550 XXXV.

265 2608 428 2644 Quantum
449 2616 498 2637 ars
518 2612 550 2636 et
571 2606 732 2646 ingenium
753 2606 859 2647 magni
874 2613 973 2646 poetae

219 2652 252 2681 in
266 2649 406 2690 simplice
425 2649 529 2691 aliqua
549 2649 701 2680 sententia
722 2650 901 2680 exornanda
920 2661 971 2681 va·

219 2695 290 2731 leat,
314 2693 347 2725 id
370 2703 408 2725 ex
434 2693 493 2732 boe
516 2699 548 2723 et
571 2693 645 2723 huic
670 2692 822 2723 similibus
847 2693 972 2724 Horatii

219 2738 406 2768 carminibus
419 2736 535 2777 optime
555 2736 689 2777 intelligi
708 2742 818 2775 potest.
832 2754 875 2760 —
888 2737 972 2768 Con-

219 2782 379 2821 scripserat
402 2781 568 2822 Augustus
592 2780 634 2811 U.
666 2779 702 2810 C.
733 2780 967 2811 DCCXXVI.

220 2824 299 2855 duos
312 2825 464 2855 exercitus
484 2833 522 2855 eo
542 2823 682 2860 oonsilio,
705 2828 742 2854 ut
759 2823 891 2853 alterum
906 2823 972 2863 ipse

219 2875 326 2898 contra
356 2869 524 2899 Britannos
558 2867 695 2903 duceret,
723 2866 856 2897 alterum
891 2867 971 2898 duce

224 2911 309 2942 AElio
332 2911 424 2942 Gallo
446 2911 478 2942 in
503 2910 649 2944 Arabiam
670 2909 814 2941 mitteret.
864 2910 968 2942 Hora-

220 2953 280 2984 tius
303 2954 397 2994 igitur
414 2956 481 2996 jam
503 2964 607 2994 preces
627 2954 661 2985 in
682 2954 740 2985 hoc
762 2953 898 2985 carmine
911 2964 968 2994 pro

1017 2129 1159 2169 pellatur,
1181 2130 1223 2160 ita
1247 2130 1403 2165 Furtum,
1428 2128 1519 2158 Antii
1539 2127 1682 2168 inprimis
1701 2129 1773 2160 reli-

1015 2172 1187 2213 giosissime
1214 2172 1308 2207 culta,
1340 2173 1475 2204 Antium
1509 2182 1613 2211 regere
1645 2171 1770 2204 dicitur.

1019 2215 1094 2247 Fuit
1107 2222 1213 2247 autem
1228 2216 1364 2246 Antium
1380 2215 1481 2256 (nunc
1496 2217 1584 2246 Anzo
1602 2217 1769 2255 Rovinato)

1016 2259 1168 2299 oppidum
1190 2258 1273 2289 Latii
1294 2257 1494 2292 maritimum,
1519 2257 1670 2289 Fortunae
1692 2265 1771 2290 tern-

1017 2302 1071 2342 plo
1091 2301 1340 2338 nobilissimum;
1363 2301 1404 2331 cf.
1436 2303 1576 2333 Tor-rene.
1594 2301 1636 2333 ad
1656 2295 1688 2334 ki.
1701 2302 1723 2334 l.
1740 2295 1790 2334 et'

1018 2347 1100 2378 Phil.
1121 2357 1140 2376 a
1168 2347 1268 2377 Turre
1290 2346 1498 2376 Monumenta
1519 2351 1575 2376 vet.
1593 2348 1671 2377 Ant.
1692 2356 1719 2377 c.
1741 2345 1769 2377 l.

1017 2399 1212 2429 —praesens‚
1223 2399 1295 2429 quae
1308 2387 1414 2418 statim
1428 2394 1534 2427 potes;
1556 2391 1600 2420 dii
1607 2397 1774 2430 proeseneeae

1016 2432 1172 2467 dicuntur,
1185 2433 1238 2473 qui
1247 2431 1411 2470 praesentia
1421 2441 1477 2462 sua
1487 2433 1591 2463 statim
1602 2434 1773 2473 potentiam

1016 2485 1106 2506 suam
1127 2475 1293 2512 declarant,
1316 2480 1479 2514 potentes;
1502 2475 1615 2516 passim
1636 2486 1772 2518 quoque,

1016 2519 1071 2560 qui
1099 2529 1243 2570 praesens,
1272 2519 1303 2548 h.
1326 2529 1353 2549 e.
1382 2518 1589 2557 celerrimum,
1617 2519 1771 2551 auxilium

1016 2563 1130 2593 ferunt.
1219 2564 1272 2593 im.
1288 2563 1353 2593 toll·
1370 2564 1466 2602 degr.
1484 2567 1574 2594 mor't.
1592 2573 1672 2603 corp.
1689 2563 1721 2594 h.
1740 2573 1768 2594 e.

1015 2605 1160 2636 mortales
1188 2615 1226 2636 ex
1251 2605 1362 2646 infimo
1386 2605 1427 2636 ad
1451 2615 1610 2636 summum
1635 2605 1770 2647 gradum

1017 2649 1173 2680 extollere.
1259 2650 1379 2689 superb.
1409 2655 1484 2680 vert.
1501 2650 1586 2691 fim-
1618 2651 1766 2690 triumph.

1015 2691 1209 2732 splendidam
1238 2691 1398 2723 victoriam
1425 2697 1547 2723 mutare
1574 2693 1607 2722 in
1635 2692 1765 2724 cladem.

1018 2736 1067 2767 Cl.
1086 2737 1210 2767 Mitscli.
1226 2735 1377 2775 explicat:
1405 2739 1427 2755 ‘⁸
1438 2745 1584 2775 pompam
1598 2734 1770 2776 triumpha-

1016 2779 1078 2810 lem
1092 2779 1125 2809 in
1139 2779 1303 2810 funebrem
1316 2785 1448 2816 mutare,
1470 2784 1508 2809 ut
1526 2789 1584 2819 pro
1597 2778 1767 2820 triumpho,

1015 2833 1109 2864 quem
1122 2822 1219 2853 victor
1231 2830 1357 2853 acturus
1377 2828 1452 2859 erat,
1473 2821 1571 2853 funus
1591 2821 1658 2863 ejus
1672 2822 1767 2854 duca-

1014 2874 1074 2897 mr.
1080 2866 1101 2878 '²
1124 2865 1156 2895 in
1177 2875 1271 2906 quam
1294 2875 1358 2897 rem
1385 2864 1439 2896 ille
1459 2865 1567 2896 laudat
1587 2865 1767 2907 exemplum

1015 2910 1123 2940 Drusi.
1153 2910 1247 2940 Auct.
1279 2908 1406 2941 Consol-
1433 2903 1475 2939 ad
1500 2908 1570 2940 Liv.
1603 2907 1656 2940 27.
1704 2910 1766 2942 Sed

1012 2961 1130 2994 quanto
1144 2953 1242 2995 major
1257 2958 1287 2983 et
1301 2952 1455 2993 potentior
1476 2959 1602 2992 apparet
1626 2953 1764 2989 Fortuna
