1904 3250
190 211 275 249 376

255 337 258 348 ¹
310 335 536 394 Nigrisque
557 345 619 378 est
640 335 742 377 oleis
762 334 890 376 hodie
908 334 1038 377 locus.

823 208 1150 254 HORATH·

1577 220 1687 269 [Lm.
1710 232 1759 260 11.

1102 335 1231 379 Haud
1250 338 1308 380 ita
1327 340 1490 395 pridem

308 404 479 446 Galloni
501 405 708 460 praeconis
728 412 820 445 erat
837 404 1079 459 acipensere
1093 420 1238 448 mensa

306 476 489 518 Infamis.

554 475 702 526 Quid?
732 484 821 518 tum
842 476 1043 519 rhombos
1063 478 1202 520 minus
1222 495 1393 536 aequora
1413 482 1613 525 alebant?

305 548 443 591 Tutus
464 556 553 589 erat
573 547 791 599 rhombus,
813 555 988 605 tutoque
1009 549 1170 591 ciconia
1187 550 1290 592 nido
1301 567 1313 602 ;

216 626 270 662 50
302 622 452 662 Donec
474 636 547 662 vos
569 628 716 663 auctor
737 621 881 664 docuit
900 623 1136 678 praetorius.

1200 623 1331 681 Ergo,

304 694 347 735 Si
370 693 462 749 quis
483 707 595 735 nunc
616 708 784 751 mergos
807 709 954 736 suaves
975 694 1158 736 edixerit
1178 709 1307 746 assos,

302 766 474 808 Parebit
493 767 612 822 pravi
634 766 781 809 docilis
806 767 1000 810 Romana
1021 769 1234 824 juventus.

302 838 508 881 Sordidus
530 855 555 880 a
574 840 690 881 tenui
711 840 823 882 victu
844 840 1028 892 distabit,
1053 840 1196 883 Ofello

296 908 323 949 J
327 908 474 958 udice3
505 924 604 950 nam
624 908 782 951 frustra
801 910 948 951 vitium
970 910 1164 952 vitaveris
1186 909 1305 961 illud,

208 981 262 1019 55
299 978 343 1019 Si
363 986 404 1019 te
426 977 508 1019 alio
529 992 706 1033 pravum
728 978 967 1020 detorseris.

1030 979 1277 1030 Avidienus,

297 1051 378 1092 Cui
403 1050 545 1101 Canis,
563 1066 622 1092 ex
643 1066 744 1093 vero
765 1051 952 1102 ductum,
977 1066 1210 1109 cognomen
1232 1051 1434 1103 adhaeret,

295 1123 602 1181 Quinquennes
624 1123 736 1166 oleas
759 1133 822 1167 est
842 1133 885 1167 et
905 1125 1110 1166 silvestria
1130 1140 1272 1176 corna,

216 1250 245 1270 v.
262 1239 403 1271 46-50.
417 1242 588 1283 ,Nigr-isque
620 1243 697 1276 oleis,
726 1242 809 1282 nigri
834 1242 946 1273 coloris

175 1283 269 1320 oleas,
285 1290 323 1315 ut
335 1286 480 1315 observat
495 1286 662 1321 Gesner-us,
679 1284 718 1315 ad
730 1285 943 1316 condiendum

174 1328 377 1358 commendat
394 1328 521 1359 Colum.
543 1327 631 1358 XII.
652 1326 704 1365 48,
720 1326 773 1359 49.
793 1329 834 1359 cf.
861 1331 942 1360 Voss.

172 1371 213 1401 ad
231 1371 323 1412 virg.
343 1372 463 1413 Georg.
482 1371 533 1403 11.
551 1370 604 1402 85.
683 1374 786 1404 Haud
810 1374 855 1403 ita
874 1374 943 1413 pri-

172 1417 241 1446 dem
257 1421 343 1451 cett„
361 1425 427 1446 non
441 1415 484 1446 ita
499 1414 623 1455 pridem
637 1425 740 1455 praeco
767 1417 941 1454 Gallorum,

172 1458 258 1498 quod
285 1465 398 1498 praeter
419 1469 550 1490 censum
574 1464 607 1490 et
631 1459 838 1498 disciplinam,
862 1465 942 1490 tam-

171 1512 268 1542 quam
283 1509 364 1534 esset
376 1503 473 1533 homo
495 1501 582 1533 dives
606 1508 638 1533 et
662 1502 806 1539 nobilior,
833 1502 941 1544 magni

170 1545 263 1584 pretii
277 1545 489 1586 acipenserem
514 1545 549 1576 iu
573 1555 682 1576 mensa
705 1545 821 1587 apponi
841 1545 942 1586 jusse-

170 1595 227 1625 rat,
245 1595 354 1620 notam
370 1589 428 1620 sibi
444 1589 599 1620 contraxit
611 1589 761 1620 infamiae.
780 1607 825 1615 -
839 1591 935 1622 Sclzol.

173 1635 268 1675 Cruq.
291 1634 451 1665 Gallonius
460 1644 565 1673 praeco
575 1635 700 1674 primus
716 1633 812 1675 (inter
822 1643 940 1673 praeco-

169 1677 240 1716 nes)
256 1678 465 1717 acipenserem
482 1677 600 1716 piscem
627 1687 694 1708 suae
717 1687 834 1708 mensae
847 1688 941 1717 appo-

167 1721 241 1756 suit,
272 1731 367 1761 quare
392 1720 460 1761 qius
486 1731 594 1752 mensa
623 1732 642 1751 a
669 1721 795 1752 Lucilio
818 1731 938 1762 quoque

167 1769 301 1795 taxatur.
351 1763 472 1794 Versus
488 1763 606 1795 Lucilii
621 1763 732 1794 servati
757 1772 832 1794 sunt
853 1763 939 1803 apud

147 1806 237 1837 ·Cic.
262 1806 302 1837 de
331 1806 401 1837 Fin.
434 1806 485 1837 11.
515 1806 546 1837 8.
598 1808 623 1839 0
646 1809 749 1843 Publi,
775 1808 939 1848 Ogurges,

171 1851 305 1884 Galloni,
321 1862 353 1881 es
367 1852 455 1881 homo
479 1852 581 1887 miser,
609 1851 723 1891 inquit,
751 1853 883 1884 Coenasti
903 1852 938 1882 in

164 1895 225 1924 vila
242 1905 411 1934 nunquam
425 1895 511 1930 bene,
528 1906 602 1926 cum
617 1896 721 1926 omnia
735 1895 771 1926 in
785 1896 846 1925 ista
857 1897 937 1926 Con-

164 1939 261 1968 sumis
277 1939 388 1978 squilla
403 1943 498 1979 atque
512 1939 687 1979 acipensere
701 1949 775 1970 cum
790 1940 938 1969 decuma-

163 1992 214 2011 no.
288 1983 388 2012 Piscis
409 1982 569 2022 acipenser
584 1981 677 2023 (stb'r)
693 1981 778 2022 apud
793 1991 852 2012 nos
865 1981 936 2022 qui-

164 2023 236 2054 dem
253 2034 328 2062 non,
344 2031 381 2055 ut
395 2025 483 2062 olim,
502 2025 580 2067 (vid.
600 2026 719 2057 Heind.
738 2024 778 2055 ad
793 2026 825 2055 h.
843 2024 883 2064 1.)
896 2024 937 2055 ad

164 2067 313 2098 lautiores
328 2067 437 2108 epulas
450 2068 595 2099 refertur.
616 2067 741 2099 Plinius
762 2078 888 2109 quoque
902 2068 937 2098 in

167 2111 254 2142 Hist.
276 2111 353 2142 Nat.
373 2111 439 2142 IX.
459 2111 513 2142 26.
531 2113 672 2148 miratur,
695 2112 782 2153 quod
799 2114 935 2152 piscium

163 2157 250 2195 apud
263 2156 407 2196 antiquos
422 2157 627 2187 nobilissimus
650 2155 736 2195 apud
755 2165 821 2186 suae
836 2156 936 2187 aetatis

163 2199 308 2229 homines
323 2199 356 2228 in
371 2208 467 2238 parvo
482 2199 522 2229 sit
537 2199 645 2238 pretio.
696 2199 766 2230 Nec
779 2199 936 2231 Horatius

164 2241 230 2272 sive
247 2241 376 2273 Ofellus
391 2242 499 2273 laudat
513 2244 730 2283 acipenserem,
754 2243 809 2274 sed
830 2243 936 2283 potius

163 2284 205 2315 de
233 2285 379 2316 mutabili
408 2285 441 2315 in
468 2286 526 2316 hac
555 2296 589 2316 re
611 2287 777 2317 hominum
805 2287 935 2328 ingenio

164 2328 253 2371 agit3
276 2339 350 2359 nam
371 2328 472 2369 *paulo
498 2335 566 2368 post
592 2329 625 2359 in
652 2340 680 2360 v.
708 2329 761 2360 51.
781 2330 873 2361 dicit:
901 2332 934 2363 Si

164 2374 234 2414 quis
250 2384 339 2404 nunc
353 2383 471 2413 mergos
485 2383 593 2404 suaves
607 2375 731 2405 edixerit
753 2385 844 2411 assos,
868 2377 933 2406 Pa·

163 2417 241 2447 rebit
251 2418 344 2456 pravi
356 2417 456 2447 docilis
473 2418 616 2447 Romana
622 2417 788 2457 juventus.
866 2420 932 2449 Tu-

165 2466 217 2491 tus
232 2466 299 2491 erat
315 2460 468 2496 rhombus,
485 2466 571 2496 cett„
595 2470 689 2491 nemo
710 2461 852 2498 rhombo,
877 2471 932 2491 ne-

163 2513 219 2535 mo
241 2503 370 2534 ciconiae
396 2502 491 2543 pullis
514 2503 728 2535 insidiabatur.
817 2506 931 2541 docuit,

164 2557 207 2578 sc.
248 2547 378 2578 ciconiae
414 2546 519 2586 pullos
554 2547 727 2584 comedere,
752 2549 928 2588 proetorius.

165 2591 284 2629 (Schol.
305 2593 426 2632 Cruq.)
450 2591 584 2621 Asinius
600 2593 798 2632 Sempronius
822 2592 932 2633 Rufus

158 2635 327 2675 praetorius
341 2635 508 2666 instituisse
522 2635 669 2670 creditur,
686 2641 722 2666 ut
741 2636 931 2666 ciconiarum

156 2679 240 2718 pulli
247 2680 535 2714 manducarentur,-
547 2688 654 2719 quare,
666 2687 739 2709 cum
749 2679 784 2709 in
791 2684 930 2717 praetura

157 2724 295 2762 petenda
322 2723 476 2762 repulsam
492 2719 629 2757 tulisset,
654 2723 713 2752 tale
736 2722 930 2761 epigramma

161 2767 277 2796 meruit
290 2779 302 2796 .·
341 2766 538 2797 Ciconiarum
568 2765 673 2807 Rufus
701 2766 756 2795 iste
787 2765 925 2795 conditor

163 2811 227 2840 Hic
242 2815 287 2840 est
311 2810 431 2840 duobus
454 2810 619 2849 elegantior
637 2809 785 2844 Plancis;
810 2809 925 2851 suffia-

159 2854 284 2891 giorum
303 2861 423 2893 puncta
439 2864 503 2884 non
524 2853 594 2884 tulit
614 2857 736 2892 septem.
788 2853 929 2883 Ciconia-

162 2907 234 2926 rum
247 2898 381 2936 populus
396 2898 484 2927 ultus
498 2901 541 2927 est
557 2901 693 2927 mortem.
744 2894 830 2926 Salse
845 2893 924 2925 dici·

163 2942 400 2978 tur]›r‹etorius,
416 2939 471 2981 qui
498 2940 531 2970 in
557 2945 693 2979 praetura
719 2937 853 2978 petenda
878 2948 926 2968 rc-

163 2981 283 3020 pulsam
299 2983 383 3014 tulit.
569 3017 573 3023 .

206 3034 231 3054 v.
252 3024 303 3056 51.
331 3029 461 3064 edixerit,
480 3033 639 3068 tamquam
662 3031 775 3067 praetor
797 3025 845 3056 vel
867 3025 922 3057 ho-

989 1252 1042 1272 mo
1071 1241 1243 1282 praetorius.
1271 1241 1364 1272 sicuti
1393 1243 1527 1274 Asinius
1552 1244 1757 1284 Sempronius

993 1284 1110 1321 Rufus,
1127 1295 1202 1315 cum
1217 1285 1360 1317 irrisione
1375 1296 1432 1326 pro
1446 1287 1588 1329 vulgari:
1614 1288 1756 1320 docuerit

987 1339 1072 1359 assos
1086 1338 1211 1370 mergos
1219 1339 1330 1360 suaves
1340 1340 1425 1368 esse;
1493 1342 1618 1372 mergus
1630 1334 1756 1374 (muclt-

986 1373 1049 1412 ον),
1064 1372 1130 1402 avis
1144 1372 1311 1403 macilenta
1324 1379 1356 1403 et
1368 1373 1513 1413 insipida.

1028 1426 1057 1446 v.
1077 1414 1217 1446 53-55.
1237 1418 1384 1448 Sordidus
1398 1429 1418 1447 a
1439 1419 1529 1449 tenui
1550 1424 1637 1455 cett„
1663 1418 1754 1451 osel-

987 1459 1046 1496 lus,
1062 1459 1117 1500 qui
1133 1459 1237 1489 adhuc
1251 1459 1420 1499 disputavit
1435 1460 1475 1490 de
1492 1461 1673 1493 hominibus
1693 1473 1754 1503 gu-

985 1502 1060 1533 losis
1074 1509 1106 1533 et
1120 1502 1281 1533 luxuriose
1296 1502 1480 1541 viventibus,
1497 1504 1575 1535 dum
1589 1515 1751 1536 commen-

986 1546 1040 1577 dat
1054 1546 1172 1577 victum
1187 1552 1327 1583 tenuem,
1342 1557 1418 1577 eum
1431 1557 1451 1577 a
1464 1547 1550 1578 victu
1565 1548 1692 1580 sordido
1703 1548 1753 1579 di·

982 1589 1118 1631 ligenter
1138 1589 1398 1631 distinguendum
1427 1600 1494 1621 esse
1521 1598 1630 1622 monet
1642 1604 1653 1630 3
1677 1602 1752 1624 eum

984 1633 1068 1663 enim
1090 1633 1205 1663 frustra
1230 1633 1327 1663 vitare
1351 1635 1463 1666 vitium
1477 1636 1565 1672 illud,
1592 1635 1752 1667 luxuriam

984 1682 1072 1716 puta,
1081 1676 1136 1717 qui
1145 1686 1289 1716 perverso
1299 1676 1406 1707 animo
1419 1677 1462 1708 ad
1477 1677 1586 1708 vitium
1598 1680 1749 1711 contrari-

980 1730 1049 1757 um,
1065 1719 1105 1750 ad
1119 1718 1278 1750 sordidam
1292 1719 1463 1757 avaritiam,
1485 1727 1632 1759 transeat,
1647 1733 1748 1764 supra

985 1764 1048 1795 Sat.
1068 1763 1097 1794 Ι.
1116 1762 1148 1794 2.
1162 1761 1216 1793 24.
1244 1775 1247 1778 ’
1263 1765 1356 1795 Dum
1370 1765 1469 1796 vitant
1494 1767 1583 1797 stulti
1602 1767 1687 1803 vitia,
1714 1769 1750 1800 in

982 1808 1138 1838 contraria
1161 1812 1308 1839 currunt.
1385 1813 1473 1838 te—
1490 1818 1641 1849 pravum,
1667 1816 1701 1841 te
1714 1814 1751 1842 tit

981 1850 1143 1881 hominem
1154 1859 1250 1891 prava
1264 1857 1296 1880 et
1306 1848 1460 1882 deteriora
1473 1858 1656 1892 sequentem
1671 1865 1681 1892 ;
1697 1863 1750 1885 eo-

982 1893 1055 1924 dem
1085 1893 1167 1925 redit
1195 1893 1289 1924 lectio
1315 1903 1442 1934 pravus,
1475 1905 1571 1936 quam
1607 1896 1750 1929 defendit

982 1939 1156 1969 Bentleius.
1232 1939 1304 1974 ulio,
1319 1937 1360 1968 ad
1374 1937 1461 1969 aliud
1476 1938 1598 1970 vitium.

1022 1991 1051 2011 v.
1069 1979 1209 2012 55-62.
1231 1982 1410 2017 Avidienus,
1423 1991 1550 2019 nomeu,
1565 1989 1604 2014 ut
1617 1982 1749 2021 videtur.

980 2024 1101 2055 fictum.
1158 2037 1194 2057 ez·
1220 2035 1299 2060 vero,
1316 2035 1336 2055 a
1349 2023 1498 2064 spurcitia
1511 2025 1629 2058 scilicet
1643 2034 1675 2058 et
1687 2027 1750 2058 im·-

979 2068 1141 2108 pudentia,
1157 2071 1301 2105 ductum,
1317 2074 1464 2106 tractum,
1481 2069 1541 2107 vel,
1567 2077 1606 2102 ut
1626 2070 1679 2101 alii
1702 2071 1748 2103 lo·

978 2118 1069 2153 gunt,
1094 2114 1214 2145 dictum
1237 2111 1416 2155 (inditum).
1442 2119 1489 2144 est·
1513 2113 1642 2155 (testu).
1669 2114 1743 2146 edit.

978 2155 1059 2186 infra
1085 2155 1187 2196 Epist.
1221 2155 1252 2186 Ῑ.
1284 2154 1316 2185 2.
1350 2154 1403 2186 39.
1438 2159 1467 2188 si
1493 2157 1572 2198 quid
1599 2163 1646 2189 est
1675 2159 1746 2190 ani-

978 2210 1078 2231 mum.
1374 2210 1386 2223 ’

1023 2253 1052 2273 ν.
1071 2242 1124 2274 58.
1143 2244 1203 2279 Ac,
1218 2244 1281 2274 nisi
1293 2248 1374 2274 mut·
1392 2247 1480 2281 cett,
1496 2252 1534 2273 ac
1547 2243 1666 2279 vinum,
1684 2243 1745 2274 nisi

978 2293 1025 2317 est
1041 2286 1115 2317 vitio
1129 2293 1312 2326 corruptum
1329 2291 1362 2316 et
1375 2285 1408 2315 in
1423 2292 1546 2316 acetum
1561 2286 1627 2317 fere
1640 2291 1745 2318 muta-

976 2337 1059 2368 tum,
1077 2329 1132 2371 (cf.
1151 2330 1233 2360 infra
1257 2329 1320 2360 Sat.
1346 2328 1397 2359 11.
1425 2327 1458 2360 8.
1484 2328 1567 2369 50.).
1641 2332 1743 2370 parcit

977 2375 1158 2416 defundere,
1189 2383 1252 2403 non
1277 2371 1436 2410 defundit,
1462 2382 1504 2403 sc.
1531 2382 1570 2403 ex
1597 2372 1684 2404 dolio
1707 2373 1741 2405 in

975 2417 1170 2456 amphoram,
1186 2416 1234 2446 vel
1250 2415 1385 2453 cadum3
1405 2426 1534 2456 parcere
1547 2424 1620 2446 cum
1635 2415 1742 2447 infini-

975 2461 1040 2491 tivo
1055 2460 1214 2500 eleganter
1228 2469 1306 2499 pro:
1331 2469 1407 2495 non,
1431 2459 1527 2496 nolle,
1549 2460 1700 2497 cunctari,
1722 2471 1742 2492 a

975 2513 1010 2533 se
1024 2503 1190 2542 impetrare
1212 2512 1276 2532 non
1302 2511 1401 2541 posse.
1451 2502 1554 2543 Supra
1577 2502 1642 2534 Od.
1668 2503 1737 2534 111.

975 2545 1029 2578 28.
1054 2545 1085 2577 7.
1127 2548 1236 2578 Parcis
1260 2546 1395 2585 deripere
1422 2547 1530 2578 horreo
1562 2549 1739 2579 cessantem

977 2591 1086 2622 Bibuli
1101 2590 1243 2622 Consulis
1267 2590 1460 2629 amphoram,
1485 2589 1542 2620 ubi
1564 2589 1645 2628 vide,
1666 2601 1739 2631 quae

975 2633 1162 2664 notavimus.
1212 2633 1393 2675 dffmdere,
1403 2632 1489 2674 quod
1503 2643 1562 2664 nos
1575 2633 1727 2666 dicimus:

972 2678 1126 2708 abzielzen.

1015 2730 1048 2750 v.
1058 2718 1198 2750 59-62.
1216 2721 1325 2756 licebit,
1338 2730 1415 2761 pro:
1434 2719 1518 2757 licet,
1532 2719 1685 2761 quamvis,
1701 2727 1738 2752 ut

969 2773 1064 2804 supra
1079 2763 1183 2803 Epod.
1212 2761 1263 2798 15.
1282 2762 1331 2794 19.
1379 2764 1430 2795 Sic
1450 2774 1562 2804 pecore
1583 2770 1614 2795 et
1638 2767 1740 2797 multa

969 2809 1050 2839 dives
1063 2808 1172 2838 tellure
1186 2808 1295 2839 licebit.
1369 2812 1464 2847 repat.
1482 2817 1540 2846 per
1552 2810 1666 2848 repotia
1679 2807 1735 2839 de-

972 2850 1087 2891 signari
1103 2849 1225 2880 videtur
1241 2852 1407 2892 potationis
1430 2852 1576 2891 repetitio,
1597 2850 1663 2882 sive
1682 2851 1735 2883 die

972 2898 1043 2933 post
1053 2894 1178 2934 nuptias
1192 2894 1343 2933 proximo,
1359 2895 1424 2925 sive
1437 2893 1580 2934 septimo.
1598 2893 1729 2927 Festus:

972 2939 1098 2978 Repotia
1110 2951 1121 2968 .-
1141 2939 1287 2978 postridie
1301 2940 1426 2979 nuptias
1440 2940 1526 2978 apud
1539 2949 1655 2970 novum
1664 2946 1732 2970 ma*-

969 2983 1066 3012 ritum
1095 2986 1245 3020 coenatur,
1272 2984 1346 3024 quia
1373 2982 1462 3022 quasi
1485 2983 1624 3024 reficitur
1641 2988 1731 3023 pota-

969 3026 1018 3056 tio.
1039 3042 1081 3050 —
1097 3024 1200 3056 Schol.
1222 3028 1296 3058 Acr.
1346 3027 1474 3066 Repotia
1490 3027 1643 3058 dicuntur
1664 3036 1729 3066 sep·
