1904 3250
199 189 254 227 40

832 190 1139 235 HORATII

1608 200 1715 248 [mn.
1738 211 1768 239 1.

745 386 1012 428 CARMEN
1049 387 1224 430 XVIII.

837 530 907 562 AD
933 531 1124 563 VARUM.

316 672 527 724 NULLAM‚
552 673 677 724 Vare‚
700 689 819 716 sacra
838 676 920 717 vite
940 676 1059 731 prius
1081 676 1235 718 severis
1255 678 1461 729 arborem,

316 744 441 785 Circa
460 744 559 785 mite
581 743 716 785 solum
739 744 911 787 Tiburis
926 755 975 787 et
995 746 1151 788 moenia
1173 746 1310 788 Catili.

316 813 445 854 Siccis
466 813 607 855 omnia
625 829 724 855 nam
744 814 852 856 dura
872 814 993 857 Deus
1014 817 1236 872 proposuit
1247 833 1258 867 3
1290 832 1427 874 neque

312 882 540 925 Mordaces
561 884 681 926 aliter
700 884 927 942 diffugiunt
947 885 1262 928 sollicitudines.

254 959 280 996 5
313 955 421 1005 Quis
440 964 538 1012 post
557 957 654 998 vina
673 972 844 1014 gravem
864 957 1055 1000 militiam
1076 968 1147 1001 aut
1166 960 1412 1016 pauperiem
1433 959 1607 1016 crepat?

313 1025 421 1075 Quis
442 1041 529 1068 non
549 1034 590 1069 te
610 1028 763 1083 potius,
789 1027 961 1070 Bacche
976 1038 1110 1085 pater,
1132 1039 1271 1088 teque,
1294 1031 1449 1073 decens
1470 1030 1615 1072 Venus
1628 1029 1649 1072 Ρ

311 1098 371 1140 At
390 1114 444 1141 ne
466 1100 558 1156 quis
579 1100 734 1142 modici
754 1101 961 1143 transiliat
980 1117 1156 1145 munera
1177 1103 1338 1154 Liberi,

313 1172 550 1215 Centaurea
570 1183 714 1216 monet
733 1190 830 1216 cum
852 1174 1045 1231 Lapithis
1066 1177 1160 1218 rixa
1181 1191 1308 1234 super
1327 1191 1445 1218 mero

197 1300 340 1341 Thyone,
351 1307 389 1331 ut
400 1301 523 1332 Semele
538 1312 663 1344 quoque
674 1303 852 1340 vocabatur,
866 1303 948 1333 Bac—

192 1345 272 1375 chus
299 1344 402 1375 dictus
425 1351 480 1376 est.
569 1357 598 1375 v.
624 1345 677 1377 25.
703 1348 860 1386 Suspecta,
889 1346 950 1386 ipsi

195 1388 290 1428 Cyro,
306 1398 420 1428 nempe
439 1391 480 1420 ob
494 1389 608 1420 amoris
621 1390 795 1429 perfidiam.
867 1392 950 1422 male

192 1433 310 1472 dispari
333 1431 400 1469 tibi,
425 1442 490 1463 non
512 1432 580 1463 sine
604 1433 689 1464 malo
711 1440 768 1464 tuo
781 1433 899 1464 viribus
920 1434 950 1464 ei

191 1474 317 1514 dispari,
347 1475 413 1507 vel:
455 1476 512 1507 tibi
540 1476 714 1508 admodum
743 1477 949 1509 imbecilliori.

190 1520 440 1551 -ἰηεωιιίηεηῂ
456 1521 540 1561 injic.
557 1532 682 1558 manus,
698 1521 783 1551 haud
797 1520 893 1552 dubie
908 1520 950 1551 si-

190 1563 310 1600 milem,
325 1562 395 1594 'ubi
415 1563 449 1594 in
471 1563 613 1595 convivio
637 1564 776 1605 quodam
803 1565 950 1596 manibus

190 1617 257 1638 non
292 1613 517 1646 temperaverat
554 1608 658 1648 Cyrus
691 1607 946 1646 incontinentior‚

184 1650 255 1692 jam
278 1650 375 1680 semel
399 1650 554 1691 Tyndaris
575 1658 703 1691 experta
727 1652 833 1683 fuerat
858 1658 949 1692 petu-

188 1693 331 1731 lantiam,
347 1704 443 1735 quam
461 1695 576 1725 Noster
590 1695 742 1735 respicere
758 1695 891 1726 videtur.
906 1713 950 1721 —

188 1739 319 1769 herent.
338 1749 442 1769 coron.
461 1740 607 1775 crinibus,
632 1749 780 1770 eorunm
805 1739 951 1770 conviva-

188 1780 254 1812 lem
267 1781 473 1812 inhaerentem
484 1783 632 1820 crinibus,
644 1782 739 1822 capiti
749 1782 927 1823 impositam
939 1795 949 1820 ;

189 1842 234 1850 -
247 1827 438 1856 immeritam
452 1825 492 1856 ad
506 1833 623 1857 vestem
638 1826 733 1857 refert
745 1833 849 1866 poeta,
864 1826 952 1867 quod

188 1867 230 1899 ad
255 1868 467 1910 Tyndaridem
490 1869 691 1901 referendum
720 1877 777 1908 est,
797 1880 868 1912 quae
888 1870 952 1902 tale

189 1912 267 1954 quid
283 1923 348 1944 non
362 1920 528 1944 meruerat.

379 2000 591 2032 CARMEN
615 2001 760 2034 XVIII.

234 2089 319 2120 Cum
350 2088 462 2125 Varus,
491 2089 688 2129 (Epicureus
712 2089 779 2128 ille,
802 2096 839 2120 ut
864 2088 950 2121 vide-

188 2138 251 2170 tur,
273 2138 306 2163 et
330 2132 461 2163 Caesaris
482 2133 611 2171 amicus,
636 2134 730 2175 cujus
754 2133 950 2164 mentionem

191 2175 347 2214 Quinctil.
362 2175 425 2206 VI.
444 2174 475 2206 3.
495 2174 546 2206 78.
565 2176 665 2216 facin)
677 2178 745 2219 jam
761 2176 902 2208 serendis
915 2177 950 2207 in

187 2229 265 2262 agro
281 2219 452 2251 Tiburtino
467 2219 628 2251 arboribus
650 2231 724 2251 cum
746 2222 885 2252 maxime
899 2221 949 2251 in-

187 2269 295 2295 tentus
315 2268 396 2294 esset
404 2275 417 2300 3
442 2270 543 2302 poeta,
567 2275 629 2303 prae
651 2265 761 2296 ceteris
787 2265 950 2297 arboribus

186 2306 337 2339 omnibus
356 2306 428 2336 vitis
450 2307 588 2337 serendae
609 2318 719 2338 curam
741 2308 771 2339 ei
786 2319 947 2340 commen·

187 2351 332 2389 daturus,
346 2350 481 2382 breviter
495 2351 555 2381 hoc
570 2351 709 2382 carmine
723 2352 799 2390 vini,
820 2359 858 2383 ut
879 2348 948 2383 effi-

187 2394 340 2426 cacissimi
361 2403 510 2424 curarum
531 2401 563 2424 et
583 2395 780 2435 aegritudinis
806 2396 946 2429 remedii.

188 2438 300 2469 laudes
330 2437 560 2477 complectitur.
611 2438 673 2469 Sed
702 2439 873 2478 prudenter
893 2440 950 2470 has

187 2481 299 2513 laudes
311 2486 465 2521 temperat
477 2480 607 2522 adjectis
622 2481 722 2518 malis,
745 2493 816 2523 quae
837 2483 948 2514 vinum

187 2525 358 2557 immodice
372 2532 516 2555 sumtum
531 2524 618 2565 sequi
633 2525 742 2560 solent,
761 2532 792 2557 et
806 2526 850 2557 sic
866 2538 885 2557 a
899 2527 959 2557 ni-'

187 2571 253 2600 mio
267 2568 364 2601 simul
377 2567 442 2599 vini
452 2573 541 2608 potu,
551 2578 645 2608 quem
658 2569 723 2608 ipse
738 2570 946 2608 abominatur,

189 2614 344 2644 deterrere
368 2611 482 2644 studet.
496 2629 539 2636 —-
553 2611 625 2642 Nisi
646 2619 760 2649 totum,
783 2620 865 2644 certe
886 2614 948 2644 ini-

188 2658 269 2687 tium
283 2657 382 2698 hujus
394 2655 550 2692 carminis,
574 2665 756 2695 expressum
772 2663 817 2686 est
831 2667 869 2687 ex
888 2658 947 2687 Al-

189 2711 263 2735 caeo.
289 2701 380 2741 cujus
395 2699 620 2740 'fragmentum
645 2699 731 2738 apud
756 2700 947 2731 Athenaeum

191 2745 236 2775 X.
262 2743 294 2774 8.
320 2744 365 2774 sic
386 2753 420 2774 se
440 2743 551 2774 habet:
585 2741 675 2777 Μηδὲν
700 2743 781 2774 ἄλλο
807 2744 945 2787 φυτεύσῃς

190 2788 321 2829 vein-seon
335 2786 450 2831 δένδριον
464 2786 603 2828 ἀμπέλῳ.

234 2841 263 2861 v.
283 2830 375 2861 1—6.
396 2841 496 2868 sacra,
522 2830 649 2862 Baccho
663 2839 785 2868 nempe.
871 2832 945 2862 circ.

190 2875 258 2905 mit.
282 2876 334 2905 sol.
369 2876 436 2906 Tib.
465 2881 494 2906 et
516 2885 610 2906 Μη-
642 2876 710 2906 Cat.
732 2873 814 2904 circa
835 2883 948 2914 agrum

193 2917 406 2954 Tiburtinum,
424 2919 483 2949 sub
497 2916 630 2949 mitioris
642 2917 722 2949 aeris
744 2917 892 2956 temperie
907 2917 947 2946 si-

192 2966 272 2996 tum,
288 2967 319 2991 et
333 2961 460 3002 quidem
479 2960 646 3003 (particula
654 2967 684 2994 et
695 2960 758 2990 vim
770 2960 948 3000 explicandi

191 3003 293 3041 habet,
322 3005 404 3035 conf.
431 3016 513 3045 supr.
541 3005 580 3037 ad
604 3005 632 3037 1.
659 3014 751 3037 carm.
781 3003 811 3036 2.
842 3014 869 3035 v.
900 3002 944 3044 l.)

1005 1303 1088 1335 circa
1101 1303 1169 1344 ipsa.
1178 1304 1308 1336 Tiburis
1317 1304 1444 1335 moenia·
1532 1305 1646 1335 maenia
1663 1306 1764 1342 Catili,

1014 1349 1120 1385 Tibur,
1147 1349 1186 1379 ab
1211 1358 1277 1379 uno
1302 1348 1371 1389 ejus
1399 1346 1598 1378 conditorum
1628 1347 1764 1386 Catillo;

1006 1401 1081 1422 nam
1094 1397 1156 1422 tres
1175 1391 1281 1423 Catilli
1294 1391 1363 1429 filii,
1383 1391 1491 1428 Coras,
1511 1390 1645 1422 Catillus
1658 1397 1690 1421 et
1708 1391 1766 1422 Ti.

1005 1436 1137 1472 burnus,
1152 1436 1234 1466 hanc
1249 1436 1359 1465 urbem
1382 1434 1558 1465 condidisse
1577 1433 1764 1473 traduntur;

1005 1478 1089 1509 conf.
1109 1481 1224 1520 Heyne
1238 1478 1279 1509 ad
1294 1478 1386 1519 Virg.
1405 1478 1482 1508 AEn.
1498 1477 1584 1508 VII.
1601 1476 1675 1508 671.
1696 1478 1766 1509 Ex·
1782 1512 1785 1514 ,

1005 1532 1087 1553 curs.
1107 1522 1211 1552 VIII.
1232 1521 1287 1554 sil.
1309 1521 1381 1553 Ital.
1411 1521 1517 1552 VIII.
1545 1520 1619 1552 366.
1655 1519 1764 1562 Tibur,

1007 1567 1125 1603 Catiue,
1141 1571 1244 1598 tuum.
1293 1566 1410 1607 Noster
1431 1564 1570 1596 mediam
1583 1565 1618 1595 in
1635 1566 1764 1604 Cutilia,
1789 1598 1792 1603 ,

1005 1609 1081 1640 elisa
1095 1609 1197 1640 littera
1210 1612 1231 1646 l,
1247 1609 1408 1650 corripuit.
1497 1618 1526 1639 v.
1541 1607 1572 1639 3.
1591 1610 1686 1640 Siccis
1700 1613 1766 1640 om-

1005 1655 1060 1685 m'a
1086 1665 1163 1685 nam
1185 1655 1268 1685 dura
1290 1659 1363 1684 cett.
1388 1662 1473 1690 nam,
1496 1651 1551 1693 qui
1572 1651 1648 1683 vino
1670 1651 1767 1683 absti-

1005 1703 1092 1735 nent,
1108 1696 1148 1728 ad
1163 1696 1259 1727 vitam
1275 1695 1444 1734 duriorem,
1459 1694 1624 1727 hilaritatis
1637 1696 1764 1737 quippe,

1005 1751 1078 1781 quae
1092 1740 1167 1771 vino
1181 1740 1323 1778 debetur,
1345 1746 1515 1781 expertem,
1531 1750 1552 1771 a
1565 1745 1648 1770 sorte
1668 1738 1764 1770 desti-

1006 1784 1072 1815 nati
1093 1790 1178 1815 sunt.
1266 1785 1337 1816 sice.
1362 1785 1492 1821 siccum,
1517 1783 1572 1824 qui
1595 1782 1767 1823 opponitur

1006 1829 1076 1866 vino
1091 1829 1227 1866 milido,
1249 1829 1351 1864 uvido,
1375 1826 1463 1869 (infr.
1490 1826 1552 1857 IV.
1570 1825 1602 1856 5.
1627 1824 1701 1867 39.)
1715 1829 1767 1864 βι-

1007 1872 1165 1916 βξςγμίιᾳ,
1182 1881 1257 1902 cum
1275 1870 1391 1902 ovidio
1405 1870 1486 1901 Met.
1505 1868 1583 1917 XV·
1601 1868 1676 1901 323
1694 1868 1766 1901 dix-

1007 1915 1077 1951 eris,
1094 1915 1150 1956 qui
1171 1915 1358 1956 Vimfhgit,
1369 1916 1548 1956 gaudetque
1561 1915 1654 1945 meris
1667 1913 1766 1945 abne-

1007 1960 1091 1990 mius
1104 1960 1210 1991 undis.
1293 1969 1394 2000 neque
1407 1958 1508 1992 aliter.
1522 1965 1627 1999 neque
1639 1956 1704 1988 alio
1717 1959 1766 1988 re-

1008 2002 1114 2032 medio
1135 2001 1196 2032 nisi
1217 2000 1283 2031 vini
1304 2009 1404 2041 potu3
1427 2000 1573 2032 similiter
1593 1999 1766 2041 Euripide·

1010 2046 1128 2077 Bacch.
1145 2056 1174 2076 v.
1189 2044 1264 2076 283.
1283 2045 1323 2076 de
1338 2045 1427 2076 vino:
1453 2043 1509 2076 οὐδ’
1521 2044 1583 2075 ἕατ’
1597 2044 1678 2076 ἄλλο
1692 2045 1766 2089 φάς-

1006 2103 1102 2130 μακοι
1117 2090 1216 2121 πὸνυι.
1282 2091 1448 2124 mordaces,
1464 2093 1666 2125 macerantes,
1681 2094 1766 2128 puu-

1005 2140 1116 2174 gentes
1130 2132 1285 2170 animum,
1302 2132 1480 2176 (θυμοβῦμι,
1496 2129 1656 2168 haitanan,
1664 2131 1766 2171 ,sopo-

1006 2176 1118 2217 δακεῖς)
1145 2175 1288 2207 similiter
1314 2175 1388 2206 infr.
1419 2175 1470 2206 11.
1499 2173 1550 2204 11.
1580 2172 1630 2204 1⁹7.
1657 2175 1765 2206 edaces

1006 2232 1099 2252 curas
1113 2219 1261 2260 dissipare
1278 2219 1425 2251 Bacchus
1438 2217 1563 2249 dicitur.
1635 2228 1764 2259 gravem

1005 2266 1148 2296 militiam
1161 2270 1218 2295 aut
1233 2264 1420 2304 pauperiem
1441 2261 1578 2303 cqepat?
1598 2261 1630 2292 h.
1648 2271 1676 2292 e.
1695 2271 1762 2292 cre-

1005 2309 1075 2339 bras
1089 2307 1130 2338 de
1143 2306 1223 2337 dura
1237 2306 1351 2337 militia
1364 2313 1397 2337 et
1417 2310 1600 2346 paupertate
1620 2304 1764 2346 querelas

999 2351 1100 2392 jacit?
1122 2361 1246 2391 crepare
1266 2351 1396 2391 aliquid,
1424 2349 1558 2392 (nemin,
1585 2348 1762 2390 κυμτᾶζω)

1004 2405 1087 2435 saepe
1107 2393 1227 2435 aliquid
1240 2393 1282 2424 ‘in
1303 2403 1357 2424 ore
1377 2393 1492 2424 habere
1506 2398 1538 2423 et
1556 2398 1707 2432 repetere,
1730 2399 1763 2424 et

1003 2439 1079 2469 hinc
1092 2438 1207 2479 passim
1219 2436 1260 2468 de
1274 2436 1462 2473 hominibus,
1485 2435 1541 2477 qui
1554 2435 1658 2467 multa
1670 2436 1763 2468 verba

1004 2481 1045 2513 de
1058 2492 1125 2512 una
1145 2480 1318 2522 eademque
1337 2490 1372 2511 rc
1392 2489 1510 2521 magno
1532 2488 1608 2510 cum
1630 2479 1763 2520 strepitu

1005 2523 1180 2556 effutiendo
1193 2523 1263 2555 aliis
1279 2523 1454 2555 molestiam
1476 2528 1602 2560 creant3
1624 2522 1666 2553 cf.
1683 2521 1757 2553 infr.

1006 2569 1072 2608 Ep.
1091 2568 1120 2600 1.
1140 2567 1170 2599 7.
1188 2566 1241 2599 84.
1263 2568 1405 2599 Sermon.
1425 2566 1475 2597 II.
1494 2565 1526 2597 3.
1543 2565 1596 2597 33.
1614 2572 1647 2597 et
1663 2566 1706 2596 A.
1723 2566 1763 2598 P.

1004 2611 1079 2644 247.
1174 2613 1250 2648 Quis
1273 2623 1339 2643 non
1361 2617 1390 2642 te
1411 2611 1516 2652 potius
1530 2619 1572 2640 sc.
1591 2615 1706 2649 crepat,
1729 2616 1762 2641 et

1003 2658 1064 2688 hoc
1084 2656 1152 2698 jam
1166 2665 1243 2696 pro:
1262 2655 1378 2686 iterum
1391 2653 1569 2695 iterumque
1581 2651 1700 2684 laudat.
1716 2670 1761 2678 —

1003 2704 1122 2737 decens,
1145 2699 1186 2730 ad
1206 2698 1384 2736 amabilem,
1406 2707 1479 2739 quae
1494 2696 1652 2728 Venerem
1673 2703 1761 2727 com-

1003 2744 1094 2784 ponit
1117 2749 1150 2774 et
1171 2743 1381 2785 subsequitur,
1403 2740 1536 2783 gratiam
1557 2746 1590 2771 et
1614 2739 1760 2771 decorem

1002 2789 1093 2818 refer.

1047 2842 1075 2862 v.
1096 2829 1214 2862 7-10.
1242 2827 1475 2862 Sententiarum
1498 2835 1602 2858 nexus
1626 2831 1674 2858 est
1694 2826 1759 2858 fere

1003 2874 1074 2906 hic:
1114 2873 1170 2906 sed
1199 2871 1467 2916 quemadmodum
1494 2869 1606 2901 vinum
1634 2869 1759 2915 modice

1004 2925 1145 2949 sumtum
1160 2917 1375 2949 dulcissimum
1385 2924 1533 2947 curarum
1547 2914 1758 2945 humanarum

1005 2961 1213 2993 lenimentum
1227 2966 1284 2999 est,
1308 2959 1353 2991 ita
1365 2959 1459 2994 idem,
1482 2957 1650 2989 immodice
1670 2966 1757 2989 sum-

1006 3012 1082 3044 tum,
1100 3005 1308 3036 maximorum
1333 3002 1487 3035 malorum
1511 3011 1603 3033 causa
1626 3001 1691 3034 fleri
1705 3008 1755 3032 so-
