1904 3250
229 131 317 171 334

870 131 1179 174 HORATII

1653 142 1764 190 [Lm.
1784 151 1815 181 ι.

345 257 499 300 Factus
521 257 664 307 homo,
689 256 867 306 Antoni,
890 271 975 297 non
997 264 1046 298 ut
1065 259 1199 315 magis
1219 259 1326 301 alter
1346 261 1520 303 amicus.

344 326 519 369 Fundos
543 325 721 367 Aufidio
744 325 887 367 Lusco
910 325 1103 367 Praetore
1123 326 1304 370 libenter

250 403 308 441 35
339 400 607 456 Linquimus,
630 398 766 439 insani
787 398 974 440 ridentes
995 399 1172 455 praemia
1193 401 1357 453 scribae,

340 470 614 519 Praetextam,
637 476 680 510 et
699 468 833 510 latum
855 468 1036 520 clavum,
1053 484 1289 526 prunaeque
1308 472 1518 515 batillum.

338 540 391 581 In
414 538 738 580 Mamurrarum
758 538 856 580 lassi
877 538 1031 581 deinde
1053 540 1160 581 urbe
1180 555 1414 593 manemus,

338 610 539 653 Muraena
558 611 778 667 praebente
800 611 991 662 domum,

1017 612 1227 668 Capitone
1249 613 1447 656 culinam.

337 684 515 725 Postera
533 683 611 725 lux
631 684 768 726 oritur
788 684 925 726 multo
945 685 1209 743 gratissima:
1242 701 1427 742 namque

245 758 303 794 40
336 753 500 795 Plotius
522 763 565 795 et
586 753 741 795 Varius
765 754 992 806 Sinuessae,

1016 755 1310 813 Virgiliusque

335 823 607 873 Occurrunt3
640 824 806 875 animae,
830 824 975 880 quales
996 840 1135 881 neque
1158 825 1427 867 candidiores

335 894 473 936 Terra
493 893 603 945 tum,
625 910 763 951 neque
784 895 904 951 queis
925 910 994 936 me
1015 895 1069 936 sit
1089 895 1326 937 devinctior
1348 895 1469 938 alter.

335 963 377 1007 O
399 965 472 1022 qui
493 964 740 1021 complexus
757 963 766 1008 !
800 973 843 1006 et
861 964 1018 1022 gaudia
1039 972 1198 1021 quanta
1218 964 1418 1009 fuerunt!
1456 986 1458 988 ’

333 1033 408 1075 Nil
428 1049 509 1092 ego
530 1033 783 1076 contulerim
795 1034 990 1091 jucundo
1011 1050 1137 1076 sanus
1159 1035 1311 1077 amico.

242 1109 300 1147 45

334 1106 540 1148 Proxima
563 1105 784 1162 Campano
803 1106 924 1162 ponti
945 1122 1042 1163 quae
1060 1106 1220 1158 villula,
1244 1115 1404 1150 tectum

333 1179 539 1230 Praebuit,
562 1187 604 1221 et
624 1179 814 1235 parochi,
837 1195 934 1236 quae
954 1179 1125 1230 debent,
1147 1180 1264 1238 ligna
1284 1181 1514 1238 salemque.

332 1249 450 1292 Hinc
470 1249 575 1291 muli
598 1249 760 1306 Capuae
782 1249 957 1292 clitellas
977 1258 1169 1306 tempore
1189 1259 1368 1306 ponunt.

251 1377 281 1397 v.
300 1366 355 1398 32.
380 1370 422 1398 ad
443 1378 586 1408 unguem
595 1368 714 1408 sactus
728 1370 828 1404 homo,
845 1366 981 1409 diligen-

208 1410 328 1442 tissime
342 1411 510 1451 expolitus.
561 1410 728 1441 Translata
745 1417 793 1441 est
806 1411 874 1442 haec
893 1411 983 1442 locu·

206 1455 254 1486 tio
276 1465 295 1485 a
316 1454 485 1492 statuariis,
508 1454 575 1495 qui,
590 1453 747 1495 quidquid
767 1454 801 1484 in
824 1464 919 1493 opere
933 1464 984 1484 as-

205 1497 273 1538 peri
287 1497 463 1539 digitorum
484 1498 534 1528 vel
551 1497 710 1538 unguium
725 1508 821 1528 sensu
835 1497 977 1528 animad-

205 1547 343 1578 vertunt,
360 1541 510 1582 laevigant
523 1548 556 1572 et
570 1540 746 1580 expoliunt.
787 1540 880 1573 Conf.
895 1540 979 1572 infra

206 1584 311 1625 Epist.
332 1585 402 1615 111.
424 1584 452 1616 l.
472 1583 548 1615 294.
562 1591 594 1615 et
608 1583 651 1615 ibi
667 1587 746 1616 Fea.

247 1639 276 1658 v.
295 1626 436 1660 34—36.
464 1631 607 1664 Fundos,
631 1638 766 1668 parvum
782 1629 817 1658 in
840 1627 889 1658 via
908 1628 979 1668 Ap-

201 1671 254 1712 pia
282 1674 499 1713 municipium,
529 1672 594 1702 sive
631 1674 809 1702 secundum
846 1671 978 1702 Festum

195 1716 424 1758 qu‘eccuram
447 1715 652 1748 Tarracinam
674 1716 757 1746 inter
777 1721 809 1746 et
834 1714 978 1746 Formias

200 1758 303 1795 sitam,
319 1760 372 1790 cui
387 1766 519 1799 praeerat
532 1769 629 1796 nunc,
652 1770 672 1790 a
694 1765 827 1798 praetore
841 1761 973 1796 urbano,

199 1808 239 1833 ut
253 1802 388 1839 videtur,
405 1814 444 1834 eo
459 1802 584 1839 missus,
606 1812 706 1832 vanus
721 1801 852 1843 quidem
867 1802 974 1839 homo,

202 1845 357 1876 Aufidius
374 1847 512 1884 Luscus,
535 1845 647 1884 scriba,
665 1845 923 1888 (magistratuum
939 1845 974 1875 in

197 1891 292 1920 rebus
321 1890 433 1921 litteris
462 1889 652 1920 mandandis
680 1888 880 1928 administer)
908 1889 973 1929 qui,

196 1934 284 1974 quasi
300 1933 367 1973 ipse
381 1939 461 1964 esset
483 1939 608 1973 praetor,
632 1932 770 1963 externis
783 1932 971 1973 insignibuS,

197 1984 358 2015 praetexta,
377 1977 440 2008 lato
455 1976 553 2011 clavo,
569 1987 607 2007 ac
620 1986 733 2017 prunae
747 1975 867 2012 batillo,
889 1986 970 2016 prae-

197 2021 274 2050 toris
288 2020 475 2061 dignitatem
491 2019 625 2051 ridicule
639 2030 704 2060 prae
725 2030 758 2050 se
773 2019 855 2051 ferre
870 2027 902 2050 et
915 2019 972 2050 ad-

195 2063 346 2094 simulare
370 2065 525 2095 studebat.
577 2064 668 2094 Hinc
693 2063 858 2097 Horatius,
883 2063 974 2103 quasi

194 2107 264 2148 ejus
292 2108 351 2138 iter
379 2107 419 2137 ad
446 2118 495 2138 res
523 2107 665 2148 insignes
688 2109 748 2138 sub
777 2106 967 2137 adsimulata

197 2150 324 2181 Aufidii
350 2150 449 2181 Lusci
476 2158 612 2190 praetura
638 2156 741 2192 gestas
766 2149 964 2190 pertinuerit,

193 2194 273 2225 salse
302 2202 335 2225 et
359 2194 486 2235 jocose:
529 2196 656 2238 A'fi‘li‘)
689 2196 796 2226 Lusco
827 2195 966 2225 Proetore

194 2239 327 2269 Fundos
340 2239 526 2279 linquimus.
573 2238 625 2268 De
646 2239 750 2269 scr-[bis
778 2239 965 2274 Quoestoriis,

193 2283 359 2318 AEdiliciis,
373 2283 532 2312 Praetoriis
544 2288 616 2311 cett.
632 2282 666 2311 in
676 2280 819 2311 decurias
829 2281 966 2320 descrip-

192 2325 234 2356 tis
251 2324 314 2355 vid.
341 2326 472 2356 Ernest.
491 2324 525 2354 in
551 2325 640 2355 Clav.
663 2325 729 2355 cic.
756 2336 779 2355 s.
800 2335 827 2354 v-
854 2326 963 2355 scriba.

191 2386 236 2394 —
246 2371 380 2409 praemia
402 2375 533 2399 externa
553 2367 717 2409 dignitatis
739 2367 892 2408 praetoriae
913 2378 964 2398 or-

194 2420 353 2443 namenta.

234 2467 262 2486 v.
281 2455 335 2486 36.
361 2457 462 2487 latum
476 2457 601 2487 clavum
617 2456 781 2496 gestabant
795 2461 962 2491 senatores,

190 2500 277 2530 unde
291 2500 339 2530 illi
352 2500 505 2535 laticlauii,
522 2506 695 2538 angustum
717 2498 848 2538 equites,
873 2498 958 2528 unde

187 2543 234 2574 iili
250 2544 480 2584 angusticlavii-
521 2542 628 2573 Notus
647 2549 694 2572 est
710 2543 848 2573 Rubenii
863 2551 959 2580 pecu-

188 2587 274 2618 liaris
303 2586 343 2617 de
365 2589 428 2618 lato
453 2587 537 2618 clavo
562 2584 696 2616 libellus.
781 2595 959 2625 prunoeque

186 2633 250 2662 bac.
265 2632 465 2662 -batillum
488 2628 539 2660 vel
563 2630 686 2659 batillus
714 2628 810 2658 fuisse
836 2627 959 2658 videtur

186 2675 324 2709 foculus,
340 2674 396 2715 qui
410 2672 520 2714 prunis
530 2672 712 2703 ardentibus
723 2671 763 2701 ad
778 2670 960 2701 suffimenta

185 2717 343 2748 adolenda
357 2717 515 2757 impletus,
531 2714 728 2757 magistratui
743 2714 776 2744 in
788 2725 822 2744 re
833 2713 956 2745 solenni

186 2761 366 2803 peragenda
381 2760 588 2800 praeferretur.

230 2816 260 2835 v.
285 2804 339 2835 37.
364 2806 409 2836 1η
432 2806 675 2836 Mamurrarum
698 2802 780 2837 urbe,
809 2799 951 2836 Formiis,
999 2803 1012 2843 (

186 2850 283 2879 Sclwl.
305 2851 400 2890 Cruq.
411 2862 422 2879 :
451 2854 471 2867 ¹‘
483 2848 649 2878 Mamurra
661 2852 786 2876 senator
800 2844 862 2874 fuit
888 2844 953 2874 Ro.

188 2902 313 2930 manus,
336 2893 392 2933 qui
407 2891 579 2922 maximam
593 2896 713 2931 partem
727 2887 861 2919 civitatis
878 2887 956 2917 For·

185 2936 300 2965 mianae
323 2935 508 2975 possidebat,
535 2933 619 2966 unde
642 2932 726 2964 dicta
747 2939 793 2963 est
810 2930 956 2962 Mamur-

1027 1377 1104 1398 rana
1119 1366 1239 1404 civitas,
1258 1368 1308 1398 vel
1324 1367 1411 1408 quod
1426 1368 1548 1400 familia
1563 1369 1802 1404 Mamurrarum

1024 1402 1113 1441 illinc
1127 1411 1225 1441 fuerit
1238 1410 1409 1442 oriunda.''
1793 1447 1795 1451 ,

1068 1464 1097 1484 v.
1130 1453 1186 1484 38.
1219 1456 1380 1492 Muroena,
1407 1455 1577 1494 Terentiae,
1610 1456 1800 1490 Maeoenatis

1020 1497 1139 1535 uxoris
1163 1497 1268 1528 fratre.
1354 1500 1453 1539 praeb.
1483 1502 1621 1536 domum,
1645 1501 1702 1532 ubi
1726 1512 1798 1542 per-

1021 1549 1231 1572 noctaremuS.
1256 1551 1351 1581 supra
1376 1541 1441 1573 Od.
1467 1542 1540 1573 111.
1568 1542 1620 1574 19.
1645 1543 1676 1575 7.
1728 1548 1796 1582 Quo

1019 1586 1177 1625 praebente
1193 1587 1323 1616 domum
1337 1595 1380 1616 sc.
1399 1585 1440 1616 ad
1454 1587 1733 1626 computationem.
1750 1609 1795 1616 -.

1025 1630 1173 1668 Capitone
1188 1629 1341 1665 culinam,
1364 1629 1555 1661 instruxerat
1568 1631 1667 1672 igitur
1681 1642 1715 1662 se
1732 1632 1795 1664 Ca-

1020 1671 1088 1711 pito
1111 1671 1160 1709 iis,
1186 1671 1273 1702 unde
1295 1672 1413 1703 viveret
1434 1683 1510 1704 cum
1535 1674 1714 1712 comitibus,
1737 1677 1793 1707 ubi

1021 1721 1102 1745 esset
1115 1715 1150 1744 in
1165 1715 1224 1745 hoc
1239 1715 1351 1746 itinere
1364 1716 1427 1747 cibi
1441 1723 1603 1759 potusque,
1614 1719 1756 1757 penuria.

1061 1768 1090 1788 v.
1109 1756 1250 1789 40-44.
1277 1760 1358 1790 Plot.
1375 1766 1404 1791 ee
1427 1761 1499 1791 Var.
1538 1759 1664 1792 Plotius
1677 1769 1711 1794 et
1726 1760 1792 1794 Va-

1018 1801 1085 1832 rius
1114 1812 1180 1832 uua
1209 1812 1283 1832 cum
1317 1802 1455 1844 Virgilio
1479 1813 1520 1834 ex
1545 1805 1730 1844 composito.
1756 1813 1794 1838 ut

1019 1845 1156 1882 videtur,
1194 1845 1352 1876 Sinuessae
1382 1845 1505 1888 (oppidi
1540 1847 1576 1877 in
1607 1848 1792 1888 Campani-

1018 1888 1150 1929 finibus)
1170 1888 1346 1920 Horatium
1367 1897 1464 1931 atque
1487 1890 1699 1922 Maecenatem
1713 1903 1791 1924 con·

1015 1938 1191 1970 venerunt;
1215 1932 1346 1963 fuerunt
1360 1932 1408 1964 ilii
1422 1939 1523 1973 poetoe
1544 1940 1614 1965 tum
1637 1936 1787 1975 temporis

1014 1975 1227 2013 illustrissimi,
1249 1986 1329 2017 quos
1350 1986 1415 2007 non
1440 1977 1597 2009 Horatius
1617 1984 1741 2011 tantum
1756 1989 1789 2012 et

1018 2019 1185 2060 Virgilius,
1207 2020 1263 2050 sed
1281 2021 1375 2050 etiam
1394 2020 1554 2052 Maecenas
1566 2022 1676 2062 magui
1690 2021 1788 2054 facie-

1016 2064 1090 2101 bat;
1115 2062 1188 2094 hinc
1210 2063 1294 2094 infra
1307 2073 1434 2104 quoque
1450 2064 1514 2095 Sat.
1536 2064 1583 2095 X.
1595 2063 1648 2096 81.
1668 2072 1705 2097 ut
1718 2077 1787 2098 arc-

1008 2107 1073 2137 tius
1088 2107 1169 2137 inter
1190 2117 1224 2137 se
1241 2107 1345 2148 juncti
1366 2107 1587 2146 producuntur
1610 2110 1732 2140 Plotius
1751 2117 1782 2142 ee

1017 2152 1138 2185 Varius,
1163 2151 1322 2182 Maecenas
1354 2152 1583 2193 Virgiliusque‚·
1617 2152 1659 2183 de
1691 2154 1782 2185 Vario

1010 2193 1051 2224 ef.
1070 2204 1165 2234 supra
1178 2193 1220 2224 ad
1234 2193 1298 2224 Od.
1313 2194 1342 2225 1.
1357 2193 1388 2224 6.
1405 2192 1435 2225 l.
1487 2196 1612 2232 animae,
1627 2195 1672 2227 sic
1685 2206 1783 2236 supra

1013 2237 1077 2269 Od.
1099 2237 1149 2268 11.
1171 2235 1221 2268 17.
1235 2236 1267 2268 5.
1293 2237 1423 2269 mollius
1437 2237 1648 2270 Maecenatem
1663 2242 1783 2272 anima

1010 2292 1078 2313 suae
1102 2287 1240 2321 partem,
1270 2286 1303 2312 et
1329 2281 1504 2322 Virgilium
1532 2281 1596 2313 Od-
1626 2283 1654 2314 I.
1684 2282 1717 2314 3.
1746 2283 1780 2315 8.

1010 2326 1128 2356 anima
1164 2336 1233 2356 suae
1262 2326 1431 2357 dimidium
1459 2325 1605 2366 appellat.
1693 2330 1782 2368 queis

1007 2380 1057 2400 me
1086 2370 1124 2399 sit
1149 2370 1281 2400 devinct-
1309 2371 1398 2406 atter,
1421 2369 1538 2410 quibus
1557 2369 1640 2400 alius
1665 2371 1778 2412 magis,

1008 2422 1105 2453 quam
1127 2421 1198 2452 ego,
1222 2412 1388 2443 devinctus
1415 2419 1448 2443 et
1472 2413 1640 2444 obstrictus
1665 2414 1715 2444 ait.
1734 2434 1780 2441 —

1007 2466 1114 2492 sanus,
1131 2455 1209 2485 dum
1225 2465 1301 2486 sana
1319 2465 1391 2486 sum
1405 2462 1523 2493 mente,
1538 2455 1617 2486 dum
1632 2457 1733 2488 sentio
1747 2465 1779 2488 et

996 2498 1117 2540 judico,
1140 2504 1177 2528 ut
1199 2508 1283 2528 sanae
1305 2499 1420 2529 mentis
1434 2500 1551 2537 homo;
1574 2497 1609 2528 iu
1623 2507 1774 2540 sequente

1005 2543 1069 2572 Sat.
1088 2552 1117 2571 v.
1135 2540 1190 2572 89.

1001 2585 1106 2626 liujus.
1775 2623 1777 2626 .

1047 2639 1076 2658 v.
1094 2626 1235 2658 45—49.
1255 2630 1412 2668 Campano
1423 2629 1522 2669 ponti,
1538 2627 1680 2670 intellige
1695 2640 1778 2669 pon-
1816 2640 1823 2649 ¹

1002 2678 1067 2702 tem
1086 2678 1174 2702 trans
1187 2671 1319 2701 fluvium
1345 2671 1500 2702 Savonem
1513 2671 1554 2702 ad
1569 2671 1652 2703 viam
1670 2673 1772 2714 Appi-

999 2725 1061 2746 am.
1148 2716 1276 2754 parochi
1289 2732 1334 2738 ——-
1342 2717 1497 2754 parochus
1519 2716 1697 2759 (wigman)
1713 2717 1770 2758 qui

999 2757 1112 2799 legatis
1141 2765 1172 2787 et
1197 2756 1267 2788 aliis
1291 2758 1350 2788 iter
1380 2757 1567 2789 facientibus
1599 2761 1772 2792 necessaria

1016 2801 1201 2831 nominatim
1230 2800 1338 2838 salem,
1365 2800 1501 2842 lignum,
1529 2801 1679 2842 foenum),
1709 2815 1770 2843 pu-

997 2844 1080 2876 blico
1109 2851 1219 2875 sumtu
1245 2846 1413 2884 praebenda
1443 2846 1580 2885 suscepit
1605 2846 1654 2877 vel
1678 2847 1769 2878 rede-

1000 2888 1068 2918 mit.
1114 2887 1206 2918 Idem
1240 2887 1355 2919 Latine
1385 2899 1404 2919 a
1429 2890 1566 2929 praebere
1598 2890 1769 2934 (ταρίχια)

1001 2932 1085 2972 apud
1112 2932 1296 2963 Ciceronem
1323 2931 1418 2964 Offic.
1441 2932 1470 2964 1.
1491 2930 1541 2964 15.
1560 2932 1675 2966 dicitur
1685 2945 1768 2974 prae·

1238 2543 1299 2573 Nil
1318 2553 1370 2573 me
1385 2543 1535 2583 poeniceat
1548 2553 1664 2575 sanum
1674 2547 1777 2584 patris
