1904 3250
235 151 318 189 268

866 145 1174 192 HORATII

1526 157 1682 207 [cAnm.
1704 168 1802 198 vlu.

354 273 500 324 Quum
522 274 574 315 sit
594 274 669 316 tibi
690 274 793 315 dens
814 280 916 324 ater,
938 281 980 315 et
999 275 1117 331 rugis
1136 283 1253 318 vetus

472 344 672 385 Frontem
694 351 884 385 senectus
906 351 1074 393 exaret3

296 417 321 454 5
356 413 540 469 Hietque
561 412 694 467 turpis
716 412 825 454 inter
846 412 983 454 aridas
1004 419 1122 454 nates

472 481 633 532 Podex,
656 481 771 523 velut
791 481 935 524 crudae
955 482 1088 524 bovis.

354 551 437 594 Sed
458 551 602 592 incitat
621 566 689 592 me
709 559 870 607 pectus,
893 560 936 593 et
954 567 1149 595 mammae
1169 561 1327 610 putres,

469 623 637 680 Equina
658 623 802 681 quales
823 625 955 667 ubera
966 642 977 675 3

351 696 594 753 Venterque
615 696 752 738 mollis
774 705 817 739 et
837 697 973 761 femur
993 699 1250 742 tumentibus

269 772 319 810 10
468 769 593 811 Exile
614 771 721 812 suris
743 770 946 813 additum.

351 841 455 883 Esto
475 842 610 892 beata,
632 842 757 884 funus
779 851 904 900 atque
924 845 1128 902 imagines

465 911 638 953 Ducant
659 912 958 969 Triumphales
979 922 1123 965 tuum3

348 981 440 1026 Nec
462 985 514 1026 sit
533 986 696 1036 marita,
719 1001 814 1043 quae
835 987 1152 1029 rotundioribus

466 1055 632 1098 Onusta
651 1057 790 1098 baccis
811 1057 1020 1108 ambulet3

266 1131 315 1169 15
349 1127 498 1178 Quid?
528 1129 642 1185 quod
662 1129 793 1172 libelli
817 1129 946 1172 Stoici
966 1131 1075 1172 inter
1096 1132 1249 1173 sericos

463 1199 491 1240 J
492 1214 612 1240 acere
632 1199 829 1255 pulvillos
851 1208 993 1242 amant
1006 1217 1015 1241 :

349 1268 573 1310 Inlitterati
592 1284 696 1310 num
715 1270 854 1311 minus
875 1270 994 1311 nervi
1014 1269 1184 1328 rigent?

466 1338 665 1380 Minusve
685 1339 858 1396 languet
877 1338 1105 1381 fascinum
1095 1338 1114 1370 Ῥ

349 1394 479 1461 Quod
501 1419 549 1452 ut
570 1412 752 1467 superbo
772 1427 977 1468 provoces
999 1412 1085 1454 ab
1073 1413 1259 1470 mguine,

262 1485 317 1523 20

228 1605 285 1631 est.
303 1617 347 1624 —
364 1598 474 1641 Fingit
501 1605 608 1630 autern
636 1607 738 1640 poeta,
767 1599 906 1631 vetulam
934 1599 993 1630 ali-

225 1653 322 1685 quam
345 1652 384 1672 ex
408 1653 441 1673 se
462 1642 648 1683 quaesivisse,
673 1643 750 1685 quid
774 1643 822 1679 sit,
845 1642 930 1685 quod
952 1643 993 1674 ad

225 1686 389 1717 libidinem
404 1696 510 1717 secum
527 1686 731 1718 exercendam
745 1686 895 1736 languere
906 1696 992 1718 nunc

226 1736 258 1761 et
271 1736 394 1769 torpere
408 1728 555 1769 incipiat
546 1730 560 1748 ‘³
606 1729 812 1770 Respondet
802 1730 901 1772 igitur
915 1729 942 1760 ei
958 1729 991 1759 in

225 1775 286 1804 hoc
300 1772 448 1809 carmine,
464 1779 496 1804 et
509 1773 643 1813 torporis
657 1773 706 1804 sui
721 1783 838 1809 causas,
862 1775 901 1804 ab
915 1773 992 1804 anili

222 1817 290 1859 ejus
305 1816 500 1856 turpitudine
513 1817 637 1857 petitas,
653 1817 830 1857 petulanter
843 1817 953 1857 aperit.

269 1871 299 1891 v.
335 1858 428 1890 1—6.
462 1863 586 1902 Rogare
615 1862 704 1902 longo
728 1862 831 1902 putid.
863 1867 893 1892 te
921 1872 990 1892 saec.

226 1910 299 1935 cett.
350 1903 467 1934 Sensus
481 1910 513 1934 et
533 1914 655 1935 nexus:
683 1904 787 1939 Tune,
811 1903 903 1945 cujus
923 1913 992 1934 cor-

223 1956 283 1987 pus
297 1947 394 1988 longa
407 1957 562 1978 annorum
575 1947 753 1987 deturpavit
767 1947 871 1984 series,
885 1957 987 1988 roga&

221 2000 279 2021 cur
293 1990 333 2021 ad
348 2000 415 2021 rem
430 1997 536 2022 tecum
556 1989 734 2022 hahendam
747 1991 837 2021 nulla
855 1990 991 2031 amplius

223 2034 365 2065 stimulet
379 2033 534 2064 libidine?
554 2034 643 2075 quasi
664 2034 698 2065 id
719 2044 829 2076 rogare
843 2045 924 2074 opus
938 2033 987 2071 sit,

224 2087 299 2108 cum
314 2077 354 2107 sit
369 2077 425 2108 tibi
447 2076 524 2108 dens
546 2083 611 2108 ater
632 2083 704 2108 cett.
730 2089 838 2118 rogare
860 2086 899 2115 te,
922 2077 989 2117 ple-

223 2121 314 2152 nius:
340 2120 450 2151 fien'ne
465 2127 578 2160 potest,
601 2126 638 2152 ut
651 2131 752 2163 roges,
769 2120 818 2152 vel
840 2120 989 2160 simplici-

223 2170 272 2195 ter
293 2174 368 2204 pro:
396 2165 553 2205 rogasne?
576 2169 613 2194 ut
633 2164 750 2204 passim
771 2164 857 2205 apud
883 2163 990 2195 Comi-

224 2217 288 2239 cos.
329 2209 417 2247 longo
433 2209 541 2239 saeculo
559 2209 717 2248 putidam,
735 2207 770 2237 in
791 2207 903 2249 grandi
923 2207 991 2249 jam

225 2257 325 2288 aetate,
341 2261 412 2292 quae
427 2250 597 2290 inportuna
618 2257 650 2282 et
670 2251 771 2281 invisa
784 2257 831 2282 est
845 2250 991 2282 amatori-

224 2296 295 2333 bus,
309 2294 521 2332 constitutam,
536 2300 661 2334 turpem
676 2294 824 2326 vetulam.
874 2294 991 2325 Similis

225 2347 352 2368 annosae
373 2336 487 2367 vetulae
517 2337 683 2376 descriptio
710 2343 758 2369 est
786 2338 820 2368 in
851 2337 991 2376 Priapeis

225 2391 320 2413 carm.
342 2380 458 2413 LVII.
481 2379 508 2410 l.
548 2383 659 2413 Cornix
679 2388 709 2413 et
730 2383 828 2413 caries
849 2387 992 2422 vetusque

226 2427 364 2463 bustum,
385 2425 492 2456 Turba
507 2430 537 2455 et
546 2426 678 2464 putrida
680 2425 777 2467 sacta
793 2425 988 2456 saeculorum.

226 2468 267 2500 cf.
286 2469 412 2501 Mtscla.
495 2474 581 2499 vetus
596 2475 706 2500 senect.
725 2474 763 2498 ut
776 2474 888 2500 veteres
903 2478 989 2499 senes

225 2512 312 2552 apud
328 2510 448 2543 Tibull.
467 2510 497 2542 1.
516 2510 548 2541 8.
566 2510 620 2541 50.
689 2512 796 2553 front-
816 2523 887 2552 rug-
905 2521 986 2542 exar-

226 2556 268 2587 cf.
288 2554 402 2596 Virgil.
423 2552 700 2586 AEn.V11.417.
783 2557 900 2592 crudae,
915 2553 989 2594 quia

227 2599 324 2630 cruda
349 2598 415 2630 fere
428 2607 499 2629 caro
523 2597 558 2628 in
580 2598 694 2629 macris
707 2599 817 2636 bobus,
833 2597 989 2638 praecipue

226 2643 309 2674 inter
323 2649 421 2677 nates,
437 2641 637 2683 conspicitur.

270 2697 300 2717 v.
319 2684 437 2717 7—10.
463 2687 531 2722 Sed,
547 2684 681 2715 irrisioni
702 2676 838 2718 inservit,
863 2689 900 2714 ut
914 2683 989 2714 alias

226 2732 372 2762 videlicet.
421 2727 528 2760 Multo
551 2727 668 2765 minus,
698 2727 752 2765 ait,
782 2737 834 2757 me
861 2724 990 2757 incitare

225 2779 328 2814 potest
338 2779 448 2814 pectus
460 2777 533 2804 cett.
613 2777 719 2803 venter
739 2771 850 2808 mollis,
865 2769 940 2811 lang
941 2770 988 2800 ui-

227 2817 298 2854 dus,
321 2816 489 2857 opponitur
510 2814 601 2846 firmo
622 2814 726 2845 adhuc
740 2821 772 2845 et
794 2813 986 2845 succulento.

226 2879 268 2885 —
282 2862 437 2895 additum,
454 2869 490 2891 su
591 2858 738 2899 positum.

267 2915 296 2935 v.
318 2903 455 2935 11-20.
482 2905 558 2936 Esto
574 2903 661 2935 beata
676 2907 747 2934 cett.
777 2901 909 2933 Sensus:
938 2899 987 2931 Sis

981 2941 1017 2973 ll

467 1482 556 1525 Ore
577 1482 911 1525 adlaborandum
931 1490 995 1524 est
1013 1483 1101 1524 tibi.

1035 1600 1108 1631 licet
1121 1599 1216 1637 dives,
1239 1605 1271 1631 et
1285 1599 1407 1638 nobilis,
1424 1609 1483 1632 nec
1497 1601 1564 1632 ulla
1576 1600 1640 1632 alia
1652 1607 1795 1634 matrona

1034 1643 1268 1694 pretiosioribus
1294 1642 1470 1693 margaritis
1505 1650 1614 1676 ornata
1649 1645 1795 1684 incedat;

1034 1687 1100 1717 imo
1115 1687 1157 1717 sis
1170 1686 1263 1718 docta
1275 1692 1308 1717 et
1329 1685 1531 1727 philosophiae
1552 1687 1676 1726 dodim
1695 1688 1796 1726 nihilo

1034 1729 1142 1761 minus
1155 1736 1261 1760 tamen
1275 1729 1363 1760 nervi
1383 1730 1456 1768 mei,
1478 1731 1532 1772 qui
1547 1737 1622 1763 sunt
1634 1712 1795 1771 illitterati,

1034 1773 1066 1804 h.
1085 1784 1112 1804 e.
1137 1773 1192 1815 qui
1215 1783 1281 1804 non
1301 1753 1472 1806 mulierum
1493 1773 1646 1813 doctrina,
1668 1774 1723 1806 sed
1743 1786 1796 1807 ea-

1034 1826 1107 1847 rum
1120 1816 1223 1847 forma
1243 1816 1422 1855 incitantur,
1444 1817 1471 1848 ri
1471 1823 1559 1859 gent,
1580 1817 1798 1860 fascinumque

1036 1860 1177 1902 languet,
1196 1859 1282 1901 quod
1295 1859 1435 1902 quidem,
1457 1870 1532 1892 cum
1553 1861 1634 1893 illud
1652 1861 1729 1893 anili
1741 1869 1796 1893 tua

1035 1903 1138 1935 forma
1166 1903 1326 1943 provocari
1353 1910 1499 1945 nequeat,
1524 1904 1588 1936 alio
1615 1904 1712 1936 modo
1738 1905 1796 1938 tibi

1032 1946 1268 1986 provocandum
1287 1952 1343 1978 est.
1431 1949 1582 1989 imagines
1608 1950 1796 1990 Triumpha-

1033 1992 1086 2028 les,
1107 1990 1262 2031 majorum
1285 1990 1410 2028 scilicet,
1434 1991 1550 2033 quibus
1569 1991 1720 2032 triumphi
1738 1993 1796 2023 ho-

1031 2044 1090 2064 nor
1104 2034 1245 2075 contigit,
1267 2033 1408 2075 adeoque
1428 2034 1693 2066 nobilissimorum
1714 2034 1795 2066 viro-

1032 2087 1102 2108 rum
1117 2077 1280 2119 imagines-
1329 2079 1437 2121 sunus
1447 2084 1538 2110 tuum
1548 2080 1678 2117 ducant,
1690 2077 1795 2110 funeri

1032 2127 1089 2151 tuo
1101 2121 1327 2161 praeferantur-3
1349 2120 1435 2162 quod
1455 2130 1522 2153 non
1542 2127 1666 2153 tantum
1686 2121 1721 2152 in
1736 2132 1794 2153 no·

1032 2163 1143 2195 bilium
1158 2164 1307 2202 virorum,
1330 2163 1385 2195 sed
1398 2164 1493 2195 etiam
1508 2164 1662 2196 nobilium
1677 2170 1794 2196 matro-

1034 2218 1147 2238 narum
1169 2207 1282 2238 funere
1308 2206 1377 2238 fieri
1405 2208 1541 2247 solebat3
1571 2207 1632 2239 vid.
1661 2207 1726 2239 Cic.
1753 2208 1794 2239 de

1036 2251 1126 2282 Orat.
1156 2250 1207 2281 11.
1236 2249 1291 2282 55.
1301 2251 1436 2294 funeris
1460 2256 1565 2282 autem
1592 2261 1630 2282 eo
1654 2252 1795 2283 acerbius

1031 2294 1224 2326 mentionem
1245 2294 1331 2331 facit,
1353 2303 1428 2324 cum
1451 2293 1512 2324 ista
1531 2303 1620 2332 anus,
1643 2301 1681 2325 ut
1701 2305 1795 2335 supra

1034 2335 1180 2368 111.15.
1205 2335 1236 2367 4.
1265 2317 1398 2373 Chion-is,
1414 2343 1538 2369 maturo
1540 2338 1656 2381 ιῙὶιηενι
1667 2340 1793 2379 propior

1033 2386 1122 2411 esset.
1211 2381 1447 2418 rotundioribus,
1466 2379 1501 2410 in
1521 2381 1687 2412 baccarum
1709 2381 1794 2412 enim

1033 2422 1225 2454 rotunditate
1260 2433 1368 2453 earum
1403 2422 1538 2463 pretium
1574 2425 1790 2464 spectabatur;

1031 2465 1094 2497 vid.
1118 2466 1202 2497 Plin.
1229 2465 1299 2497 lx.
1323 2465 1376 2496 35.
1464 2468 1608 2505 ambulet,
1630 2468 1792 2499 notionem

1032 2509 1183 2550 superbiae
1197 2514 1230 2540 et
1238 2509 1396 2549 jactantiae
1416 2509 1511 2548 babet
1524 2523 1535 2549 3
1552 2510 1616 2542 vid.
1643 2521 1737 2551 supra
1750 2512 1792 2543 ad

1032 2552 1136 2593 Epod.
1156 2552 1220 2584 IV.
1238 2551 1271 2583 5
1358 2554 1448 2584 libelli
1463 2554 1565 2591 Stoici,
1579 2555 1679 2586 facete
1692 2564 1792 2586 anum

1030 2595 1227 2627 libidinosam
1259 2596 1370 2628 stoicae
1394 2595 1597 2637 philosophiae
1620 2597 1791 2629 studiosam

1030 2639 1169 2671 inducit!
1257 2645 1369 2672 amant
1379 2639 1498 2679 jacere,
1519 2640 1671 2674 suaviter!
1702 2642 1791 2683 quasi

1031 2682 1075 2714 sic
1090 2681 1234 2714 collocati
1248 2683 1379 2713 mirifice
1392 2683 1450 2714 sibi
1465 2684 1617 2724 placeant.
1703 2687 1791 2717 nervi

1032 2725 1180 2757 dicuntur
1192 2727 1352 2764 illitterati,
1373 2725 1459 2767 quod
1472 2735 1537 2757 non
1551 2727 1671 2765 litteris,
1685 2727 1764 2759 aed
1754 2728 1792 2759 iis

1029 2775 1164 2806 tantum,
1190 2780 1261 2811 quae
1286 2769 1320 2800 in
1341 2779 1450 2800 sensus
1468 2769 1595 2809 cadunt,
1617 2777 1791 2814 tanguntur

1032 2818 1064 2843 et
1087 2812 1253 2844 feriuntur.
1328 2813 1504 2856 fascinum,
1533 2814 1572 2844 de
1600 2820 1696 2855 parte,
1726 2825 1790 2856 qua

1029 2855 1087 2887 viri
1102 2866 1220 2888 sumus.
1307 2858 1440 2898 superbo,
1463 2859 1594 2899 superbe
1615 2857 1790 2890 vetularum

1030 2898 1173 2931 libidines
1186 2899 1376 2940 repudiante.
