1904 3250
234 128 319 167 356

856 126 1165 169 HORATII

1624 169 1626 171 .
1644 135 1755 184 [un.
1777 145 1809 172 1.

355 250 464 292 Tam
484 252 651 309 nigrum
674 265 849 292 surrexe
869 249 999 293 mihi!
1035 251 1162 308 Fugit
1181 253 1415 308 improbus,
1438 270 1487 296 ac
1508 269 1575 295 me

356 323 445 366 Sub
465 323 602 365 cultro
620 323 784 379 linquit.
849 322 962 364 Casu
983 323 1097 364 venit
1116 322 1264 367 obvius
1284 324 1345 366 illi

268 398 294 436 7
297 398 323 436 5
355 395 649 444 Adversarius,
672 401 738 435 et:
775 394 867 445 Quo
885 400 931 437 tu
949 396 1183 447 tami-ssime
1197 393 1221 437 ,9
1249 409 1402 455 magna

356 465 560 506 Inclamat
581 479 696 514 voce,
718 471 773 514 et,
796 465 917 505 Licet
933 466 1133 505 antestari
1148 462 1171 505 ,9
1232 464 1327 523 Ego
1346 481 1447 508 vero

354 536 539 592 Oppono
560 535 803 578 auriculam.
869 535 999 592 Rapit
1018 536 1062 577 in
1077 536 1171 592 jus;
1203 535 1362 578 clamor
1381 538 1576 595 utrinque
1592 554 1603 590 ;

355 607 555 665 Undique
577 623 818 650 concursuS.

884 608 954 650 Sic
974 623 1044 649 me
1065 609 1244 650 servavit
1264 600 1436 664 Apollo.

863 822 1003 864 SATI
1010 822 1093 864 RA
1126 823 1185 864 X.

349 968 548 1018 LUCILI,
571 982 695 1022 quam
715 971 774 1009 sis
794 969 1017 1018 mendosus,
1039 974 1133 1009 teste
1157 968 1317 1018 Catone,

230 1077 398 1118 designari,
421 1087 486 1118 quo
500 1077 579 1107 nihil
601 1076 645 1107 rei
661 1077 684 1109 J
686 1075 786 1108 udaeis.
799 1087 907 1119 gerere
922 1077 996 1108 lice-

228 1127 283 1158 ret,
301 1131 338 1151 ex
354 1121 413 1152 boc
428 1121 497 1161 ipso
511 1121 581 1152 loco
596 1127 734 1160 apparet.

273 1175 300 1195 v.
330 1163 381 1194 70.
414 1166 535 1198 Judaeis
562 1166 718 1204 oppedere,
749 1173 864 1206 susque
893 1163 995 1205 deque

227 1209 351 1242 habere.
368 1218 440 1249 quae
455 1207 577 1240 Judaeis
590 1207 736 1248 religiosa
750 1214 834 1239 sunt.
862 1207 994 1244 Vocem,

226 1251 328 1292 qualis
350 1258 396 1282 est
417 1253 572 1293 oppedere,
599 1250 684 1290 plebi
705 1250 882 1292 relinquere
902 1251 996 1283 debe-

226 1296 280 1326 bat
297 1295 472 1331 Horatius3
489 1294 543 1326 sed
560 1294 660 1324 voluit
673 1293 789 1324 imitari
809 1295 994 1334 Aristopha-

227 1349 300 1370 nem
334 1338 420 1369 Plut.
452 1337 527 1369 618.
560 1344 592 1368 et
619 1337 695 1368 Pac·
722 1336 797 1368 547.
888 1341 994 1374 curtis,

226 1381 375 1422 pellicula
389 1381 576 1418 imminutis,
591 1381 742 1418 recutitis,
758 1381 868 1421 verpis.

269 1436 299 1455 v.
317 1424 369 1456 71.
402 1428 490 1457 nulla
519 1425 597 1457 mihi
618 1426 723 1465 religio
746 1431 799 1462 est,
822 1424 901 1454 mihi
923 1424 992 1465 qui-

225 1468 299 1500 dem
314 1469 469 1510 ejusmodi
483 1479 532 1499 res
553 1467 699 1509 religiosa
719 1468 805 1499 haud
825 1478 910 1498 curae
931 1476 989 1499 est.

223 1515 370 1553 —paulo
405 1514 573 1562 infirmior,
610 1511 706 1551 paulo
741 1511 990 1551 superstitiosior,

223 1555 313 1606 quasi
327 1558 367 1587 ab
381 1553 509 1586 infirmo
522 1555 628 1587 animo
646 1555 816 1595 repetenda
830 1555 870 1586 sit
883 1565 991 1594 super-

221 1599 316 1630 stitio-

265 1653 294 1673 ν.
313 1641 366 1673 73.
391 1644 484 1675 solem
507 1649 572 1675 tam
593 1643 733 1683 nigrum,
755 1641 840 1673 diem
863 1648 928 1673 tam
942 1642 991 1673 in.

221 1685 375 1717 faustum.

264 1740 293 1760 v.
312 1728 365 1760 742
398 1742 448 1762 me
476 1731 532 1762 sub
561 1732 657 1761 czdtro
685 1730 810 1770 linquit,
841 1735 991 1770 tanquam

221 1773 420 1804 mactandam
442 1773 598 1811 hostiam;
620 1771 720 1812 inepti
742 1773 827 1803 enim
849 1773 993 1804 homines

221 1815 403 1856 importuna
424 1817 607 1858 garrulitate
631 1827 760 1848 enecare
783 1816 833 1847 vel
858 1818 992 1848 occidere

221 1858 359 1900 aliquem
374 1859 534 1892 dic'untur.

263 1913 291 1934 v.
312 1902 364 1934 75.
389 1905 595 1941 adversarius,
611 1902 734 1943 petitor,
750 1902 805 1944 qui
827 1902 992 1943 garrulum

219 1946 350 1978 vadatus
379 1954 466 1986 erat;
513 1949 603 1979 Licet
624 1947 802 1979 antestari?
826 1946 940 1977 licetne
961 1953 992 1977 te

220 1996 331 2021 testem
345 1991 448 2022 facere
458 1991 473 2021 ?
496 1991 545 2022 his
567 1991 670 2021 verbis
685 1989 800 2030 petitor
815 2000 847 2020 se
862 2000 990 2021 conver-

219 2032 259 2064 tit
279 2033 320 2064 ad
344 2034 528 2065 Horatium.
576 2036 674 2066 Schol.
693 2035 769 2065 Aer.
795 2035 949 2065 antestari
966 2035 987 2065 i.

219 2087 245 2108 e.
260 2082 290 2108 te
305 2083 377 2108 teste
391 2080 442 2109 uti
456 2078 505 2116 (te
519 2084 625 2109 testem
627 2079 742 2120 jacere
758 2079 856 2108 Schol.
878 2076 990 2118 Cruq.)

220 2122 312 2152 Nam
327 2123 393 2152 Izoec
415 2129 482 2153 erat
504 2123 716 2153 consuetudo:
741 2121 768 2152 si
790 2122 860 2162 quis
879 2123 991 2152 vadato

219 2175 285 2197 non
294 2166 464 2204 paruisset,
480 2165 676 2196 adversarius
697 2165 830 2205 aliquem
851 2166 890 2195 de
905 2175 992 2205 prae-

217 2209 355 2248 sentibus
384 2210 606 2244 antestabatur,
635 2210 664 2238 Ιι.
690 2219 717 2239 ε.
751 2209 895 2248 tangebat
924 2208 992 2248 ejus

219 2262 332 2283 aurem
346 2257 377 2282 et
390 2253 529 2283 dicebat:
554 2253 662 2283 licetne
684 2253 837 2283 antestari
849 2251 867 2282 ἶ
891 2252 917 2282 si
938 2262 987 2283 re·-

219 2296 388 2335 mvndi-sset
408 2297 484 2327 ille:
515 2296 592 2331 licet,
616 2301 694 2327 tunc
716 2295 872 2335 injiciebat
892 2297 990 2326 vada-

220 2343 272 2370 tus
290 2350 424 2370 manum
445 2340 480 2370 in
501 2349 585 2376 eum,
608 2341 663 2380 qui
684 2350 750 2370 non
769 2340 934 2378 paruisset,
961 2344 990 2369 et

219 2383 376 2414 ducebat
363 2382 585 2423 mjudicium5
609 2384 697 2414 aliter
710 2383 738 2413 si
751 2382 901 2423 injecisset
919 2393 989 2413 ma-

219 2436 311 2463 num,
326 2425 514 2466 injuriarum
521 2431 646 2466 poterat
660 2427 814 2458 accusari.

262 2479 293 2500 v.
319 2467 372 2500 77.
404 2480 517 2510 oppono
539 2470 733 2501 auriculam·
769 2467 873 2500 Schol.
893 2468 984 2506 Aer.

220 2513 358 2545 solebant
378 2513 447 2556 (qui
466 2512 554 2543 litem
570 2511 664 2543 alicui
678 2512 912 2552 intendebant.)
929 2518 988 2543 tes-

219 2557 299 2588 tium
324 2567 418 2588 auree
437 2562 547 2592 tenere,
569 2562 598 2586 et
620 2557 664 2586 ita
679 2557 799 2587 dicere.
823 2561 986 2591 memento,

219 2601 302 2640 quod
323 2608 361 2632 tu
382 2601 458 2632 miln'
478 2601 514 2631 in
527 2600 580 2630 illa
594 2610 690 2631 causa
704 2599 787 2630 testis
801 2600 880 2635 eris,·
904 2601 985 2640 quod

219 2650 262 2675 est
277 2645 437 2681 antestari-

263 2698 292 2717 v.
311 2685 364 2718 78.
389 2687 508 2728 Apollo,
531 2691 568 2717 ut
590 2685 670 2716 deus
690 2694 889 2722 averruncus,
913 2686 987 2715 ἀλι-

219 2730 349 2781 ξῖκιικος..
387 2731 516 2762 Poterat
528 2726 634 2760 autem
651 2728 816 2763 Horatius,
833 2734 870 2758 ut
882 2733 985 2767 poeta,

218 2784 238 2804 a
252 2773 322 2811 deo,
337 2774 370 2804 in
393 2774 485 2816 cujus
504 2771 650 2814 praesidio
668 2777 744 2809 erat,
760 2769 914 2802 auxilium
930 2781 985 2801 ex-

218 2824 351 2856 pectare.
378 2818 583 2861 Heindovfius
595 2821 754 2854 comparat
770 2814 870 2845 Hom.
887 2813 980 2845 Iliad.

220 2860 304 2891 XX.
322 2859 397 2893 443.
424 2862 472 2893 τὸν
492 2859 514 2893 δ’
538 2860 729 2912 (Hectorem
754 2868 828 2888 cum
857 2857 982 2888 Achille

217 2906 428 2958 pugnantem)
456 2904 618 2959 ἔξηρταξυ
628 2902 786 2935 Ἀπολλων
806 2903 883 2933 Ῥεῖα
904 2902 982 2942 μάλ’

217 2946 292 2978 ὥστε
310 2949 386 2987 θεας,
405 2950 543 2988 {adludat
557 2946 618 2979 δ”
597 2948 645 2990 αρ’
661 2946 716 2990 hiet
732 2947 842 2987 πολλῇ-

921 2991 1019 3019 18·

1301 1077 1483 1110 SATIRA
1508 1076 1553 1108 X.

1085 1165 1253 1202 Horatius,
1284 1164 1372 1197 dum.
1392 1174 1425 1195 se
1444 1163 1587 1196 defendit
1610 1169 1719 1195 contra
1741 1174 1805 1203 eos,

1038 1209 1092 1249 qui
1107 1208 1212 1249 ipsum
1234 1218 1330 1248 supra
1344 1208 1378 1237 in
1396 1208 1461 1239 Sat.
1482 1207 1544 1238 IV.
1561 1207 1669 1249 inique
1682 1214 1714 1239 et
1727 1207 1807 1238 invi-

1039 1251 1127 1283 diose
1148 1252 1188 1284 de
1212 1251 1331 1283 Lucilii
1355 1251 1463 1282 Satiris
1482 1250 1641 1293 judicasse
1661 1251 1807 1283 criuiina-

1038 1297 1163 1332 bantur,
1179 1302 1286 1326 manet
1300 1295 1333 1325 in
1348 1294 1412 1326 lata
1431 1294 1471 1325 de
1495 1294 1623 1326 Lucilio
1643 1295 1806 1333 sententia,

1038 1338 1178 1389 ingenue
1193 1338 1285 1369 simul
1302 1338 1436 1369 laudans
1448 1349 1495 1375 ea,
1510 1349 1582 1380 quae
1592 1339 1666 1381 jure
1679 1337 1807 1370 merito-

1038 1392 1101 1423 que
1116 1384 1149 1412 in
1168 1382 1286 1413 Lucilii
1301 1381 1402 1413 satiris
1416 1381 1575 1413 laudanda
1595 1382 1667 1412 sint.
1684 1399 1729 1407 —
1745 1382 1807 1414 Ce-

1035 1432 1139 1456 terum
1154 1425 1188 1456 in
1204 1426 1263 1457 hac
1279 1425 1373 1456 satira
1386 1424 1472 1462 vitia,
1495 1425 1586 1456 bonis
1607 1424 1807 1465 scriptoribus

1035 1468 1174 1505 vitanda,
1198 1475 1358 1510 tamquam
1375 1467 1409 1498 in
1425 1468 1555 1510 speculo
1579 1475 1805 1509 representan-

1035 1518 1097 1543 tur.

1079 1566 1107 1586 v.
1136 1554 1164 1586 l.
1199 1557 1316 1592 Lucili,
1345 1566 1442 1597 quam
1469 1557 1511 1586 sis
1539 1557 1705 1587 „undosus
1730 1560 1803 1586 cett.

1036 1605 1107 1630 octo
1120 1609 1238 1636 versus,
1247 1598 1324 1629 huIc
1337 1600 1439 1630 satirae
1452 1598 1582 1639 praefixi,
1598 1598 1671 1630 ideo
1684 1598 1806 1630 diversa

1034 1643 1210 1675 litterarum
1231 1642 1334 1673 sonna
1351 1641 1457 1674 excusi
1479 1650 1564 1679 sunt,
1587 1642 1671 1683 quia,
1695 1649 1806 1673 utrum

1037 1685 1194 1717 Horatius
1206 1696 1316 1716 eorum
1331 1689 1441 1716 auctor
1453 1684 1559 1720 fuerit,
1577 1695 1684 1720 necne,
1700 1684 1806 1716 adhuc

1035 1729 1212 1771 subjudice
1232 1729 1273 1760 lis
1293 1735 1351 1759 est.
1397 1728 1601 1760 Exhibentur
1620 1728 1749 1770 quidem
1770 1729 1806 1759 hi

1034 1783 1142 1804 versus
1155 1779 1220 1804 tam
1242 1771 1276 1803 in
1300 1771 1390 1804 Edit.
1410 1771 1517 1803 Princ.
1541 1771 1719 1804 bibliothec.
1738 1771 1805 1803 Va-

1035 1816 1101 1850 tic„
1118 1826 1214 1857 quam
1229 1816 1263 1846 in
1278 1815 1348 1847 aliis
1368 1816 1500 1846 vetustis
1513 1813 1601 1847 editt.
1621 1815 1805 1854 Laudimcs,

1034 1859 1126 1890 nulla
1138 1865 1212 1891 vett.
1231 1858 1320 1890 editt.
1337 1860 1530 1890 auctoritatis
1546 1858 1667 1890 ratione
1687 1858 1804 1896 habita,

1034 1903 1157 1943 primus
1170 1913 1224 1934 eos
1237 1903 1272 1933 in
1286 1902 1361 1933 edit.
1383 1902 1467 1933 Flor.
1497 1901 1592 1934 1482.
1617 1913 1636 1933 e
1657 1909 1748 1934 textu
1770 1901 1804 1933 ln

1035 1947 1190 1988 subjectas
1204 1945 1489 1977 animadversiones
1501 1944 1662 1990 relegavit.
1709 1942 1805 1977 Idem

1034 1989 1177 2021 fecerunt
1191 1989 1306 2021 deinde
1319 1988 1386 2020 alii.
1433 1989 1522 2026 Quid
1533 1990 1550 2020 ἰ’
1571 1988 1656 2032 quod
1670 1995 1743 2021 octo
1755 1987 1804 2020 ini

1035 2043 1143 2064 versus
1157 2044 1176 2064 a
1189 2032 1390 2074 quibusdam,
1405 2040 1443 2064 ut
1463 2043 1484 2064 a
1504 2035 1657 2070 Beruleio,
1678 2031 1804 2064 silentio

1034 2076 1128 2117 plane
1142 2075 1341 2118 praetemfissi
1355 2082 1440 2108 sunt.
1475 2077 1523 2108 At
1535 2083 1606 2117 post
1620 2078 1804 2110 BenHeium

1035 2120 1138 2152 extitit
1157 2122 1322 2156 Gesner-us.
1337 2120 1392 2161 qui
1407 2129 1515 2152 versus
1528 2120 1609 2158 illos,
1632 2126 1670 2151 ut
1689 2119 1803 2161 dignos

1036 2164 1185 2201 Horatio,
1200 2164 1235 2194 in
1250 2163 1366 2201 sedem,
1379 2173 1443 2204 qua
1456 2163 1540 2204 pulsi
1552 2169 1635 2200 sunt,
1648 2162 1803 2203 postlimi-

1035 2208 1091 2239 nio
1104 2207 1314 2240 restituendos
1334 2207 1543 2244 arbitraretur,
1564 2207 1610 2238 ita
1629 2213 1748 2244 tamen,
1763 2212 1802 2238 ut

1030 2251 1206 2282 litterarum
1226 2251 1330 2282 forma
1350 2261 1371 2282 a
1391 2251 1501 2282 ceteris
1521 2250 1799 2293 distinguentium

1034 2295 1136 2326 Hunc
1158 2305 1219 2336 ego
1241 2300 1368 2325 secutus
1389 2293 1515 2326 eosdem
1545 2304 1653 2326 versus
1679 2293 1803 2324 diver-su

1031 2338 1210 2369 litterarum
1234 2338 1337 2369 forma
1359 2337 1435 2369 huic
1462 2337 1566 2369 satire
1593 2335 1802 2387 praefigendoa

1032 2382 1150 2418 curavi,
1165 2388 1198 2412 et
1210 2381 1340 2422 quidem
1353 2381 1395 2411 ob
1408 2382 1464 2412 has
1484 2387 1620 2423 quatuor
1638 2386 1795 2412 renones·

1035 2424 1070 2464 1)
1086 2425 1160 2474 quia
1174 2424 1220 2455 illi
1233 2434 1300 2455 non
1320 2430 1445 2455 tantum
1459 2423 1493 2455 in
1507 2423 1697 2456 editionibus
1717 2422 1800 2455 anti-

1031 2467 1198 2509 quissimis,
1217 2467 1271 2499 sed
1286 2467 1380 2499 etiam
1402 2467 1436 2497 in
1460 2467 1569 2499 multis
1593 2465 1694 2499 eodd.
1712 2466 1800 2507 apud

1032 2514 1134 2544 Feam
1148 2510 1352 2542 exhibentur:
1379 2509 1416 2550 2)
1431 2511 1507 2551 quia
1520 2512 1560 2542 ab
1575 2509 1705 2542 Horatii
1721 2510 1798 2541 scri-

1030 2554 1126 2586 bendi
1142 2553 1262 2584 ratione
1275 2563 1339 2584 non
1354 2554 1540 2585 abhorrent·
1588 2553 1626 2595 3)
1637 2553 1712 2596 quia
1725 2563 1798 2584 sen·
1838 2591 1844 2598 μ
1893 2581 1897 2591 ,

1030 2597 1127 2628 tentia
1155 2597 1190 2627 in
1211 2597 1250 2627 iis
1275 2607 1421 2637 expressa
1439 2596 1587 2628 carminis
1606 2603 1796 2639 argumento

1027 2640 1212 2681 respondet:
1247 2638 1290 2681 4)
1303 2640 1380 2681 quia
1391 2639 1494 2680 prima
1507 2639 1604 2682 hujus
1615 2640 1719 2672 entim
1734 2649 1795 2672 vox

1031 2687 1164 2725 Nempe,
1182 2682 1242 2714 nisi
1262 2683 1449 2714 senteutiam
1471 2683 1607 2725 aliquam
1629 2683 1795 2724 supplen—
1852 2715 1854 2717 ,
1890 2689 1893 2692 ’

1029 2727 1084 2765 riS,
1107 2737 1171 2768 quo
1191 2726 1353 2762 referatur,
1376 2736 1441 2757 non
1463 2727 1580 2758 habet·
1570 2751 1582 2766 ,
1598 2734 1632 2759 at
1648 2727 1753 2765 habet,
1767 2727 1795 2758 εἰ
1874 2766 1878 2768 v

1026 2770 1074 2801 illi
1105 2781 1211 2801 versus
1239 2769 1479 2810 praemittantur,
1508 2770 1569 2802 hoc
1591 2771 1657 2802 fere
1682 2775 1787 2803 nexu&

1028 2813 1228 2845 ‘Lucilium
1263 2820 1387 2853 poetam
1417 2816 1600 2846 mendosum
1635 2824 1712 2852 esse,
1742 2813 1793 2845 vel
1853 2824 1869 2857 {¹

1026 2857 1100 2888 inde
1114 2858 1262 2897 probabo,
1280 2856 1365 2898 quod
1381 2857 1472 2895 cato,
1497 2857 1614 2889 Lucilii
1635 2857 1790 2893 defensor,
1846 2859 1865 2865 ”

1025 2901 1125 2932 malos
1138 2903 1178 2932 ab
1192 2911 1231 2932 eo
1253 2900 1351 2932 factos
1372 2911 1478 2933 versus
1499 2901 1667 2933 emendare
1679 2907 1766 2941 parat
1777 2912 1789 2935 ς

1025 2945 1079 2986 qui
1097 2944 1234 2986 quidem,
1251 2954 1314 2986 quo
1327 2943 1375 2975 vir
1388 2951 1435 2976 eet
1455 2943 1576 2984 melior,
1591 2955 1630 2977 eo
1644 2944 1747 2976 lenius
1759 2950 1791 2975 et

1847 2933 1871 2957 ...V

1845 2958 1865 2987 ξ(

1848 2986 1862 3014 ,³
