1904 3250
186 192 271 230 440

823 188 1133 233 HORATII

1599 197 1707 245 [mn.
1731 207 1761 234 1.

248 319 274 356 5
308 316 506 358 Herculis
527 317 581 358 ad
602 324 768 373 postem
788 316 902 367 fixis,
924 316 1026 357 latet
1046 316 1213 358 abditus
1234 333 1350 375 agro,

306 385 372 427 Ne
393 386 599 442 populum
620 392 811 426 extrema
830 385 954 426 toties
975 393 1124 426 exoret
1142 399 1280 428 arena.

307 458 386 499 Est
405 457 521 507 mihi,
544 466 769 514 purgatam
790 457 940 499 crebro
962 457 1034 514 qui
1054 465 1253 513 personet
1272 474 1438 501 aurem:

307 528 432 570 Solve
454 536 741 569 senescentem
762 535 926 569 mature
947 542 1074 569 sanus
1096 542 1265 584 equum,
1286 543 1340 570 ne

307 597 459 639 Peccet
479 597 535 638 ad
556 606 794 639 extremum
815 597 1033 648 ridendus,
1060 606 1102 639 et
1121 597 1194 638 ilia
1214 596 1354 639 ducat.

223 674 272 710 10

306 669 432 711 Nunc
453 669 595 727 itaque
616 679 659 712 et
679 686 825 712 versus
847 679 889 712 et
910 678 1050 712 cetera
1069 669 1232 712 ludicra
1253 685 1393 725 pono:

306 741 425 791 Quid
446 758 595 784 verum
616 752 742 801 atque
758 744 914 785 decens
935 759 1039 785 curo
1059 751 1102 785 et
1121 758 1241 801 rogo,
1260 751 1302 784 et
1322 743 1458 784 omnis
1478 743 1522 786 in
1541 743 1622 786 hoc
1644 759 1734 786 sum
1751 760 1759 784 ε

307 814 460 856 Condo
480 823 524 857 et
544 830 767 873 compono,
779 832 887 873 «quae
906 831 1009 858 mox
1030 816 1280 872 depromere
1300 816 1472 872 possim.

306 887 371 928 Ac
391 902 445 928 ne
465 887 573 930 forte
595 904 733 947 roges,
756 904 841 946 quo
862 905 930 930 me
949 888 1072 939 duce,
1095 904 1180 946 quo
1201 888 1289 931 lare
1310 897 1444 930 tuter:

305 959 474 1002 Nullius
494 961 688 1004 addictus
702 963 848 1019 jurare
868 963 912 1003 in
932 963 1062 1004 verba
1081 963 1284 1019 magistri,

220 1033 270 1071 15

305 1029 406 1080 Quo
426 1046 494 1073 me
515 1047 696 1089 cumque
717 1033 828 1088 rapit
847 1040 1087 1088 tempestas,
1118 1032 1286 1074 deferor
1305 1032 1472 1089 hospes.

304 1102 431 1145 Nunc
451 1104 572 1161 agilis
593 1104 664 1155 fio,
688 1112 730 1146 et
750 1120 913 1146 mersor
935 1104 1126 1146 civilibus
1148 1104 1286 1156 undis,

305 1174 485 1216 Virtutis
506 1192 618 1218 verae
639 1186 780 1219 custos
802 1177 1049 1235 rigidusque
1069 1176 1258 1219 satelles:

186 1290 236 1326 sit,
268 1297 353 1322 certo
381 1292 531 1324 constitui
559 1300 703 1334 nequeat.
803 1296 958 1332 Veianius,

185 1336 283 1365 armis
297 1340 370 1366 cett.
418 1336 494 1368 Jam
520 1336 708 1367 nominatim
737 1336 862 1369 inducit
890 1338 959 1379 gla-

186 1377 340 1408 diatorem
354 1378 537 1417 Veianium‚
546 1380 612 1422 qui,
628 1387 794 1422 postquam
809 1389 876 1412 arte
889 1381 958 1422 glae

185 1420 319 1452 diatoria
341 1432 375 1453 se
397 1422 624 1461 nobilitaverat,
654 1431 692 1455 ut
719 1434 775 1464 per
803 1424 957 1466 reliquam

184 1465 281 1495 vitam
296 1475 426 1497 securus
440 1473 521 1498 esset
540 1468 581 1498 ab
601 1467 690 1498 omni
704 1468 750 1499 rei
763 1467 958 1509 gladiatoriae

187 1508 340 1547 periculo,
355 1520 433 1551 agro
447 1510 573 1542 abditus
594 1511 730 1542 latuerit.
779 1511 843 1542 Ille
859 1512 957 1554 igitur

186 1562 275 1582 arma
303 1562 362 1583 sua
390 1553 423 1583 in
453 1554 575 1586 foribus
602 1555 713 1594 templi
737 1555 898 1591 Herculis,
922 1556 956 1586 in

185 1596 278 1637 cujus
317 1597 462 1635 praesidio
490 1603 581 1629 erant
616 1597 814 1639 gladiatores,
852 1599 958 1630 fixisse

186 1638 313 1676 dicitur,
336 1639 384 1670 uti
407 1639 525 1671 milites
545 1648 616 1681 post
638 1648 795 1681 peractam
810 1642 957 1673 militiam

186 1693 275 1713 arma
295 1693 363 1720 sua,
386 1689 537 1724 tanquam
564 1685 752 1724 ἀναθήματα
770 1686 867 1717 Marti
883 1696 959 1717 oon-

185 1735 306 1756 sectare
319 1726 470 1758 solebant.
513 1727 589 1759 Jam
604 1739 687 1766 vero,
714 1739 788 1759 cum
813 1729 959 1768 Veianio,

130 1812 133 1814 -
186 1768 296 1800 relicto
325 1769 412 1806 ludo,
450 1771 593 1802 rusticari
621 1771 756 1808 licuerit,
792 1783 866 1803 eum
892 1773 960 1814 jam

185 1812 266 1843 rude
280 1811 444 1851 donatum,
467 1814 534 1845 sive
554 1815 762 1856 gladiatorem
783 1816 960 1847 rudiarium

185 1855 295 1892 fuisse.
323 1864 435 1896 sponte
458 1866 598 1898 apparet.
647 1859 710 1890 Sed
724 1859 866 1891 libertate
880 1870 961 1901 quo-

186 1910 249 1940 que
263 1899 372 1931 donati
386 1911 444 1940 pro
458 1900 564 1933 lubitu
578 1912 671 1942 porro
685 1903 857 1934 intererant
878 1914 962 1945 pug-

188 1943 238 1974 nis
263 1943 465 1984 gladiatoriis.
537 1945 587 1976 Hi
615 1946 714 1987 igitur
742 1957 807 1977 non
835 1953 962 1977 tantum

187 1987 262 2017 victi
278 1987 350 2017 vitae
364 1988 499 2024 veniam,
515 1989 570 2020 sed
596 1990 703 2025 etiam,
730 1989 810 2020 dum
835 1990 869 2020 in
893 2000 960 2020 are-

186 2040 262 2061 nam
277 2030 518 2070 descendebant,
539 2032 679 2063 favorem
701 2033 811 2072 populi
826 2033 884 2064 sibi
907 2043 961 2064 ex-

187 2074 313 2113 petiisse
326 2074 484 2105 videntur.
534 2076 625 2107 Hinc
647 2078 702 2108 Ne
717 2078 872 2118 populum
885 2084 958 2108 cett.

187 2123 323 2149 extrema
344 2129 453 2155 arena,
478 2125 620 2150 extrema
642 2127 731 2159 parte
753 2120 804 2151 vel
817 2130 873 2151 ora
886 2121 956 2156 loci,

189 2161 245 2192 ubi
258 2161 450 2202 gladiatores
470 2164 675 2204 pugnabwt5
698 2175 798 2195 arena
818 2174 875 2204 pro
889 2164 960 2195 loco

188 2215 285 2236 arena
298 2211 382 2236 tecto
397 2205 447 2235 vel
461 2215 638 2246 consperso.

232 2259 262 2279 v.
278 2247 374 2280 7-9.
394 2251 452 2280 Est
469 2251 545 2281 milii
559 2258 631 2281 cett.
659 2251 774 2282 Nexus
787 2257 819 2282 et
833 2262 958 2283 sensus:

194 2292 241 2323 Ut
263 2302 325 2334 ego
350 2293 473 2329 faciam,
499 2294 586 2333 quod
610 2294 687 2325 fecit
711 2294 874 2333 Veianius,
897 2305 964 2325 non

191 2335 279 2367 deest
299 2336 378 2366 mihi
401 2335 547 2372 monitor,
575 2337 693 2368 scilicet
713 2338 840 2369 animus
860 2349 962 2378 meus,

191 2390 301 2410 aurem
327 2390 432 2411 meam
457 2381 566 2411 crebro
587 2381 636 2411 his
657 2381 793 2421 implens
814 2382 959 2414 vocibus:

195 2423 268 2454 Tibi
283 2422 457 2454 senescenti
471 2424 617 2464 exemplo
627 2425 667 2455 sit
675 2435 839 2456 senescens
850 2436 961 2466 equus,

191 2467 256 2508 qui,
273 2467 334 2498 nisi
349 2473 474 2498 mature
487 2477 562 2497 eum
578 2478 671 2498 curru
681 2474 713 2499 et
726 2468 885 2500 laboribus
900 2468 962 2499 sol-

191 2511 281 2547 veris,
297 2511 431 2550 turpiter
450 2520 485 2540 se
499 2510 595 2549 dabit,
616 2519 647 2542 et
669 2512 797 2551 spiritus
818 2513 962 2543 trahendi

190 2554 378 2586 difficultate
387 2554 548 2586 laborabit.
638 2557 699 2587 Est
708 2557 796 2592 mihi,
808 2558 872 2597 qui,
883 2556 960 2587 'dee-n

193 2599 231 2630 ἵε.
317 2604 502 2639 purgatam,
515 2608 558 2628 sc.
579 2598 679 2635 sorde,
703 2606 735 2629 et
749 2599 880 2638 proinde
893 2610 961 2630 me-

194 2641 257 2672 lius
277 2648 310 2673 et
331 2641 446 2672 clarius
466 2640 657 2678 audientem,
685 2642 861 2683 elegantius
882 2653 957 2682 pro:

193 2695 308 2716 meam.
386 2696 498 2717 aurem
509 2695 680 2725 personare
689 2696 757 2726 Jam
772 2692 834 2716 est:
853 2696 962 2717 aurem

194 2729 289 2766 sonis,
306 2729 434 2760 vocibus
447 2727 614 2764 clar-isonis,
636 2728 788 2767 implere;
815 2729 860 2759 sic
874 2729 960 2769 apud

195 2772 310 2814 Virgil.
330 2773 408 2803 AEn.
432 2772 492 2803 VI.
510 2770 585 2803 417.
625 2772 780 2803 Cerberus
799 2784 897 2813 regna
915 2775 959 2803 la-

195 2823 282 2847 tratu
314 2827 484 2857 personare
517 2816 642 2847 dieitur.
745 2823 963 2854 senescentem,

197 2861 375 2891 Lambinus
406 2865 567 2899 comparat
596 2859 683 2890 Enn.
720 2858 847 2900 Fragm.
879 2859 965 2899 apud

199 2902 265 2932 Cic.
278 2903 318 2933 de
331 2903 454 2934 Senect.
466 2914 493 2934 c.
508 2902 540 2934 5.
565 2904 754 2945 Sicutfhrtis
766 2914 874 2943 equus,
891 2914 961 2944 spa-

195 2948 237 2975 cio
259 2948 314 2986 qui
325 2948 416 2987 sorte
432 2959 574 2988 supremo
603 2948 680 2979 Vicit
704 2948 855 2988 Olympia,
870 2958 961 2978 nunc

194 2990 277 3020 senio
286 2990 438 3031 coagfoelu'
450 2993 588 3033 quiescit.
648 3001 756 3029 sanus,
768 2989 960 3031 prudentior·

1001 1311 1045 1318 —
1059 1296 1113 1325 ilia
1127 1296 1232 1331 ducat,
1255 1293 1382 1325 anhelet
1394 1299 1426 1324 et
1440 1292 1566 1324 lumbos
1586 1293 1688 1324 trahat
1701 1304 1768 1325 ma-

1001 1337 1050 1368 cie
1064 1343 1095 1368 et
1110 1338 1198 1368 senio
1212 1338 1384 1368 confectus.

1045 1391 1074 1412 ν.
1107 1379 1158 1412 10.
1185 1383 1287 1413 Num:
1310 1383 1424 1422 itaque,
1448 1390 1535 1411 nunc
1557 1380 1664 1421 igitur,
1690 1380 1767 1411 dum

999 1424 1157 1460 monitori,
1173 1424 1280 1455 animo
1294 1435 1376 1462 meo,
1391 1434 1494 1464 pareo.
1567 1435 1645 1458 ver-3.
1656 1430 1692 1455 et
1707 1431 1763 1455 cet.

998 1469 1065 1499 lud.
1079 1479 1170 1508 pono.
1195 1467 1367 1498 scribendis
1387 1467 1527 1498 versibus
1547 1473 1581 1497 et
1593 1466 1704 1498 ceteris
1717 1467 1767 1498 lu-

1000 1512 1095 1548 sibus,
1117 1511 1232 1552 quibus
1252 1511 1434 1552 juveniliter
1455 1510 1585 1548 indulsi,
1607 1510 1767 1548 abstine03

999 1565 1105 1586 versus
1128 1554 1167 1585 ad
1182 1554 1322 1585 carmina
1342 1553 1440 1594 lyrica
1458 1561 1490 1584 et
1503 1555 1625 1586 ludicra
1640 1554 1681 1584 ad
1695 1554 1769 1584 sati-

999 1608 1050 1629 ras
1071 1598 1219 1639 equidem
1243 1608 1319 1629 cum
1341 1597 1563 1638 interpretibus
1582 1598 1698 1628 referre
1711 1607 1769 1628 no-

1000 1641 1068 1673 lim.

1045 1695 1075 1716 v.
1095 1683 1147 1716 11.
1163 1686 1274 1724 manis,
1293 1690 1390 1723 totus,
1411 1690 1480 1716 toto
1493 1683 1602 1716 animo
1624 1686 1702 1727 (eis
1717 1685 1770 1716 a.)

1003 1728 1098 1769 ἕλος).

1047 1783 1077 1803 v.
1099 1771 1150 1802 12.
1172 1774 1273 1805 Condo
1288 1778 1319 1803 et
1333 1782 1491 1813 compono,
1513 1771 1651 1807 recondo
1664 1770 1772 1802 animo

1002 1824 1160 1856 praecepta
1181 1814 1395 1856 pbilosophiae,
1417 1816 1452 1846 e't
1462 1813 1623 1846 moonditn
1637 1815 1772 1856 (compo-

1003 1858 1060 1899 no)
1077 1859 1111 1889 in
1126 1858 1269 1890 ordinem
1283 1858 1404 1900 redigo.

1048 1913 1076 1933 v.
1099 1902 1149 1934 13.
1168 1915 1227 1945 quo
1243 1914 1294 1934 me
1306 1904 1399 1940 duee,
1414 1913 1474 1944 qun
1487 1903 1556 1933 lare
1569 1907 1662 1938 tuter,
1677 1911 1774 1942 quem

1005 1945 1118 1977 ducem
1141 1947 1175 1976 in
1198 1945 1395 1985 philosophia
1419 1955 1541 1987 sequar,
1567 1945 1660 1986 cujus
1681 1950 1773 1975 sectae

1005 1990 1190 2021 auctoritate
1202 1999 1256 2020 me
1269 1995 1376 2026 tuear3
1439 2023 1442 2027 ,
1463 1990 1514 2020 lar
1529 1988 1598 2029 jam
1617 1994 1666 2019 est
1677 1995 1774 2025 secta,

1005 2039 1043 2063 ut
1056 2034 1190 2075 familia
1198 2049 1209 2070 ;
1235 2033 1304 2064 cic.
1333 2031 1375 2063 de
1400 2031 1511 2064 Divin.
1528 2032 1580 2063 11.
1607 2030 1772 2074 Lfamieia

1007 2078 1296 2116 Peripateticorum,
1321 2082 1353 2107 et
1374 2078 1505 2113 dafnus,-
1531 2085 1627 2115 supra
1649 2075 1714 2107 Od.
1739 2074 1769 2106 Ι.

1001 2119 1056 2151 29.
1078 2119 1128 2151 14⁴.
1146 2123 1257 2152 domm
1272 2122 1437 2152 Socratica.
1496 2141 1498 2143 »

1045 2174 1074 2194 ν.
1107 2162 1158 2194 14.
1189 2165 1282 2195 Null.
1312 2165 1384 2195 add.
1402 2163 1477 2204 jur.
1504 2165 1540 2194 in
1568 2163 1658 2194 verba
1675 2173 1770 2202 mag„

1003 2207 1090 2242 scito,
1108 2218 1161 2238 me
1181 2207 1226 2238 ita
1246 2206 1408 2238 addictum
1425 2204 1597 2248 (deditum)
1612 2215 1679 2236 aese
1700 2206 1771 2245 phi-

1006 2251 1169 2291 losophiae,
1180 2251 1259 2282 utin
1272 2250 1393 2281 nullius
1402 2249 1542 2292 magistri
1554 2250 1646 2280 verba
1655 2249 1772 2289 jurem,

1007 2295 1038 2324 h.
1054 2305 1083 2325 e.
1100 2295 1220 2326 nullius
1233 2293 1411 2334 philosophi
1425 2291 1608 2324 auctoritate
1621 2302 1674 2323 me
1687 2292 1772 2323 deci-

1005 2338 1039 2378 pi
1055 2344 1087 2369 et
1099 2339 1135 2369 in
1149 2347 1286 2368 errorem
1306 2337 1415 2367 induci
1436 2336 1545 2376 patiar,
1566 2335 1622 2366 sed
1642 2345 1681 2366 ea
1701 2342 1773 2366 tan-

1006 2389 1087 2419 tum,
1102 2392 1175 2424 quae
1196 2380 1274 2411 mihi
1287 2390 1360 2411 vera
1373 2389 1440 2411 esse
1461 2379 1616 2416 videntur,
1631 2379 1771 2419 amplec-

1004 2432 1070 2457 tar:
1158 2426 1300 2455 addictus
1325 2440 1371 2449 —
1389 2423 1518 2463 jurare,
1551 2423 1665 2454 Graeca
1693 2425 1773 2464 (qua

1005 2468 1120 2509 saepius
1149 2467 1305 2498 Horatius
1332 2466 1490 2507 praecipue
1517 2466 1552 2496 in
1579 2465 1771 2498 carminibus

1008 2511 1132 2553 Lyricis
1145 2521 1222 2542 usus
1233 2510 1294 2550 est)
1306 2510 1508 2548 constructio,
1522 2519 1598 2550 pro:
1616 2509 1771 2548 addictus,

1003 2561 1041 2586 ut
1048 2556 1164 2596 jurem.

1047 2609 1075 2629 v.
1098 2597 1147 2628 15.
1171 2600 1238 2633 Quo
1259 2608 1309 2628 me
1331 2607 1465 2638 cumque
1485 2607 1554 2639 rap.
1572 2603 1595 2628 t.
1613 2603 1685 2628 oett.
1710 2596 1773 2627 ele-

1004 2649 1116 2684 ganter
1127 2641 1282 2671 Horatius
1289 2641 1428 2682 imagine
1435 2651 1456 2671 a
1463 2640 1662 2682 navigatione
1669 2648 1771 2671 trans-

1006 2686 1069 2717 lata
1083 2684 1232 2724 exprimit
1245 2684 1305 2714 hoc
1318 2696 1326 2715 ε
1344 2684 1384 2714 ad
1398 2693 1621 2725 quemcunque
1633 2683 1771 2723 philoso-

1002 2730 1102 2769 phum
1113 2738 1166 2758 me
1175 2727 1257 2767 rapit
1269 2727 1414 2767 impetus,
1429 2726 1514 2766 apud
1528 2737 1604 2757 eum
1615 2737 1685 2758 sum
1697 2727 1770 2758 hos-

1004 2782 1070 2812 pes,
1085 2779 1117 2802 et
1130 2772 1244 2811 hospes
1266 2781 1390 2808 maneo,
1417 2780 1482 2801 non
1504 2771 1573 2812 ejus
1593 2771 1708 2802 scholae
1722 2770 1772 2802 vel

1006 2822 1099 2847 sectae
1113 2824 1165 2844 me
1178 2814 1301 2851 addico,
1316 2814 1369 2845 sed
1390 2824 1428 2844 ea
1447 2820 1584 2852 tantum,
1607 2824 1679 2855 quae
1692 2813 1771 2845 mihi

1006 2861 1188 2899 probantur,
1203 2857 1319 2899 deligo.
1369 2857 1481 2888 Voluit
1494 2857 1592 2899 igitur
1614 2858 1772 2889 Horatius

1004 2902 1223 2943 philosophum
1236 2911 1338 2943 agere,
1349 2911 1444 2942 quem
1455 2900 1569 2932 dicunt
1577 2901 1772 2933 eclecticum.

1048 2955 1076 2977 v.
1113 2943 1250 2975 16-l9.
1291 2947 1395 2977 Nunc
1431 2946 1522 2986 agilis
1547 2947 1608 2988 fio,
1638 2954 1767 2976 senaim

1006 2990 1114 3028 Nunc,
1133 2988 1247 3021 Stoicae
1261 2988 1434 3030 disciplinae
1448 2996 1604 3029 praecepta
1624 2997 1768 3030 sequena,
