<?xml version="1.0" encoding="UTF-8"?>
<!DOCTYPE html PUBLIC "-//W3C//DTD XHTML 1.0 Transitional//EN"
    "http://www.w3.org/TR/xhtml1/DTD/xhtml1-transitional.dtd">
<html xmlns="http://www.w3.org/1999/xhtml" xml:lang="en" lang="en">
 <head>
  <title>
</title>
<meta http-equiv="Content-Type" content="text/html;charset=utf-8" />
  <meta name='ocr-system' content='tesseract 3.04.00' />
  <meta name='ocr-capabilities' content='ocr_page ocr_carea ocr_par ocr_line ocrx_word'/>
</head>
<body>
  <div class='ocr_page' id='page_1' title='image "./operaomniacumind00horauoft_0464.png"; bbox 0 0 1904 3250; ppageno 0'>
   <div class='ocr_carea' id='block_1_1' title="bbox 217 200 301 238">
    <p class='ocr_par' dir='ltr' id='par_1_1' title="bbox 217 200 301 238">
     <span class='ocr_line' id='line_1_1' title="bbox 217 200 301 238; baseline 0.012 -1"><span class='ocrx_word' id='word_1_1' title='bbox 217 200 301 238; x_wconf 75' lang='lat'><strong>424·</strong></span> 
     </span>
    </p>
   </div>
   <div class='ocr_carea' id='block_1_2' title="bbox 850 200 1155 244">
    <p class='ocr_par' dir='ltr' id='par_1_2' title="bbox 850 200 1155 244">
     <span class='ocr_line' id='line_1_2' title="bbox 850 200 1155 244; baseline 0.007 -2"><span class='ocrx_word' id='word_1_2' title='bbox 850 200 1155 244; x_wconf 91' lang='lat' dir='ltr'><strong>HORATII</strong></span> 
     </span>
    </p>
   </div>
   <div class='ocr_carea' id='block_1_3' title="bbox 1603 208 1784 257">
    <p class='ocr_par' dir='ltr' id='par_1_3' title="bbox 1603 208 1784 257">
     <span class='ocr_line' id='line_1_3' title="bbox 1603 208 1784 257; baseline 0 -11"><span class='ocrx_word' id='word_1_3' title='bbox 1603 208 1710 257; x_wconf 78' lang='lat' dir='ltr'>[Lm.</span> <span class='ocrx_word' id='word_1_4' title='bbox 1734 217 1784 247; x_wconf 80' lang='grc'><strong>11.</strong></span> 
     </span>
    </p>
   </div>
   <div class='ocr_carea' id='block_1_4' title="bbox 222 324 1473 813">
    <p class='ocr_par' dir='ltr' id='par_1_4' title="bbox 222 324 1473 813">
     <span class='ocr_line' id='line_1_4' title="bbox 336 324 1375 384; baseline 0.004 -18"><span class='ocrx_word' id='word_1_5' title='bbox 336 324 647 382; x_wconf 85' lang='lat' dir='ltr'><strong>Continuatque</strong></span> <span class='ocrx_word' id='word_1_6' title='bbox 669 325 812 381; x_wconf 90' lang='lat' dir='ltr'><strong>dapes,</strong></span> <span class='ocrx_word' id='word_1_7' title='bbox 835 340 914 367; x_wconf 87' lang='lat' dir='ltr'><strong>nec</strong></span> <span class='ocrx_word' id='word_1_8' title='bbox 933 340 1019 367; x_wconf 92' lang='lat' dir='ltr'><strong>non</strong></span> <span class='ocrx_word' id='word_1_9' title='bbox 1039 327 1254 370; x_wconf 84' lang='lat' dir='ltr'><strong>verniliter</strong></span> <span class='ocrx_word' id='word_1_10' title='bbox 1275 329 1375 384; x_wconf 89' lang='lat' dir='ltr'><strong>ipsis</strong></span> 
     </span>
     <span class='ocr_line' id='line_1_5' title="bbox 336 397 1473 457; baseline 0.005 -19"><span class='ocrx_word' id='word_1_11' title='bbox 336 397 544 455; x_wconf 85' lang='lat' dir='ltr'>Fungitur</span> <span class='ocrx_word' id='word_1_12' title='bbox 563 397 723 448; x_wconf 88' lang='lat' dir='ltr'><strong>officiis,</strong></span> <span class='ocrx_word' id='word_1_13' title='bbox 744 397 1026 454; x_wconf 89' lang='lat' dir='ltr'><strong>praelambens</strong></span> <span class='ocrx_word' id='word_1_14' title='bbox 1046 414 1183 451; x_wconf 87' lang='lat' dir='ltr'><strong>omne,</strong></span> <span class='ocrx_word' id='word_1_15' title='bbox 1206 401 1320 457; x_wconf 91' lang='lat' dir='ltr'><strong>quod</strong></span> <span class='ocrx_word' id='word_1_16' title='bbox 1340 401 1473 444; x_wconf 80' lang='lat' dir='ltr'><strong>affert.</strong></span> 
     </span>
     <span class='ocr_line' id='line_1_6' title="bbox 222 470 1321 531; baseline 0.005 -20"><span class='ocrx_word' id='word_1_17' title='bbox 222 473 301 511; x_wconf 89' lang='grc'><strong>110</strong></span> <span class='ocrx_word' id='word_1_18' title='bbox 333 471 411 512; x_wconf 90' lang='lat' dir='ltr'><strong>Ille</strong></span> <span class='ocrx_word' id='word_1_19' title='bbox 433 471 590 512; x_wconf 89' lang='lat' dir='ltr'><strong>cubans</strong></span> <span class='ocrx_word' id='word_1_20' title='bbox 610 470 768 528; x_wconf 86' lang='lat' dir='ltr'><strong>gaudet</strong></span> <span class='ocrx_word' id='word_1_21' title='bbox 787 480 948 514; x_wconf 88' lang='lat' dir='ltr'><strong>mutata</strong></span> <span class='ocrx_word' id='word_1_22' title='bbox 968 479 1093 524; x_wconf 84' lang='lat' dir='ltr'><strong>sorte,</strong></span> <span class='ocrx_word' id='word_1_23' title='bbox 1114 473 1321 531; x_wconf 87' lang='lat' dir='ltr'>bonisque</span> 
     </span>
     <span class='ocr_line' id='line_1_7' title="bbox 334 542 1473 605; baseline 0.006 -23"><span class='ocrx_word' id='word_1_24' title='bbox 334 543 478 583; x_wconf 89' lang='lat' dir='ltr'><strong>Rebus</strong></span> <span class='ocrx_word' id='word_1_25' title='bbox 501 543 588 600; x_wconf 86' lang='lat' dir='ltr'><strong>agit</strong></span> <span class='ocrx_word' id='word_1_26' title='bbox 607 542 753 585; x_wconf 85' lang='lat' dir='ltr'><strong>laetum</strong></span> <span class='ocrx_word' id='word_1_27' title='bbox 774 545 1017 586; x_wconf 87' lang='lat' dir='ltr'>convivam:</span> <span class='ocrx_word' id='word_1_28' title='bbox 1051 561 1147 587; x_wconf 89' lang='lat' dir='ltr'><strong>cum</strong></span> <span class='ocrx_word' id='word_1_29' title='bbox 1169 545 1306 588; x_wconf 86' lang='lat' dir='ltr'><strong>subito</strong></span> <span class='ocrx_word' id='word_1_30' title='bbox 1325 547 1473 605; x_wconf 88' lang='lat' dir='ltr'><strong>ingens</strong></span> 
     </span>
     <span class='ocr_line' id='line_1_8' title="bbox 332 613 1380 675; baseline 0.007 -22"><span class='ocrx_word' id='word_1_31' title='bbox 332 613 561 655; x_wconf 87' lang='lat' dir='ltr'><strong>Valvarum</strong></span> <span class='ocrx_word' id='word_1_32' title='bbox 582 616 780 672; x_wconf 90' lang='lat' dir='ltr'><strong>strepitus</strong></span> <span class='ocrx_word' id='word_1_33' title='bbox 800 615 919 658; x_wconf 88' lang='lat' dir='ltr'><strong>lectis</strong></span> <span class='ocrx_word' id='word_1_34' title='bbox 939 617 1123 659; x_wconf 84' lang='lat' dir='ltr'><strong>excussit</strong></span> <span class='ocrx_word' id='word_1_35' title='bbox 1141 625 1380 675; x_wconf 87' lang='lat' dir='ltr'><strong>utrumque.</strong></span> 
     </span>
     <span class='ocr_line' id='line_1_9' title="bbox 333 685 1406 748; baseline 0.007 -22"><span class='ocrx_word' id='word_1_36' title='bbox 333 685 516 728; x_wconf 88' lang='lat' dir='ltr'><strong>Currere</strong></span> <span class='ocrx_word' id='word_1_37' title='bbox 536 702 613 743; x_wconf 89' lang='lat' dir='ltr'><strong>per</strong></span> <span class='ocrx_word' id='word_1_38' title='bbox 634 696 770 730; x_wconf 90' lang='lat' dir='ltr'><strong>totum</strong></span> <span class='ocrx_word' id='word_1_39' title='bbox 790 689 934 746; x_wconf 85' lang='lat' dir='ltr'><strong>pavidi</strong></span> <span class='ocrx_word' id='word_1_40' title='bbox 955 690 1165 741; x_wconf 86' lang='lat' dir='ltr'><strong>conclave,</strong></span> <span class='ocrx_word' id='word_1_41' title='bbox 1188 691 1406 748; x_wconf 84' lang='lat' dir='ltr'><strong>magisque</strong></span> 
     </span>
     <span class='ocr_line' id='line_1_10' title="bbox 333 754 1457 813; baseline 0.006 -18"><span class='ocrx_word' id='word_1_42' title='bbox 333 754 560 798; x_wconf 87' lang='lat' dir='ltr'><strong>Exanimes</strong></span> <span class='ocrx_word' id='word_1_43' title='bbox 582 758 808 813; x_wconf 84' lang='lat' dir='ltr'><strong>trepidare,</strong></span> <span class='ocrx_word' id='word_1_44' title='bbox 831 759 955 801; x_wconf 89' lang='lat' dir='ltr'><strong>simul</strong></span> <span class='ocrx_word' id='word_1_45' title='bbox 976 759 1127 801; x_wconf 92' lang='lat' dir='ltr'><strong>domus</strong></span> <span class='ocrx_word' id='word_1_46' title='bbox 1148 760 1232 802; x_wconf 87' lang='lat' dir='ltr'><strong>alta</strong></span> <span class='ocrx_word' id='word_1_47' title='bbox 1254 760 1457 802; x_wconf 90' lang='lat' dir='ltr'><strong>Molossis</strong></span> 
     </span>
    </p>
   </div>
   <div class='ocr_carea' id='block_1_5' title="bbox 220 827 766 872">
    <p class='ocr_par' dir='ltr' id='par_1_5' title="bbox 220 827 766 872">
     <span class='ocr_line' id='line_1_11' title="bbox 220 827 766 872; baseline 0.011 -6"><span class='ocrx_word' id='word_1_48' title='bbox 220 829 298 867; x_wconf 88' lang='lat'><strong>115</strong></span> <span class='ocrx_word' id='word_1_49' title='bbox 334 827 559 870; x_wconf 87' lang='lat' dir='ltr'><strong>Personuit</strong></span> <span class='ocrx_word' id='word_1_50' title='bbox 580 828 766 872; x_wconf 85' lang='lat' dir='ltr'><strong>canibus.</strong></span> 
     </span>
    </p>
   </div>
   <div class='ocr_carea' id='block_1_6' title="bbox 331 831 1168 954">
    <p class='ocr_par' dir='ltr' id='par_1_6' title="bbox 331 831 1168 954">
     <span class='ocr_line' id='line_1_12' title="bbox 830 831 1168 874; baseline 0.003 -1"><span class='ocrx_word' id='word_1_51' title='bbox 830 831 943 873; x_wconf 88' lang='lat' dir='ltr'><strong>Tum</strong></span> <span class='ocrx_word' id='word_1_52' title='bbox 965 832 1168 874; x_wconf 86' lang='lat' dir='ltr'><strong>rusticus:</strong></span> 
     </span>
     <span class='ocr_line' id='line_1_13' title="bbox 331 896 995 954; baseline 0.008 -16"><span class='ocrx_word' id='word_1_53' title='bbox 331 896 409 938; x_wconf 85' lang='lat' dir='ltr'><strong>Est</strong></span> <span class='ocrx_word' id='word_1_54' title='bbox 430 913 537 954; x_wconf 91' lang='lat' dir='ltr'><strong>opus</strong></span> <span class='ocrx_word' id='word_1_55' title='bbox 558 898 651 951; x_wconf 87' lang='lat' dir='ltr'><strong>hac,</strong></span> <span class='ocrx_word' id='word_1_56' title='bbox 674 901 744 951; x_wconf 85' lang='lat' dir='ltr'><strong>ait,</strong></span> <span class='ocrx_word' id='word_1_57' title='bbox 768 908 810 942; x_wconf 89' lang='lat' dir='ltr'><strong>et</strong></span> <span class='ocrx_word' id='word_1_58' title='bbox 830 901 968 943; x_wconf 86' lang='lat' dir='ltr'><strong>valeas</strong></span> <span class='ocrx_word' id='word_1_59' title='bbox 985 917 995 943; x_wconf 90' lang='lat'>:</span> 
     </span>
    </p>
   </div>
   <div class='ocr_carea' id='block_1_7' title="bbox 1027 832 1562 959">
    <p class='ocr_par' dir='ltr' id='par_1_7' title="bbox 1027 832 1562 959">
     <span class='ocr_line' id='line_1_14' title="bbox 1204 832 1562 875; baseline 0.003 -1"><span class='ocrx_word' id='word_1_60' title='bbox 1204 832 1334 874; x_wconf 86' lang='lat' dir='ltr'><strong>Haud</strong></span> <span class='ocrx_word' id='word_1_61' title='bbox 1354 832 1458 874; x_wconf 91' lang='lat' dir='ltr'><strong>mihi</strong></span> <span class='ocrx_word' id='word_1_62' title='bbox 1479 832 1562 875; x_wconf 84' lang='lat' dir='ltr'><strong>vita</strong></span> 
     </span>
     <span class='ocr_line' id='line_1_15' title="bbox 1027 901 1448 959; baseline 0.005 -17"><span class='ocrx_word' id='word_1_63' title='bbox 1027 917 1094 943; x_wconf 91' lang='lat' dir='ltr'><strong>me</strong></span> <span class='ocrx_word' id='word_1_64' title='bbox 1117 901 1220 943; x_wconf 89' lang='lat' dir='ltr'><strong>silva</strong></span> <span class='ocrx_word' id='word_1_65' title='bbox 1240 914 1448 959; x_wconf 81' lang='lat' dir='ltr'><strong>cavusqne</strong></span> 
     </span>
    </p>
   </div>
   <div class='ocr_carea' id='block_1_8' title="bbox 333 969 1224 1016">
    <p class='ocr_par' dir='ltr' id='par_1_8' title="bbox 333 969 1224 1016">
     <span class='ocr_line' id='line_1_16' title="bbox 333 969 1224 1016; baseline 0.006 -5"><span class='ocrx_word' id='word_1_66' title='bbox 333 969 471 1012; x_wconf 90' lang='lat' dir='ltr'><strong>Tutus</strong></span> <span class='ocrx_word' id='word_1_67' title='bbox 493 972 547 1014; x_wconf 90' lang='lat' dir='ltr'><strong>ab</strong></span> <span class='ocrx_word' id='word_1_68' title='bbox 568 973 729 1014; x_wconf 89' lang='lat' dir='ltr'><strong>insidiis</strong></span> <span class='ocrx_word' id='word_1_69' title='bbox 749 975 866 1015; x_wconf 92' lang='lat' dir='ltr'><strong>tenui</strong></span> <span class='ocrx_word' id='word_1_70' title='bbox 888 974 1092 1016; x_wconf 85' lang='lat' dir='ltr'><strong>solabitur</strong></span> <span class='ocrx_word' id='word_1_71' title='bbox 1112 989 1224 1016; x_wconf 87' lang='lat' dir='ltr'><strong>ervo.</strong></span> 
     </span>
    </p>
   </div>
   <div class='ocr_carea' id='block_1_9' title="bbox 820 1193 1185 1236">
    <p class='ocr_par' dir='ltr' id='par_1_9' title="bbox 820 1193 1185 1236">
     <span class='ocr_line' id='line_1_17' title="bbox 820 1193 1185 1236; baseline 0.003 -1"><span class='ocrx_word' id='word_1_72' title='bbox 820 1193 1049 1236; x_wconf 89' lang='lat' dir='ltr'><strong>SATIRA</strong></span> <span class='ocrx_word' id='word_1_73' title='bbox 1082 1194 1185 1236; x_wconf 91' lang='lat' dir='ltr'>VII.</span> 
     </span>
    </p>
   </div>
   <div class='ocr_carea' id='block_1_10' title="bbox 331 1333 1507 1394">
    <p class='ocr_par' dir='ltr' id='par_1_10' title="bbox 331 1333 1507 1394">
     <span class='ocr_line' id='line_1_18' title="bbox 331 1333 1507 1394; baseline 0.003 -21"><span class='ocrx_word' id='word_1_74' title='bbox 331 1333 595 1374; x_wconf 77' lang='lat' dir='ltr'><strong>JAMDUDUM</strong></span> <span class='ocrx_word' id='word_1_75' title='bbox 618 1334 822 1385; x_wconf 87' lang='lat' dir='ltr'><strong>ausculto,</strong></span> <span class='ocrx_word' id='word_1_76' title='bbox 846 1343 888 1376; x_wconf 85' lang='lat' dir='ltr'><strong>et</strong></span> <span class='ocrx_word' id='word_1_77' title='bbox 909 1336 1081 1391; x_wconf 89' lang='lat' dir='ltr'><strong>cupiens</strong></span> <span class='ocrx_word' id='word_1_78' title='bbox 1103 1336 1179 1378; x_wconf 91' lang='lat' dir='ltr'><strong>tibi</strong></span> <span class='ocrx_word' id='word_1_79' title='bbox 1200 1335 1340 1377; x_wconf 89' lang='lat' dir='ltr'><strong>dicere</strong></span> <span class='ocrx_word' id='word_1_80' title='bbox 1362 1350 1507 1394; x_wconf 80' lang='lat' dir='ltr'><strong>servus</strong></span> 
     </span>
    </p>
   </div>
   <div class='ocr_carea' id='block_1_11' title="bbox 334 1404 753 1456">
    <p class='ocr_par' dir='ltr' id='par_1_11' title="bbox 334 1404 753 1456">
     <span class='ocr_line' id='line_1_19' title="bbox 334 1404 753 1456; baseline 0.007 -11"><span class='ocrx_word' id='word_1_81' title='bbox 334 1404 489 1456; x_wconf 88' lang='lat' dir='ltr'><strong>Pauca,</strong></span> <span class='ocrx_word' id='word_1_82' title='bbox 512 1404 753 1448; x_wconf 88' lang='lat' dir='ltr'><strong>reformido.</strong></span> 
     </span>
    </p>
   </div>
   <div class='ocr_carea' id='block_1_12' title="bbox 814 1406 1589 1459">
    <p class='ocr_par' dir='ltr' id='par_1_12' title="bbox 814 1406 1589 1459">
     <span class='ocr_line' id='line_1_20' title="bbox 814 1406 1589 1459; baseline 0.001 -11"><span class='ocrx_word' id='word_1_83' title='bbox 814 1406 1054 1449; x_wconf 81' lang='lat' dir='ltr'><strong>Davusne?</strong></span> <span class='ocrx_word' id='word_1_84' title='bbox 1085 1408 1162 1449; x_wconf 88' lang='lat' dir='ltr'><strong>Ita.</strong></span> <span class='ocrx_word' id='word_1_85' title='bbox 1225 1408 1386 1459; x_wconf 85' lang='lat' dir='ltr'><strong>Davus,</strong></span> <span class='ocrx_word' id='word_1_86' title='bbox 1409 1408 1589 1449; x_wconf 87' lang='lat' dir='ltr'><strong>amicum</strong></span> 
     </span>
    </p>
   </div>
   <div class='ocr_carea' id='block_1_13' title="bbox 331 1474 1579 1535">
    <p class='ocr_par' dir='ltr' id='par_1_13' title="bbox 331 1474 1579 1535">
     <span class='ocr_line' id='line_1_21' title="bbox 331 1474 1579 1535; baseline 0.002 -19"><span class='ocrx_word' id='word_1_87' title='bbox 331 1474 596 1532; x_wconf 89' lang='lat' dir='ltr'><strong>Mancipium</strong></span> <span class='ocrx_word' id='word_1_88' title='bbox 618 1476 803 1528; x_wconf 91' lang='lat' dir='ltr'><strong>domino,</strong></span> <span class='ocrx_word' id='word_1_89' title='bbox 826 1485 868 1518; x_wconf 88' lang='lat' dir='ltr'><strong>et</strong></span> <span class='ocrx_word' id='word_1_90' title='bbox 887 1476 1011 1535; x_wconf 84' lang='lat' dir='ltr'><strong>frugi,</strong></span> <span class='ocrx_word' id='word_1_91' title='bbox 1034 1477 1149 1534; x_wconf 94' lang='lat' dir='ltr'><strong>quod</strong></span> <span class='ocrx_word' id='word_1_92' title='bbox 1171 1478 1224 1518; x_wconf 89' lang='lat' dir='ltr'><strong>sit</strong></span> <span class='ocrx_word' id='word_1_93' title='bbox 1244 1478 1369 1527; x_wconf 87' lang='lat' dir='ltr'><strong>satis;</strong></span> <span class='ocrx_word' id='word_1_94' title='bbox 1400 1477 1482 1519; x_wconf 91' lang='lat' dir='ltr'><strong>hoc</strong></span> <span class='ocrx_word' id='word_1_95' title='bbox 1503 1485 1579 1528; x_wconf 82' lang='lat' dir='ltr'><strong>est,</strong></span> 
     </span>
    </p>
   </div>
   <div class='ocr_carea' id='block_1_14' title="bbox 209 1601 987 2991">
    <p class='ocr_par' dir='ltr' id='par_1_14' title="bbox 212 1601 985 1944">
     <span class='ocr_line' id='line_1_22' title="bbox 213 1601 982 1645; baseline 0.004 -13"><span class='ocrx_word' id='word_1_96' title='bbox 213 1603 269 1644; x_wconf 88' lang='lat' dir='ltr'><strong>gil.</strong></span> <span class='ocrx_word' id='word_1_97' title='bbox 290 1601 405 1644; x_wconf 88' lang='lat' dir='ltr'><strong>Eclog.</strong></span> <span class='ocrx_word' id='word_1_98' title='bbox 425 1603 488 1634; x_wconf 91' lang='lat' dir='ltr'><strong>VI.</strong></span> <span class='ocrx_word' id='word_1_99' title='bbox 511 1602 561 1634; x_wconf 89' lang='lat'><strong>16.</strong></span> <span class='ocrx_word' id='word_1_100' title='bbox 610 1607 697 1636; x_wconf 83' lang='lat' dir='ltr'><strong>Serta</strong></span> <span class='ocrx_word' id='word_1_101' title='bbox 718 1606 834 1645; x_wconf 80' lang='lat' dir='ltr'><strong>procul</strong></span> <span class='ocrx_word' id='word_1_102' title='bbox 854 1611 982 1636; x_wconf 74' lang='lat' dir='ltr'><strong>tantum</strong></span> 
     </span>
     <span class='ocr_line' id='line_1_23' title="bbox 214 1647 979 1688; baseline 0.001 -10"><span class='ocrx_word' id='word_1_103' title='bbox 214 1647 310 1687; x_wconf 84' lang='lat' dir='ltr'><strong>capiti</strong></span> <span class='ocrx_word' id='word_1_104' title='bbox 337 1648 459 1687; x_wconf 78' lang='lat' dir='ltr'><strong>delapsa</strong></span> <span class='ocrx_word' id='word_1_105' title='bbox 482 1647 644 1688; x_wconf 77' lang='lat' dir='ltr'><strong>jacebant.</strong></span> <span class='ocrx_word' id='word_1_106' title='bbox 714 1649 793 1679; x_wconf 85' lang='lat' dir='ltr'><strong>AEn.</strong></span> <span class='ocrx_word' id='word_1_107' title='bbox 826 1648 872 1679; x_wconf 83' lang='lat' dir='ltr'><strong>X.</strong></span> <span class='ocrx_word' id='word_1_108' title='bbox 904 1648 979 1679; x_wconf 88' lang='grc'><strong><em>835.</em></strong></span> 
     </span>
     <span class='ocr_line' id='line_1_24' title="bbox 213 1689 984 1732; baseline 0.003 -10"><span class='ocrx_word' id='word_1_109' title='bbox 213 1691 335 1722; x_wconf 80' lang='lat' dir='ltr'><strong>Procul</strong></span> <span class='ocrx_word' id='word_1_110' title='bbox 357 1689 470 1732; x_wconf 83' lang='lat' dir='ltr'><strong>(juxta,</strong></span> <span class='ocrx_word' id='word_1_111' title='bbox 493 1690 527 1721; x_wconf 90' lang='lat' dir='ltr'><strong>in</strong></span> <span class='ocrx_word' id='word_1_112' title='bbox 552 1691 746 1732; x_wconf 89' lang='lat' dir='ltr'><strong>propinquo)</strong></span> <span class='ocrx_word' id='word_1_113' title='bbox 777 1704 857 1724; x_wconf 82' lang='lat' dir='ltr'><strong>aerea</strong></span> <span class='ocrx_word' id='word_1_114' title='bbox 886 1695 984 1724; x_wconf 75' lang='lat' dir='ltr'><strong>ramis</strong></span> 
     </span>
     <span class='ocr_line' id='line_1_25' title="bbox 212 1735 982 1776; baseline 0 -10"><span class='ocrx_word' id='word_1_115' title='bbox 212 1735 378 1773; x_wconf 83' lang='lat' dir='ltr'><strong>Dependet</strong></span> <span class='ocrx_word' id='word_1_116' title='bbox 389 1736 491 1774; x_wconf 81' lang='lat' dir='ltr'><strong>galea.</strong></span> <span class='ocrx_word' id='word_1_117' title='bbox 581 1738 751 1773; x_wconf 66' lang='lat' dir='ltr'><strong>exstructis,</strong></span> <span class='ocrx_word' id='word_1_118' title='bbox 770 1737 812 1766; x_wconf 93' lang='lat' dir='ltr'><strong>ob</strong></span> <span class='ocrx_word' id='word_1_119' title='bbox 832 1745 982 1776; x_wconf 83' lang='lat' dir='ltr'><strong>magnam</strong></span> 
     </span>
     <span class='ocr_line' id='line_1_26' title="bbox 212 1777 982 1819; baseline 0.003 -12"><span class='ocrx_word' id='word_1_120' title='bbox 212 1777 406 1817; x_wconf 88' lang='lat' dir='ltr'><strong>reliquorum</strong></span> <span class='ocrx_word' id='word_1_121' title='bbox 431 1777 634 1814; x_wconf 80' lang='lat' dir='ltr'><strong>ferculorum,</strong></span> <span class='ocrx_word' id='word_1_122' title='bbox 664 1789 737 1819; x_wconf 79' lang='lat' dir='ltr'><strong>quae</strong></span> <span class='ocrx_word' id='word_1_123' title='bbox 757 1785 920 1809; x_wconf 81' lang='lat' dir='ltr'><strong>servantur</strong></span> <span class='ocrx_word' id='word_1_124' title='bbox 948 1779 982 1809; x_wconf 87' lang='lat' dir='ltr'><strong>in</strong></span> 
     </span>
     <span class='ocr_line' id='line_1_27' title="bbox 213 1819 982 1860; baseline 0.001 -8"><span class='ocrx_word' id='word_1_125' title='bbox 213 1819 365 1857; x_wconf 57' lang='lat' dir='ltr'><strong>menistris,</strong></span> <span class='ocrx_word' id='word_1_126' title='bbox 389 1821 522 1860; x_wconf 84' lang='lat' dir='ltr'><strong>copiam,</strong></span> <span class='ocrx_word' id='word_1_127' title='bbox 553 1827 590 1852; x_wconf 89' lang='lat' dir='ltr'><strong>ut</strong></span> <span class='ocrx_word' id='word_1_128' title='bbox 618 1833 726 1853; x_wconf 78' lang='lat' dir='ltr'><strong>mensa</strong></span> <span class='ocrx_word' id='word_1_129' title='bbox 755 1828 919 1859; x_wconf 75' lang='lat' dir='ltr'><strong>exstructa,</strong></span> <span class='ocrx_word' id='word_1_130' title='bbox 948 1822 982 1852; x_wconf 89' lang='lat' dir='ltr'><strong>in</strong></span> 
     </span>
     <span class='ocr_line' id='line_1_28' title="bbox 214 1863 985 1907; baseline 0.004 -14"><span class='ocrx_word' id='word_1_131' title='bbox 214 1875 278 1904; x_wconf 82' lang='lat' dir='ltr'><strong>qua</strong></span> <span class='ocrx_word' id='word_1_132' title='bbox 299 1863 463 1903; x_wconf 86' lang='lat' dir='ltr'><strong>splendide</strong></span> <span class='ocrx_word' id='word_1_133' title='bbox 490 1864 640 1905; x_wconf 81' lang='lat' dir='ltr'><strong>disposita</strong></span> <span class='ocrx_word' id='word_1_134' title='bbox 661 1871 709 1896; x_wconf 81' lang='lat' dir='ltr'><strong>est</strong></span> <span class='ocrx_word' id='word_1_135' title='bbox 738 1875 856 1907; x_wconf 80' lang='lat' dir='ltr'><strong>magna</strong></span> <span class='ocrx_word' id='word_1_136' title='bbox 877 1864 985 1905; x_wconf 84' lang='lat' dir='ltr'><strong>epula-</strong></span> 
     </span>
     <span class='ocr_line' id='line_1_29' title="bbox 214 1917 402 1944; baseline 0 -6"><span class='ocrx_word' id='word_1_137' title='bbox 214 1917 286 1938; x_wconf 91' lang='lat' dir='ltr'><strong>rum</strong></span> <span class='ocrx_word' id='word_1_138' title='bbox 302 1917 402 1944; x_wconf 79' lang='lat' dir='ltr'><strong>copia.</strong></span> 
     </span>
    </p>

    <p class='ocr_par' dir='ltr' id='par_1_15' title="bbox 209 1949 987 2243">
     <span class='ocr_line' id='line_1_30' title="bbox 258 1949 986 1992; baseline 0.003 -11"><span class='ocrx_word' id='word_1_139' title='bbox 258 1961 287 1981; x_wconf 77' lang='grc' dir='ltr'><strong>ν.</strong></span> <span class='ocrx_word' id='word_1_140' title='bbox 309 1949 381 1981; x_wconf 89' lang='grc'><strong>106.</strong></span> <span class='ocrx_word' id='word_1_141' title='bbox 406 1961 480 1982; x_wconf 85' lang='lat' dir='ltr'><strong>mus</strong></span> <span class='ocrx_word' id='word_1_142' title='bbox 494 1951 640 1989; x_wconf 83' lang='lat' dir='ltr'><strong>rusticus,</strong></span> <span class='ocrx_word' id='word_1_143' title='bbox 656 1950 711 1992; x_wconf 84' lang='lat' dir='ltr'><strong>qui</strong></span> <span class='ocrx_word' id='word_1_144' title='bbox 730 1959 804 1983; x_wconf 83' lang='lat' dir='ltr'><strong>ante</strong></span> <span class='ocrx_word' id='word_1_145' title='bbox 825 1958 986 1992; x_wconf 87' lang='lat' dir='ltr'><strong>porrectus</strong></span> 
     </span>
     <span class='ocr_line' id='line_1_31' title="bbox 209 1994 985 2036; baseline 0.004 -12"><span class='ocrx_word' id='word_1_146' title='bbox 209 1995 353 2036; x_wconf 85' lang='lat' dir='ltr'><strong>jacuerat</strong></span> <span class='ocrx_word' id='word_1_147' title='bbox 366 1994 400 2024; x_wconf 88' lang='lat' dir='ltr'><strong>in</strong></span> <span class='ocrx_word' id='word_1_148' title='bbox 415 1995 516 2026; x_wconf 91' lang='lat' dir='ltr'><strong>horna</strong></span> <span class='ocrx_word' id='word_1_149' title='bbox 530 1994 627 2034; x_wconf 81' lang='lat' dir='ltr'><strong>palea,</strong></span> <span class='ocrx_word' id='word_1_150' title='bbox 644 1997 739 2026; x_wconf 84' lang='lat' dir='ltr'><strong>cubat</strong></span> <span class='ocrx_word' id='word_1_151' title='bbox 752 2005 839 2026; x_wconf 89' lang='lat' dir='ltr'><strong>nunc</strong></span> <span class='ocrx_word' id='word_1_152' title='bbox 853 1996 886 2026; x_wconf 87' lang='lat' dir='ltr'><strong>in</strong></span> <span class='ocrx_word' id='word_1_153' title='bbox 899 2002 985 2027; x_wconf 82' lang='lat' dir='ltr'><strong>veste</strong></span> 
     </span>
     <span class='ocr_line' id='line_1_32' title="bbox 214 2038 986 2080; baseline 0.003 -12"><span class='ocrx_word' id='word_1_154' title='bbox 214 2048 384 2078; x_wconf 84' lang='lat' dir='ltr'><strong>purpurea.</strong></span> <span class='ocrx_word' id='word_1_155' title='bbox 434 2039 516 2069; x_wconf 86' lang='lat' dir='ltr'><strong>Sane</strong></span> <span class='ocrx_word' id='word_1_156' title='bbox 538 2038 573 2068; x_wconf 90' lang='lat' dir='ltr'><strong>in</strong></span> <span class='ocrx_word' id='word_1_157' title='bbox 597 2039 657 2070; x_wconf 83' lang='lat' dir='ltr'><strong>hac</strong></span> <span class='ocrx_word' id='word_1_158' title='bbox 678 2039 755 2070; x_wconf 78' lang='lat' dir='ltr'><strong>vitae</strong></span> <span class='ocrx_word' id='word_1_159' title='bbox 766 2040 905 2076; x_wconf 86' lang='lat' dir='ltr'><strong>urbanae,</strong></span> <span class='ocrx_word' id='word_1_160' title='bbox 923 2050 986 2080; x_wconf 80' lang='lat' dir='ltr'><strong>qua</strong></span> 
     </span>
     <span class='ocr_line' id='line_1_33' title="bbox 216 2081 987 2122; baseline 0.003 -10"><span class='ocrx_word' id='word_1_161' title='bbox 216 2092 304 2112; x_wconf 87' lang='lat' dir='ltr'><strong>nnnc</strong></span> <span class='ocrx_word' id='word_1_162' title='bbox 326 2081 485 2122; x_wconf 83' lang='lat' dir='ltr'><strong>gaudebat</strong></span> <span class='ocrx_word' id='word_1_163' title='bbox 513 2093 587 2113; x_wconf 85' lang='lat' dir='ltr'><strong>mus</strong></span> <span class='ocrx_word' id='word_1_164' title='bbox 607 2082 754 2119; x_wconf 79' lang='lat' dir='ltr'><strong>rusticus,</strong></span> <span class='ocrx_word' id='word_1_165' title='bbox 778 2082 987 2122; x_wconf 79' lang='lat' dir='ltr'><strong>descriptione</strong></span> 
     </span>
     <span class='ocr_line' id='line_1_34' title="bbox 215 2125 984 2168; baseline 0.001 -12"><span class='ocrx_word' id='word_1_166' title='bbox 215 2135 282 2156; x_wconf 88' lang='lat' dir='ltr'><strong>non</strong></span> <span class='ocrx_word' id='word_1_167' title='bbox 296 2125 365 2155; x_wconf 87' lang='lat' dir='ltr'><strong>sine</strong></span> <span class='ocrx_word' id='word_1_168' title='bbox 379 2125 477 2155; x_wconf 88' lang='lat' dir='ltr'><strong>animi</strong></span> <span class='ocrx_word' id='word_1_169' title='bbox 492 2126 653 2166; x_wconf 83' lang='lat' dir='ltr'><strong>voluptate</strong></span> <span class='ocrx_word' id='word_1_170' title='bbox 673 2126 845 2157; x_wconf 78' lang='lat' dir='ltr'><strong>contendes</strong></span> <span class='ocrx_word' id='word_1_171' title='bbox 858 2126 984 2168; x_wconf 79' lang='lat' dir='ltr'><strong>singula</strong></span> 
     </span>
     <span class='ocr_line' id='line_1_35' title="bbox 217 2168 984 2212; baseline 0.004 -14"><span class='ocrx_word' id='word_1_172' title='bbox 217 2179 293 2199; x_wconf 87' lang='lat' dir='ltr'><strong>cum</strong></span> <span class='ocrx_word' id='word_1_173' title='bbox 313 2168 459 2209; x_wconf 83' lang='lat' dir='ltr'><strong>singulis,</strong></span> <span class='ocrx_word' id='word_1_174' title='bbox 475 2169 589 2210; x_wconf 87' lang='lat' dir='ltr'><strong>quibus</strong></span> <span class='ocrx_word' id='word_1_175' title='bbox 603 2175 695 2201; x_wconf 84' lang='lat' dir='ltr'><strong>antea</strong></span> <span class='ocrx_word' id='word_1_176' title='bbox 709 2170 772 2201; x_wconf 83' lang='lat' dir='ltr'><strong>vita</strong></span> <span class='ocrx_word' id='word_1_177' title='bbox 785 2170 854 2212; x_wconf 87' lang='lat' dir='ltr'><strong>ejus</strong></span> <span class='ocrx_word' id='word_1_178' title='bbox 868 2170 984 2201; x_wconf 82' lang='lat' dir='ltr'><strong>rustica</strong></span> 
     </span>
     <span class='ocr_line' id='line_1_36' title="bbox 215 2212 472 2243; baseline -0.004 0"><span class='ocrx_word' id='word_1_179' title='bbox 215 2212 403 2243; x_wconf 80' lang='lat' dir='ltr'><strong>adumbrata</strong></span> <span class='ocrx_word' id='word_1_180' title='bbox 417 2217 472 2242; x_wconf 84' lang='lat' dir='ltr'><strong>est.</strong></span> 
     </span>
    </p>

    <p class='ocr_par' dir='ltr' id='par_1_16' title="bbox 217 2254 986 2678">
     <span class='ocr_line' id='line_1_37' title="bbox 260 2254 984 2298; baseline 0.003 -13"><span class='ocrx_word' id='word_1_181' title='bbox 260 2254 757 2298; x_wconf 82' lang='lat' dir='ltr'><strong>v.108,109.C0ntinuatque</strong></span> <span class='ocrx_word' id='word_1_182' title='bbox 777 2259 879 2298; x_wconf 80' lang='lat' dir='ltr'><strong>dapes,</strong></span> <span class='ocrx_word' id='word_1_183' title='bbox 908 2267 984 2288; x_wconf 91' lang='lat' dir='ltr'><strong>con—</strong></span> 
     </span>
     <span class='ocr_line' id='line_1_38' title="bbox 217 2299 985 2340; baseline 0.001 -10"><span class='ocrx_word' id='word_1_184' title='bbox 217 2299 364 2334; x_wconf 84' lang='lat' dir='ltr'><strong>tinenter,</strong></span> <span class='ocrx_word' id='word_1_185' title='bbox 387 2309 454 2330; x_wconf 90' lang='lat' dir='ltr'><strong>uno</strong></span> <span class='ocrx_word' id='word_1_186' title='bbox 475 2307 582 2330; x_wconf 81' lang='lat' dir='ltr'><strong>tenore</strong></span> <span class='ocrx_word' id='word_1_187' title='bbox 601 2300 678 2331; x_wconf 87' lang='lat' dir='ltr'><strong>alias</strong></span> <span class='ocrx_word' id='word_1_188' title='bbox 691 2308 785 2340; x_wconf 82' lang='lat' dir='ltr'><strong>atque</strong></span> <span class='ocrx_word' id='word_1_189' title='bbox 798 2301 875 2332; x_wconf 84' lang='lat' dir='ltr'><strong>alias</strong></span> <span class='ocrx_word' id='word_1_190' title='bbox 889 2300 985 2340; x_wconf 88' lang='lat' dir='ltr'><strong>dapes</strong></span> 
     </span>
     <span class='ocr_line' id='line_1_39' title="bbox 217 2345 984 2387; baseline 0.001 -13"><span class='ocrx_word' id='word_1_191' title='bbox 217 2349 371 2383; x_wconf 80' lang='lat' dir='ltr'><strong>apportat.</strong></span> <span class='ocrx_word' id='word_1_192' title='bbox 461 2345 616 2374; x_wconf 68' lang='lat' dir='ltr'><strong>verniliter</strong></span> <span class='ocrx_word' id='word_1_193' title='bbox 632 2346 688 2384; x_wconf 83' lang='lat' dir='ltr'><strong>ips</strong></span> <span class='ocrx_word' id='word_1_194' title='bbox 707 2346 815 2385; x_wconf 78' lang='lat' dir='ltr'><strong>Fung.</strong></span> <span class='ocrx_word' id='word_1_195' title='bbox 830 2346 921 2387; x_wconf 63' lang='lat' dir='ltr'><strong>ffic„</strong></span> <span class='ocrx_word' id='word_1_196' title='bbox 937 2346 984 2385; x_wconf 81' lang='lat' dir='ltr'><strong>ip-</strong></span> 
     </span>
     <span class='ocr_line' id='line_1_40' title="bbox 217 2385 983 2448; baseline -0.001 -30"><span class='ocrx_word' id='word_1_197' title='bbox 217 2389 269 2423; x_wconf 79' lang='lat' dir='ltr'><strong>sis,</strong></span> <span class='ocrx_word' id='word_1_198' title='bbox 292 2386 377 2426; x_wconf 74' lang='lat' dir='ltr'><strong>ipsis,</strong></span> <span class='ocrx_word' id='word_1_199' title='bbox 401 2385 515 2448; x_wconf 67' lang='lat' dir='ltr'><strong>quibus</strong></span> <span class='ocrx_word' id='word_1_200' title='bbox 528 2397 630 2417; x_wconf 84' lang='lat' dir='ltr'><strong>vernae</strong></span> <span class='ocrx_word' id='word_1_201' title='bbox 644 2387 736 2429; x_wconf 87' lang='lat' dir='ltr'><strong>fungi</strong></span> <span class='ocrx_word' id='word_1_202' title='bbox 750 2388 861 2425; x_wconf 88' lang='lat' dir='ltr'><strong>solent,</strong></span> <span class='ocrx_word' id='word_1_203' title='bbox 876 2387 983 2428; x_wconf 81' lang='lat' dir='ltr'><strong>fungi-</strong></span> 
     </span>
     <span class='ocr_line' id='line_1_41' title="bbox 218 2429 986 2470; baseline 0 -10"><span class='ocrx_word' id='word_1_204' title='bbox 218 2437 273 2461; x_wconf 90' lang='lat' dir='ltr'><strong>tur</strong></span> <span class='ocrx_word' id='word_1_205' title='bbox 286 2429 422 2468; x_wconf 86' lang='lat' dir='ltr'><strong>officiis;</strong></span> <span class='ocrx_word' id='word_1_206' title='bbox 479 2433 715 2470; x_wconf 15' lang='lat' dir='ltr'><strong>Uproelambens</strong></span> <span class='ocrx_word' id='word_1_207' title='bbox 731 2441 796 2461; x_wconf 90' lang='lat' dir='ltr'><strong>non</strong></span> <span class='ocrx_word' id='word_1_208' title='bbox 818 2442 887 2462; x_wconf 84' lang='lat' dir='ltr'><strong>raro</strong></span> <span class='ocrx_word' id='word_1_209' title='bbox 901 2431 986 2462; x_wconf 87' lang='lat' dir='ltr'><strong>enim</strong></span> 
     </span>
     <span class='ocr_line' id='line_1_42' title="bbox 218 2454 985 2514; baseline 0 -10"><span class='ocrx_word' id='word_1_210' title='bbox 218 2484 325 2504; x_wconf 82' lang='lat' dir='ltr'><strong>vernae</strong></span> <span class='ocrx_word' id='word_1_211' title='bbox 346 2454 440 2509; x_wconf 47' lang='lat' dir='ltr'><strong>cibos,</strong></span> <span class='ocrx_word' id='word_1_212' title='bbox 471 2483 551 2514; x_wconf 91' lang='lat' dir='ltr'><strong>quos</strong></span> <span class='ocrx_word' id='word_1_213' title='bbox 579 2480 752 2513; x_wconf 81' lang='lat' dir='ltr'><strong>apponunt,</strong></span> <span class='ocrx_word' id='word_1_214' title='bbox 782 2475 985 2514; x_wconf 82' lang='lat' dir='ltr'><strong>praelambere</strong></span> 
     </span>
     <span class='ocr_line' id='line_1_43' title="bbox 219 2516 982 2558; baseline 0.001 -11"><span class='ocrx_word' id='word_1_215' title='bbox 219 2517 330 2548; x_wconf 85' lang='lat' dir='ltr'><strong>solent.</strong></span> <span class='ocrx_word' id='word_1_216' title='bbox 389 2516 454 2548; x_wconf 93' lang='lat' dir='ltr'><strong>Pro</strong></span> <span class='ocrx_word' id='word_1_217' title='bbox 477 2519 683 2558; x_wconf 65' lang='lat' dir='ltr'><strong>praelambens</strong></span> <span class='ocrx_word' id='word_1_218' title='bbox 711 2517 848 2548; x_wconf 87' lang='lat' dir='ltr'><strong>duorum</strong></span> <span class='ocrx_word' id='word_1_219' title='bbox 880 2517 982 2549; x_wconf 90' lang='lat' dir='ltr'><strong>Codd.</strong></span> 
     </span>
     <span class='ocr_line' id='line_1_44' title="bbox 218 2559 985 2601; baseline 0 -10"><span class='ocrx_word' id='word_1_220' title='bbox 218 2559 405 2592; x_wconf 67' lang='lat' dir='ltr'><strong>auctoritate</strong></span> <span class='ocrx_word' id='word_1_221' title='bbox 418 2561 578 2593; x_wconf 79' lang='lat' dir='ltr'><strong>Bentleius</strong></span> <span class='ocrx_word' id='word_1_222' title='bbox 592 2560 695 2591; x_wconf 87' lang='lat' dir='ltr'><strong>dedit:</strong></span> <span class='ocrx_word' id='word_1_223' title='bbox 718 2563 885 2601; x_wconf 76' lang='lat' dir='ltr'><strong>praelibans</strong></span> <span class='ocrx_word' id='word_1_224' title='bbox 894 2577 907 2598; x_wconf 90' lang='lat'><strong>,·</strong></span> <span class='ocrx_word' id='word_1_225' title='bbox 924 2561 985 2592; x_wconf 91' lang='lat' dir='ltr'><strong>cibi</strong></span> 
     </span>
     <span class='ocr_line' id='line_1_45' title="bbox 219 2602 983 2644; baseline 0 -10"><span class='ocrx_word' id='word_1_226' title='bbox 219 2611 302 2635; x_wconf 82' lang='lat' dir='ltr'><strong>certe</strong></span> <span class='ocrx_word' id='word_1_227' title='bbox 330 2614 351 2635; x_wconf 77' lang='lat' dir='ltr'><strong>a</strong></span> <span class='ocrx_word' id='word_1_228' title='bbox 378 2602 575 2636; x_wconf 83' lang='lat' dir='ltr'><strong>convivatore</strong></span> <span class='ocrx_word' id='word_1_229' title='bbox 598 2606 757 2644; x_wconf 79' lang='lat' dir='ltr'><strong>praelibari</strong></span> <span class='ocrx_word' id='word_1_230' title='bbox 781 2604 922 2636; x_wconf 84' lang='lat' dir='ltr'><strong>solebant</strong></span> <span class='ocrx_word' id='word_1_231' title='bbox 949 2605 983 2634; x_wconf 88' lang='lat' dir='ltr'><strong>in</strong></span> 
     </span>
     <span class='ocr_line' id='line_1_46' title="bbox 218 2646 519 2678; baseline 0 0"><span class='ocrx_word' id='word_1_232' title='bbox 218 2647 348 2678; x_wconf 80' lang='lat' dir='ltr'><strong>urbanis</strong></span> <span class='ocrx_word' id='word_1_233' title='bbox 361 2646 519 2678; x_wconf 80' lang='lat' dir='ltr'><strong>conviviis.</strong></span> 
     </span>
    </p>

    <p class='ocr_par' dir='ltr' id='par_1_17' title="bbox 219 2688 985 2907">
     <span class='ocr_line' id='line_1_47' title="bbox 263 2688 984 2730; baseline 0 -10"><span class='ocrx_word' id='word_1_234' title='bbox 263 2702 292 2721; x_wconf 87' lang='lat' dir='ltr'><strong>v.</strong></span> <span class='ocrx_word' id='word_1_235' title='bbox 325 2690 394 2727; x_wconf 76' lang='grc'><strong>110,</strong></span> <span class='ocrx_word' id='word_1_236' title='bbox 423 2688 495 2722; x_wconf 80' lang='grc'><strong>111.</strong></span> <span class='ocrx_word' id='word_1_237' title='bbox 530 2691 655 2726; x_wconf 80' lang='lat' dir='ltr'><strong>cubans,</strong></span> <span class='ocrx_word' id='word_1_238' title='bbox 686 2690 830 2721; x_wconf 86' lang='lat' dir='ltr'><strong>cubando</strong></span> <span class='ocrx_word' id='word_1_239' title='bbox 854 2690 984 2730; x_wconf 85' lang='lat' dir='ltr'><strong>pellicu-</strong></span> 
     </span>
     <span class='ocr_line' id='line_1_48' title="bbox 220 2731 981 2775; baseline 0 -11"><span class='ocrx_word' id='word_1_240' title='bbox 220 2734 284 2764; x_wconf 89' lang='lat' dir='ltr'><strong>lam</strong></span> <span class='ocrx_word' id='word_1_241' title='bbox 311 2731 435 2766; x_wconf 65' lang='lat' dir='ltr'><strong>curans.</strong></span> <span class='ocrx_word' id='word_1_242' title='bbox 523 2735 668 2775; x_wconf 78' lang='lat' dir='ltr'><strong>bonisque</strong></span> <span class='ocrx_word' id='word_1_243' title='bbox 690 2735 791 2769; x_wconf 80' lang='lat' dir='ltr'><strong>rebus,</strong></span> <span class='ocrx_word' id='word_1_244' title='bbox 820 2740 852 2765; x_wconf 87' lang='lat' dir='ltr'><strong>et</strong></span> <span class='ocrx_word' id='word_1_245' title='bbox 876 2744 981 2764; x_wconf 83' lang='lat' dir='ltr'><strong>rerum</strong></span> 
     </span>
     <span class='ocr_line' id='line_1_49' title="bbox 219 2777 982 2818; baseline 0 -10"><span class='ocrx_word' id='word_1_246' title='bbox 219 2779 373 2808; x_wconf 80' lang='lat' dir='ltr'><strong>bonarum</strong></span> <span class='ocrx_word' id='word_1_247' title='bbox 395 2778 515 2817; x_wconf 82' lang='lat' dir='ltr'><strong>fructu,</strong></span> <span class='ocrx_word' id='word_1_248' title='bbox 537 2777 723 2809; x_wconf 77' lang='lat' dir='ltr'><strong>constitutus</strong></span> <span class='ocrx_word' id='word_1_249' title='bbox 741 2777 857 2818; x_wconf 86' lang='lat' dir='ltr'><strong>quippe</strong></span> <span class='ocrx_word' id='word_1_250' title='bbox 878 2777 911 2807; x_wconf 89' lang='lat' dir='ltr'><strong>in</strong></span> <span class='ocrx_word' id='word_1_251' title='bbox 933 2788 982 2808; x_wconf 85' lang='lat' dir='ltr'><strong>re-</strong></span> 
     </span>
     <span class='ocr_line' id='line_1_50' title="bbox 220 2822 985 2863; baseline -0.001 -11"><span class='ocrx_word' id='word_1_252' title='bbox 220 2823 280 2852; x_wconf 89' lang='lat' dir='ltr'><strong>bus</strong></span> <span class='ocrx_word' id='word_1_253' title='bbox 294 2822 458 2862; x_wconf 78' lang='lat' dir='ltr'><strong>prosperis.</strong></span> <span class='ocrx_word' id='word_1_254' title='bbox 503 2824 566 2863; x_wconf 64' lang='lat' dir='ltr'><strong>agit</strong></span> <span class='ocrx_word' id='word_1_255' title='bbox 580 2823 687 2853; x_wconf 80' lang='lat' dir='ltr'><strong>loetum</strong></span> <span class='ocrx_word' id='word_1_256' title='bbox 702 2822 867 2857; x_wconf 82' lang='lat' dir='ltr'><strong>convivam,</strong></span> <span class='ocrx_word' id='word_1_257' title='bbox 884 2827 985 2860; x_wconf 87' lang='lat' dir='ltr'><strong>partes</strong></span> 
     </span>
     <span class='ocr_line' id='line_1_51' title="bbox 220 2865 985 2907; baseline -0.001 -12"><span class='ocrx_word' id='word_1_258' title='bbox 220 2865 284 2895; x_wconf 85' lang='lat' dir='ltr'><strong>laeti</strong></span> <span class='ocrx_word' id='word_1_259' title='bbox 295 2866 434 2896; x_wconf 87' lang='lat' dir='ltr'><strong>convivae</strong></span> <span class='ocrx_word' id='word_1_260' title='bbox 442 2865 519 2907; x_wconf 76' lang='lat' dir='ltr'><strong>agit,</strong></span> <span class='ocrx_word' id='word_1_261' title='bbox 526 2865 637 2903; x_wconf 63' lang='lat' dir='ltr'><strong>latum</strong></span> <span class='ocrx_word' id='word_1_262' title='bbox 645 2865 807 2895; x_wconf 83' lang='lat' dir='ltr'><strong>convivam</strong></span> <span class='ocrx_word' id='word_1_263' title='bbox 817 2874 849 2894; x_wconf 83' lang='lat' dir='ltr'><strong>se</strong></span> <span class='ocrx_word' id='word_1_264' title='bbox 859 2865 985 2903; x_wconf 84' lang='lat' dir='ltr'><strong>praebet.</strong></span> 
     </span>
    </p>

    <p class='ocr_par' dir='ltr' id='par_1_18' title="bbox 222 2907 981 2991">
     <span class='ocr_line' id='line_1_52' title="bbox 263 2907 981 2948; baseline 0 -10"><span class='ocrx_word' id='word_1_265' title='bbox 263 2919 292 2939; x_wconf 90' lang='lat' dir='ltr'><strong>v.</strong></span> <span class='ocrx_word' id='word_1_266' title='bbox 315 2907 386 2939; x_wconf 71' lang='lat'><strong>114.</strong></span> <span class='ocrx_word' id='word_1_267' title='bbox 418 2908 557 2942; x_wconf 58' lang='lat' dir='ltr'><strong>Molossis</strong></span> <span class='ocrx_word' id='word_1_268' title='bbox 579 2909 717 2945; x_wconf 76' lang='lat' dir='ltr'><strong>canibus,</strong></span> <span class='ocrx_word' id='word_1_269' title='bbox 747 2907 788 2939; x_wconf 83' lang='lat' dir='ltr'><strong>cf.</strong></span> <span class='ocrx_word' id='word_1_270' title='bbox 821 2917 914 2948; x_wconf 87' lang='lat' dir='ltr'><strong>supra</strong></span> <span class='ocrx_word' id='word_1_271' title='bbox 942 2907 981 2939; x_wconf 83' lang='lat' dir='ltr'><strong>ad</strong></span> 
     </span>
     <span class='ocr_line' id='line_1_53' title="bbox 222 2951 427 2991; baseline 0.01 -9"><span class='ocrx_word' id='word_1_272' title='bbox 222 2951 327 2991; x_wconf 89' lang='lat' dir='ltr'><strong>Epod.</strong></span> <span class='ocrx_word' id='word_1_273' title='bbox 347 2952 378 2983; x_wconf 86' lang='lat'><strong>6.</strong></span> <span class='ocrx_word' id='word_1_274' title='bbox 397 2952 427 2984; x_wconf 85' lang='lat'><strong>5.</strong></span> 
     </span>
    </p>
   </div>
   <div class='ocr_carea' id='block_1_15' title="bbox 1026 1603 1786 1686">
    <p class='ocr_par' dir='ltr' id='par_1_19' title="bbox 1026 1603 1786 1686">
     <span class='ocr_line' id='line_1_54' title="bbox 1068 1603 1786 1646; baseline 0.001 -11"><span class='ocrx_word' id='word_1_275' title='bbox 1068 1614 1096 1636; x_wconf 82' lang='lat' dir='ltr'><strong>v.</strong></span> <span class='ocrx_word' id='word_1_276' title='bbox 1115 1603 1187 1636; x_wconf 86' lang='lat'>117.</span> <span class='ocrx_word' id='word_1_277' title='bbox 1212 1615 1293 1642; x_wconf 78' lang='lat' dir='ltr'><strong>ervo,</strong></span> <span class='ocrx_word' id='word_1_278' title='bbox 1307 1604 1478 1646; x_wconf 80' lang='lat' dir='ltr'><strong>leguminis</strong></span> <span class='ocrx_word' id='word_1_279' title='bbox 1495 1604 1633 1645; x_wconf 79' lang='lat' dir='ltr'><strong>quodam</strong></span> <span class='ocrx_word' id='word_1_280' title='bbox 1650 1614 1786 1646; x_wconf 82' lang='lat' dir='ltr'><strong>genere:</strong></span> 
     </span>
     <span class='ocr_line' id='line_1_55' title="bbox 1026 1647 1629 1686; baseline -0.003 -6"><span class='ocrx_word' id='word_1_281' title='bbox 1026 1650 1116 1680; x_wconf 79' lang='lat' dir='ltr'><strong>tenui</strong></span> <span class='ocrx_word' id='word_1_282' title='bbox 1129 1661 1207 1686; x_wconf 86' lang='lat' dir='ltr'><strong>ervo,</strong></span> <span class='ocrx_word' id='word_1_283' title='bbox 1223 1648 1263 1679; x_wconf 91' lang='lat' dir='ltr'><strong>ad</strong></span> <span class='ocrx_word' id='word_1_284' title='bbox 1277 1655 1407 1679; x_wconf 81' lang='lat' dir='ltr'><strong>tenuem</strong></span> <span class='ocrx_word' id='word_1_285' title='bbox 1419 1647 1540 1679; x_wconf 82' lang='lat' dir='ltr'><strong>victum</strong></span> <span class='ocrx_word' id='word_1_286' title='bbox 1554 1647 1629 1678; x_wconf 84' lang='lat' dir='ltr'><strong>ervi.</strong></span> 
     </span>
    </p>
   </div>
   <div class='ocr_carea' id='block_1_16' title="bbox 1262 1734 1555 1766">
    <p class='ocr_par' dir='ltr' id='par_1_20' title="bbox 1262 1734 1555 1766">
     <span class='ocr_line' id='line_1_56' title="bbox 1262 1734 1555 1766; baseline 0.003 -1"><span class='ocrx_word' id='word_1_287' title='bbox 1262 1734 1445 1766; x_wconf 84' lang='lat' dir='ltr'><strong>SATIRA</strong></span> <span class='ocrx_word' id='word_1_288' title='bbox 1469 1734 1555 1766; x_wconf 84' lang='lat' dir='ltr'><strong>vu.</strong></span> 
     </span>
    </p>
   </div>
   <div class='ocr_carea' id='block_1_17' title="bbox 1023 1820 1792 2948">
    <p class='ocr_par' dir='ltr' id='par_1_21' title="bbox 1025 1820 1792 2167">
     <span class='ocr_line' id='line_1_57' title="bbox 1072 1820 1790 1863; baseline 0 -11"><span class='ocrx_word' id='word_1_289' title='bbox 1072 1821 1195 1858; x_wconf 84' lang='lat' dir='ltr'><strong>Davus,</strong></span> <span class='ocrx_word' id='word_1_290' title='bbox 1221 1830 1337 1856; x_wconf 81' lang='lat' dir='ltr'><strong>servus,</strong></span> <span class='ocrx_word' id='word_1_291' title='bbox 1363 1829 1460 1863; x_wconf 81' lang='lat' dir='ltr'><strong>quem</strong></span> <span class='ocrx_word' id='word_1_292' title='bbox 1487 1820 1644 1852; x_wconf 73' lang='lat' dir='ltr'><strong>Horatius</strong></span> <span class='ocrx_word' id='word_1_293' title='bbox 1671 1829 1729 1860; x_wconf 79' lang='lat' dir='ltr'><strong>pm</strong></span> <span class='ocrx_word' id='word_1_294' title='bbox 1751 1820 1790 1851; x_wconf 87' lang='lat' dir='ltr'><strong>li-</strong></span> 
     </span>
     <span class='ocr_line' id='line_1_58' title="bbox 1028 1864 1791 1902; baseline 0 -7"><span class='ocrx_word' id='word_1_295' title='bbox 1028 1866 1156 1902; x_wconf 78' lang='lat' dir='ltr'><strong>bertate,</strong></span> <span class='ocrx_word' id='word_1_296' title='bbox 1186 1864 1238 1895; x_wconf 84' lang='lat' dir='ltr'><strong>die</strong></span> <span class='ocrx_word' id='word_1_297' title='bbox 1269 1865 1485 1896; x_wconf 73' lang='lat' dir='ltr'><strong>Saturnalium</strong></span> <span class='ocrx_word' id='word_1_298' title='bbox 1512 1864 1608 1896; x_wconf 69' lang='lat' dir='ltr'><strong>nervis</strong></span> <span class='ocrx_word' id='word_1_299' title='bbox 1636 1869 1791 1902; x_wconf 64' lang='lat' dir='ltr'><strong>concensu,</strong></span> 
     </span>
     <span class='ocr_line' id='line_1_59' title="bbox 1027 1907 1790 1949; baseline -0.001 -10"><span class='ocrx_word' id='word_1_300' title='bbox 1027 1908 1124 1948; x_wconf 87' lang='lat' dir='ltr'><strong>paulo</strong></span> <span class='ocrx_word' id='word_1_301' title='bbox 1145 1907 1297 1939; x_wconf 78' lang='lat' dir='ltr'><strong>audacius</strong></span> <span class='ocrx_word' id='word_1_302' title='bbox 1320 1918 1428 1940; x_wconf 79' lang='lat' dir='ltr'><strong>secum</strong></span> <span class='ocrx_word' id='word_1_303' title='bbox 1449 1908 1630 1949; x_wconf 86' lang='lat' dir='ltr'><strong>loquentem</strong></span> <span class='ocrx_word' id='word_1_304' title='bbox 1657 1907 1790 1946; x_wconf 83' lang='lat' dir='ltr'><strong>inducit,</strong></span> 
     </span>
     <span class='ocr_line' id='line_1_60' title="bbox 1027 1951 1790 1992; baseline 0 -10"><span class='ocrx_word' id='word_1_305' title='bbox 1027 1951 1189 1992; x_wconf 68' lang='lat' dir='ltr'><strong>sapientia</strong></span> <span class='ocrx_word' id='word_1_306' title='bbox 1210 1958 1364 1992; x_wconf 79' lang='lat' dir='ltr'><strong>praecepta</strong></span> <span class='ocrx_word' id='word_1_307' title='bbox 1385 1951 1426 1982; x_wconf 76' lang='lat' dir='ltr'><strong>ad</strong></span> <span class='ocrx_word' id='word_1_308' title='bbox 1446 1951 1548 1982; x_wconf 80' lang='lat' dir='ltr'><strong>levem</strong></span> <span class='ocrx_word' id='word_1_309' title='bbox 1568 1951 1790 1983; x_wconf 68' lang='lat' dir='ltr'><strong>etinstabilem</strong></span> 
     </span>
     <span class='ocr_line' id='line_1_61' title="bbox 1027 1994 1792 2037; baseline -0.001 -12"><span class='ocrx_word' id='word_1_310' title='bbox 1027 1995 1193 2026; x_wconf 87' lang='lat' dir='ltr'><strong>hominum</strong></span> <span class='ocrx_word' id='word_1_311' title='bbox 1209 1995 1352 2026; x_wconf 84' lang='lat' dir='ltr'><strong>animum</strong></span> <span class='ocrx_word' id='word_1_312' title='bbox 1366 1996 1546 2035; x_wconf 71' lang='lat' dir='ltr'><strong>spectantia,</strong></span> <span class='ocrx_word' id='word_1_313' title='bbox 1559 2006 1634 2037; x_wconf 77' lang='lat' dir='ltr'><strong>quae</strong></span> <span class='ocrx_word' id='word_1_314' title='bbox 1656 1994 1792 2034; x_wconf 58' lang='lat' dir='ltr'><strong>(hispini</strong></span> 
     </span>
     <span class='ocr_line' id='line_1_62' title="bbox 1028 2038 1791 2080; baseline -0.001 -11"><span class='ocrx_word' id='word_1_315' title='bbox 1028 2038 1205 2078; x_wconf 86' lang='lat' dir='ltr'><strong>philosophi</strong></span> <span class='ocrx_word' id='word_1_316' title='bbox 1223 2038 1394 2080; x_wconf 69' lang='lat' dir='ltr'><strong>janitorem</strong></span> <span class='ocrx_word' id='word_1_317' title='bbox 1416 2048 1524 2070; x_wconf 80' lang='lat' dir='ltr'><strong>secum</strong></span> <span class='ocrx_word' id='word_1_318' title='bbox 1545 2039 1791 2070; x_wconf 58' lang='lat' dir='ltr'><strong>communimine</strong></span> 
     </span>
     <span class='ocr_line' id='line_1_63' title="bbox 1027 2081 1790 2124; baseline -0.003 -11"><span class='ocrx_word' id='word_1_319' title='bbox 1027 2082 1082 2119; x_wconf 75' lang='lat' dir='ltr'><strong>ait,</strong></span> <span class='ocrx_word' id='word_1_320' title='bbox 1104 2082 1138 2113; x_wconf 91' lang='lat' dir='ltr'><strong>in</strong></span> <span class='ocrx_word' id='word_1_321' title='bbox 1159 2083 1219 2113; x_wconf 87' lang='lat' dir='ltr'><strong>hac</strong></span> <span class='ocrx_word' id='word_1_322' title='bbox 1244 2082 1345 2114; x_wconf 79' lang='lat' dir='ltr'><strong>satira</strong></span> <span class='ocrx_word' id='word_1_323' title='bbox 1359 2082 1500 2122; x_wconf 82' lang='lat' dir='ltr'><strong>exponit,</strong></span> <span class='ocrx_word' id='word_1_324' title='bbox 1515 2081 1673 2124; x_wconf 78' lang='lat' dir='ltr'><strong>simulque</strong></span> <span class='ocrx_word' id='word_1_325' title='bbox 1686 2081 1719 2112; x_wconf 84' lang='grc'><strong>111</strong></span> <span class='ocrx_word' id='word_1_326' title='bbox 1734 2082 1790 2112; x_wconf 85' lang='lat' dir='ltr'><strong>he-</strong></span> 
     </span>
     <span class='ocr_line' id='line_1_64' title="bbox 1025 2125 1658 2167; baseline -0.003 -10"><span class='ocrx_word' id='word_1_327' title='bbox 1025 2136 1099 2157; x_wconf 89' lang='lat' dir='ltr'><strong>rum</strong></span> <span class='ocrx_word' id='word_1_328' title='bbox 1113 2125 1243 2167; x_wconf 84' lang='lat' dir='ltr'><strong>ejusque</strong></span> <span class='ocrx_word' id='word_1_329' title='bbox 1256 2125 1332 2156; x_wconf 73' lang='lat' dir='ltr'><strong>vitia</strong></span> <span class='ocrx_word' id='word_1_330' title='bbox 1345 2125 1474 2158; x_wconf 79' lang='lat' dir='ltr'><strong>liberius</strong></span> <span class='ocrx_word' id='word_1_331' title='bbox 1491 2125 1658 2156; x_wconf 80' lang='lat' dir='ltr'><strong>invehitur.</strong></span> 
     </span>
    </p>

    <p class='ocr_par' dir='ltr' id='par_1_22' title="bbox 1023 2167 1791 2948">
     <span class='ocr_line' id='line_1_65' title="bbox 1069 2167 1790 2210; baseline -0.003 -10"><span class='ocrx_word' id='word_1_332' title='bbox 1069 2180 1098 2200; x_wconf 83' lang='lat' dir='ltr'><strong>v.</strong></span> <span class='ocrx_word' id='word_1_333' title='bbox 1117 2168 1209 2200; x_wconf 80' lang='lat' dir='ltr'><strong>l—-4.</strong></span> <span class='ocrx_word' id='word_1_334' title='bbox 1227 2171 1426 2202; x_wconf 78' lang='lat' dir='ltr'><strong>Jamdudum</strong></span> <span class='ocrx_word' id='word_1_335' title='bbox 1439 2171 1590 2206; x_wconf 70' lang='lat' dir='ltr'><strong>ausculto,</strong></span> <span class='ocrx_word' id='word_1_336' title='bbox 1600 2174 1674 2199; x_wconf 68' lang='lat' dir='ltr'><strong>cett.</strong></span> <span class='ocrx_word' id='word_1_337' title='bbox 1690 2167 1790 2210; x_wconf 83' lang='lat' dir='ltr'><strong>Finge</strong></span> 
     </span>
     <span class='ocr_line' id='line_1_66' title="bbox 1026 2212 1791 2244; baseline -0.004 0"><span class='ocrx_word' id='word_1_338' title='bbox 1026 2212 1084 2244; x_wconf 82' lang='lat' dir='ltr'><strong>tibi</strong></span> <span class='ocrx_word' id='word_1_339' title='bbox 1101 2213 1274 2244; x_wconf 76' lang='lat' dir='ltr'><strong>Horatium</strong></span> <span class='ocrx_word' id='word_1_340' title='bbox 1297 2212 1338 2244; x_wconf 69' lang='lat' dir='ltr'><strong>nd</strong></span> <span class='ocrx_word' id='word_1_341' title='bbox 1358 2223 1393 2243; x_wconf 83' lang='lat' dir='ltr'><strong>se</strong></span> <span class='ocrx_word' id='word_1_342' title='bbox 1413 2221 1538 2244; x_wconf 70' lang='lat' dir='ltr'><strong>vocasse</strong></span> <span class='ocrx_word' id='word_1_343' title='bbox 1556 2220 1681 2242; x_wconf 76' lang='lat' dir='ltr'><strong>servum</strong></span> <span class='ocrx_word' id='word_1_344' title='bbox 1695 2221 1791 2242; x_wconf 80' lang='lat' dir='ltr'><strong>suum</strong></span> 
     </span>
     <span class='ocr_line' id='line_1_67' title="bbox 1029 2253 1790 2296; baseline -0.003 -9"><span class='ocrx_word' id='word_1_345' title='bbox 1029 2257 1176 2296; x_wconf 83' lang='lat' dir='ltr'><strong>Davum;</strong></span> <span class='ocrx_word' id='word_1_346' title='bbox 1167 2256 1329 2287; x_wconf 83' lang='lat' dir='ltr'><strong>·—-audit</strong></span> <span class='ocrx_word' id='word_1_347' title='bbox 1343 2256 1466 2294; x_wconf 78' lang='lat' dir='ltr'><strong>Davus,</strong></span> <span class='ocrx_word' id='word_1_348' title='bbox 1474 2255 1680 2295; x_wconf 71' lang='lat' dir='ltr'><strong>respondens·</strong></span> <span class='ocrx_word' id='word_1_349' title='bbox 1699 2253 1790 2286; x_wconf 76' lang='lat' dir='ltr'><strong>Jam-</strong></span> 
     </span>
     <span class='ocr_line' id='line_1_68' title="bbox 1027 2298 1791 2332; baseline -0.001 -1"><span class='ocrx_word' id='word_1_350' title='bbox 1027 2299 1150 2332; x_wconf 88' lang='lat' dir='ltr'><strong>dudum</strong></span> <span class='ocrx_word' id='word_1_351' title='bbox 1164 2310 1256 2331; x_wconf 82' lang='lat' dir='ltr'><strong>aures</strong></span> <span class='ocrx_word' id='word_1_352' title='bbox 1269 2299 1310 2331; x_wconf 76' lang='lat' dir='ltr'><strong>ad</strong></span> <span class='ocrx_word' id='word_1_353' title='bbox 1322 2304 1432 2331; x_wconf 78' lang='lat' dir='ltr'><strong>vocem</strong></span> <span class='ocrx_word' id='word_1_354' title='bbox 1451 2298 1572 2330; x_wconf 83' lang='lat' dir='ltr'><strong>domini</strong></span> <span class='ocrx_word' id='word_1_355' title='bbox 1586 2308 1640 2328; x_wconf 86' lang='lat' dir='ltr'><strong>me</strong></span> <span class='ocrx_word' id='word_1_356' title='bbox 1653 2299 1791 2330; x_wconf 73' lang='lat' dir='ltr'><strong>vocantis·</strong></span> 
     </span>
     <span class='ocr_line' id='line_1_69' title="bbox 1027 2341 1790 2386; baseline -0.004 -11"><span class='ocrx_word' id='word_1_357' title='bbox 1027 2343 1153 2386; x_wconf 86' lang='lat' dir='ltr'><strong>arrigo;</strong></span> <span class='ocrx_word' id='word_1_358' title='bbox 1176 2353 1250 2374; x_wconf 79' lang='lat' dir='ltr'><strong>nam</strong></span> <span class='ocrx_word' id='word_1_359' title='bbox 1264 2342 1359 2382; x_wconf 86' lang='lat' dir='ltr'><strong>cupio</strong></span> <span class='ocrx_word' id='word_1_360' title='bbox 1366 2352 1472 2382; x_wconf 69' lang='lat' dir='ltr'><strong>-peucn</strong></span> <span class='ocrx_word' id='word_1_361' title='bbox 1491 2342 1549 2383; x_wconf 74' lang='lat' dir='ltr'><strong>(sc-</strong></span> <span class='ocrx_word' id='word_1_362' title='bbox 1565 2341 1706 2372; x_wconf 74' lang='lat' dir='ltr'><strong>rectioris</strong></span> <span class='ocrx_word' id='word_1_363' title='bbox 1717 2341 1790 2373; x_wconf 80' lang='lat' dir='ltr'><strong>vitae</strong></span> 
     </span>
     <span class='ocr_line' id='line_1_70' title="bbox 1027 2384 1789 2427; baseline -0.003 -9"><span class='ocrx_word' id='word_1_364' title='bbox 1027 2387 1196 2427; x_wconf 74' lang='lat' dir='ltr'><strong>praecepta)</strong></span> <span class='ocrx_word' id='word_1_365' title='bbox 1210 2386 1267 2417; x_wconf 75' lang='lat' dir='ltr'><strong>tibi</strong></span> <span class='ocrx_word' id='word_1_366' title='bbox 1280 2386 1405 2424; x_wconf 78' lang='lat' dir='ltr'><strong>referre,</strong></span> <span class='ocrx_word' id='word_1_367' title='bbox 1419 2384 1485 2422; x_wconf 70' lang='lat' dir='ltr'><strong>sed,</strong></span> <span class='ocrx_word' id='word_1_368' title='bbox 1500 2384 1575 2426; x_wconf 70' lang='lat' dir='ltr'><strong>quin</strong></span> <span class='ocrx_word' id='word_1_369' title='bbox 1586 2394 1693 2416; x_wconf 79' lang='lat' dir='ltr'><strong>servus</strong></span> <span class='ocrx_word' id='word_1_370' title='bbox 1707 2395 1789 2423; x_wconf 79' lang='lat' dir='ltr'><strong>sum,</strong></span> 
     </span>
     <span class='ocr_line' id='line_1_71' title="bbox 1027 2428 1790 2465; baseline -0.004 -3"><span class='ocrx_word' id='word_1_371' title='bbox 1027 2430 1062 2462; x_wconf 91' lang='lat' dir='ltr'><strong>id</strong></span> <span class='ocrx_word' id='word_1_372' title='bbox 1074 2430 1176 2461; x_wconf 78' lang='lat' dir='ltr'><strong>facere</strong></span> <span class='ocrx_word' id='word_1_373' title='bbox 1195 2428 1374 2460; x_wconf 85' lang='lat' dir='ltr'><strong>reformido.</strong></span> <span class='ocrx_word' id='word_1_374' title='bbox 1422 2428 1517 2460; x_wconf 88' lang='lat' dir='ltr'><strong>Tune</strong></span> <span class='ocrx_word' id='word_1_375' title='bbox 1541 2429 1662 2465; x_wconf 79' lang='lat' dir='ltr'><strong>Davus,</strong></span> <span class='ocrx_word' id='word_1_376' title='bbox 1683 2439 1790 2460; x_wconf 82' lang='lat' dir='ltr'><strong>servus</strong></span> 
     </span>
     <span class='ocr_line' id='line_1_72' title="bbox 1027 2472 1789 2514; baseline -0.004 -9"><span class='ocrx_word' id='word_1_377' title='bbox 1027 2484 1117 2505; x_wconf 83' lang='lat' dir='ltr'><strong>meus</strong></span> <span class='ocrx_word' id='word_1_378' title='bbox 1126 2473 1141 2503; x_wconf 75' lang='grc' dir='ltr'><strong>ἰ’</strong></span> <span class='ocrx_word' id='word_1_379' title='bbox 1173 2473 1255 2504; x_wconf 80' lang='lat' dir='ltr'><strong>Sane</strong></span> <span class='ocrx_word' id='word_1_380' title='bbox 1268 2483 1328 2514; x_wconf 85' lang='lat' dir='ltr'><strong>ego</strong></span> <span class='ocrx_word' id='word_1_381' title='bbox 1344 2472 1464 2509; x_wconf 73' lang='lat' dir='ltr'><strong>Davus,</strong></span> <span class='ocrx_word' id='word_1_382' title='bbox 1478 2479 1586 2502; x_wconf 78' lang='lat' dir='ltr'><strong>servus</strong></span> <span class='ocrx_word' id='word_1_383' title='bbox 1597 2476 1692 2510; x_wconf 73' lang='lat' dir='ltr'><strong>tuus;</strong></span> <span class='ocrx_word' id='word_1_384' title='bbox 1714 2482 1789 2503; x_wconf 82' lang='lat' dir='ltr'><strong>nam</strong></span> 
     </span>
     <span class='ocr_line' id='line_1_73' title="bbox 1028 2516 1789 2559; baseline -0.001 -11"><span class='ocrx_word' id='word_1_385' title='bbox 1028 2527 1089 2559; x_wconf 84' lang='lat' dir='ltr'><strong>ego</strong></span> <span class='ocrx_word' id='word_1_386' title='bbox 1116 2516 1281 2548; x_wconf 86' lang='lat' dir='ltr'><strong>dominum</strong></span> <span class='ocrx_word' id='word_1_387' title='bbox 1318 2524 1426 2546; x_wconf 84' lang='lat' dir='ltr'><strong>meum</strong></span> <span class='ocrx_word' id='word_1_388' title='bbox 1453 2524 1536 2553; x_wconf 74' lang='lat' dir='ltr'><strong>amo,</strong></span> <span class='ocrx_word' id='word_1_389' title='bbox 1565 2521 1606 2551; x_wconf 84' lang='lat' dir='ltr'><strong>et,</strong></span> <span class='ocrx_word' id='word_1_390' title='bbox 1633 2522 1789 2557; x_wconf 75' lang='lat' dir='ltr'><strong>quantum</strong></span> 
     </span>
     <span class='ocr_line' id='line_1_74' title="bbox 1028 2558 1790 2600; baseline -0.003 -9"><span class='ocrx_word' id='word_1_391' title='bbox 1028 2561 1101 2591; x_wconf 80' lang='lat' dir='ltr'><strong>satis</strong></span> <span class='ocrx_word' id='word_1_392' title='bbox 1114 2566 1170 2595; x_wconf 81' lang='lat' dir='ltr'><strong>est,</strong></span> <span class='ocrx_word' id='word_1_393' title='bbox 1185 2561 1278 2590; x_wconf 80' lang='lat' dir='ltr'><strong>bonae</strong></span> <span class='ocrx_word' id='word_1_394' title='bbox 1297 2558 1399 2600; x_wconf 79' lang='lat' dir='ltr'><strong>frugis</strong></span> <span class='ocrx_word' id='word_1_395' title='bbox 1418 2568 1526 2589; x_wconf 79' lang='lat' dir='ltr'><strong>servus</strong></span> <span class='ocrx_word' id='word_1_396' title='bbox 1545 2568 1627 2596; x_wconf 76' lang='lat' dir='ltr'><strong>sum,</strong></span> <span class='ocrx_word' id='word_1_397' title='bbox 1653 2559 1698 2589; x_wconf 75' lang='lat' dir='ltr'><strong>ita</strong></span> <span class='ocrx_word' id='word_1_398' title='bbox 1717 2558 1790 2600; x_wconf 83' lang='lat' dir='ltr'><strong>qui-</strong></span> 
     </span>
     <span class='ocr_line' id='line_1_75' title="bbox 1025 2601 1789 2644; baseline 0 -10"><span class='ocrx_word' id='word_1_399' title='bbox 1025 2604 1109 2641; x_wconf 86' lang='lat' dir='ltr'><strong>dem,</strong></span> <span class='ocrx_word' id='word_1_400' title='bbox 1125 2604 1174 2644; x_wconf 76' lang='lat' dir='ltr'><strong>(ut</strong></span> <span class='ocrx_word' id='word_1_401' title='bbox 1187 2605 1278 2634; x_wconf 76' lang='lat' dir='ltr'><strong>vitale</strong></span> <span class='ocrx_word' id='word_1_402' title='bbox 1288 2602 1394 2643; x_wconf 77' lang='lat' dir='ltr'><strong>putes)</strong></span> <span class='ocrx_word' id='word_1_403' title='bbox 1416 2608 1454 2632; x_wconf 86' lang='lat' dir='ltr'><strong>ut</strong></span> <span class='ocrx_word' id='word_1_404' title='bbox 1474 2601 1599 2633; x_wconf 73' lang='lat' dir='ltr'><strong>credere</strong></span> <span class='ocrx_word' id='word_1_405' title='bbox 1611 2602 1720 2642; x_wconf 68' lang='lat' dir='ltr'><strong>posa‘s,</strong></span> <span class='ocrx_word' id='word_1_406' title='bbox 1736 2613 1789 2634; x_wconf 85' lang='lat' dir='ltr'><strong>me</strong></span> 
     </span>
     <span class='ocr_line' id='line_1_76' title="bbox 1026 2645 1788 2687; baseline -0.001 -10"><span class='ocrx_word' id='word_1_407' title='bbox 1026 2657 1091 2677; x_wconf 89' lang='lat' dir='ltr'><strong>non</strong></span> <span class='ocrx_word' id='word_1_408' title='bbox 1119 2651 1192 2677; x_wconf 77' lang='lat' dir='ltr'><strong>ante</strong></span> <span class='ocrx_word' id='word_1_409' title='bbox 1221 2646 1304 2677; x_wconf 89' lang='lat' dir='ltr'><strong>diem</strong></span> <span class='ocrx_word' id='word_1_410' title='bbox 1332 2645 1520 2676; x_wconf 82' lang='lat' dir='ltr'><strong>moriturum</strong></span> <span class='ocrx_word' id='word_1_411' title='bbox 1549 2655 1625 2677; x_wconf 80' lang='lat' dir='ltr'><strong>esse.</strong></span> <span class='ocrx_word' id='word_1_412' title='bbox 1682 2647 1788 2687; x_wconf 79' lang='lat' dir='ltr'><strong>(Ante</strong></span> 
     </span>
     <span class='ocr_line' id='line_1_77' title="bbox 1026 2689 1788 2730; baseline -0.003 -9"><span class='ocrx_word' id='word_1_413' title='bbox 1026 2690 1111 2721; x_wconf 88' lang='lat' dir='ltr'><strong>diem</strong></span> <span class='ocrx_word' id='word_1_414' title='bbox 1134 2689 1218 2721; x_wconf 84' lang='lat' dir='ltr'><strong>enim</strong></span> <span class='ocrx_word' id='word_1_415' title='bbox 1239 2689 1320 2720; x_wconf 87' lang='lat' dir='ltr'><strong>mori</strong></span> <span class='ocrx_word' id='word_1_416' title='bbox 1341 2690 1532 2728; x_wconf 72' lang='lat' dir='ltr'><strong>putabantur</strong></span> <span class='ocrx_word' id='word_1_417' title='bbox 1544 2689 1655 2729; x_wconf 88' lang='lat' dir='ltr'><strong>optimi</strong></span> <span class='ocrx_word' id='word_1_418' title='bbox 1669 2689 1788 2730; x_wconf 79' lang='lat' dir='ltr'><strong>quique</strong></span> 
     </span>
     <span class='ocr_line' id='line_1_78' title="bbox 1023 2732 1781 2773; baseline -0.001 -9"><span class='ocrx_word' id='word_1_419' title='bbox 1023 2739 1056 2764; x_wconf 80' lang='lat' dir='ltr'><strong>et</strong></span> <span class='ocrx_word' id='word_1_420' title='bbox 1069 2733 1337 2773; x_wconf 72' lang='lat' dir='ltr'><strong>praestantissimi3</strong></span> <span class='ocrx_word' id='word_1_421' title='bbox 1363 2732 1458 2763; x_wconf 85' lang='lat' dir='ltr'><strong>Ovid.</strong></span> <span class='ocrx_word' id='word_1_422' title='bbox 1479 2733 1589 2763; x_wconf 83' lang='lat' dir='ltr'><strong>Amor.</strong></span> <span class='ocrx_word' id='word_1_423' title='bbox 1610 2733 1662 2764; x_wconf 87' lang='grc' dir='ltr'><strong>ΙΙ.</strong></span> <span class='ocrx_word' id='word_1_424' title='bbox 1678 2732 1710 2763; x_wconf 88' lang='grc'><strong>6.</strong></span> <span class='ocrx_word' id='word_1_425' title='bbox 1727 2732 1781 2764; x_wconf 84' lang='grc'><strong>39.</strong></span> 
     </span>
     <span class='ocr_line' id='line_1_79' title="bbox 1028 2777 1787 2826; baseline 0 -18"><span class='ocrx_word' id='word_1_426' title='bbox 1028 2778 1150 2817; x_wconf 80' lang='lat' dir='ltr'><strong>Optima</strong></span> <span class='ocrx_word' id='word_1_427' title='bbox 1159 2777 1265 2818; x_wconf 74' lang='lat' dir='ltr'><strong>prima</strong></span> <span class='ocrx_word' id='word_1_428' title='bbox 1274 2778 1350 2826; x_wconf 84' lang='lat' dir='ltr'><strong>sere</strong></span> <span class='ocrx_word' id='word_1_429' title='bbox 1362 2777 1509 2808; x_wconf 75' lang='lat' dir='ltr'><strong>manibus</strong></span> <span class='ocrx_word' id='word_1_430' title='bbox 1521 2778 1697 2817; x_wconf 63' lang='lat' dir='ltr'><strong>rapiuntur</strong></span> <span class='ocrx_word' id='word_1_431' title='bbox 1713 2786 1787 2808; x_wconf 76' lang='lat' dir='ltr'><strong>avo-</strong></span> 
     </span>
     <span class='ocr_line' id='line_1_80' title="bbox 1027 2818 1788 2861; baseline -0.003 -9"><span class='ocrx_word' id='word_1_432' title='bbox 1027 2822 1091 2857; x_wconf 78' lang='lat' dir='ltr'><strong>ris;</strong></span> <span class='ocrx_word' id='word_1_433' title='bbox 1120 2820 1235 2852; x_wconf 77' lang='lat' dir='ltr'><strong>Jocosa</strong></span> <span class='ocrx_word' id='word_1_434' title='bbox 1261 2819 1359 2861; x_wconf 84' lang='lat' dir='ltr'><strong>igitur</strong></span> <span class='ocrx_word' id='word_1_435' title='bbox 1379 2818 1531 2850; x_wconf 73' lang='lat' dir='ltr'><strong>modestia</strong></span> <span class='ocrx_word' id='word_1_436' title='bbox 1554 2820 1665 2851; x_wconf 77' lang='lat' dir='ltr'><strong>Davus</strong></span> <span class='ocrx_word' id='word_1_437' title='bbox 1685 2821 1788 2851; x_wconf 79' lang='lat' dir='ltr'><strong>bonus</strong></span> 
     </span>
     <span class='ocr_line' id='line_1_81' title="bbox 1027 2862 1786 2912; baseline 0.001 -19"><span class='ocrx_word' id='word_1_438' title='bbox 1027 2870 1150 2894; x_wconf 85' lang='lat' dir='ltr'><strong>tautum</strong></span> <span class='ocrx_word' id='word_1_439' title='bbox 1171 2873 1285 2912; x_wconf 72' lang='lat' dir='ltr'><strong>servus,</strong></span> <span class='ocrx_word' id='word_1_440' title='bbox 1309 2873 1374 2893; x_wconf 90' lang='lat' dir='ltr'><strong>non</strong></span> <span class='ocrx_word' id='word_1_441' title='bbox 1394 2862 1541 2912; x_wconf 65' lang='lat' dir='ltr'><strong>optinJuS,</strong></span> <span class='ocrx_word' id='word_1_442' title='bbox 1563 2863 1662 2894; x_wconf 75' lang='lat' dir='ltr'><strong>viden·</strong></span> <span class='ocrx_word' id='word_1_443' title='bbox 1689 2862 1786 2903; x_wconf 80' lang='lat' dir='ltr'><strong>vult.)</strong></span> 
     </span>
     <span class='ocr_line' id='line_1_82' title="bbox 1024 2906 1786 2948; baseline 0.001 -11"><span class='ocrx_word' id='word_1_444' title='bbox 1024 2925 1067 2931; x_wconf 92' lang='lat'><strong>—</strong></span> <span class='ocrx_word' id='word_1_445' title='bbox 1084 2906 1135 2938; x_wconf 90' lang='lat' dir='ltr'><strong>Sic</strong></span> <span class='ocrx_word' id='word_1_446' title='bbox 1155 2906 1233 2937; x_wconf 89' lang='lat' dir='ltr'><strong>mihi</strong></span> <span class='ocrx_word' id='word_1_447' title='bbox 1255 2906 1288 2936; x_wconf 90' lang='lat' dir='ltr'><strong>in</strong></span> <span class='ocrx_word' id='word_1_448' title='bbox 1309 2906 1404 2948; x_wconf 84' lang='lat' dir='ltr'><strong>hujus</strong></span> <span class='ocrx_word' id='word_1_449' title='bbox 1428 2906 1529 2937; x_wconf 78' lang='lat' dir='ltr'><strong>satirae</strong></span> <span class='ocrx_word' id='word_1_450' title='bbox 1557 2906 1719 2947; x_wconf 80' lang='lat' dir='ltr'><strong>principio,</strong></span> <span class='ocrx_word' id='word_1_451' title='bbox 1743 2906 1786 2937; x_wconf 82' lang='lat' dir='ltr'><strong>de</strong></span> 
     </span>
    </p>
   </div>
   <div class='ocr_carea' id='block_1_18' title="bbox 1025 2949 1849 2992">
    <p class='ocr_par' dir='ltr' id='par_1_23' title="bbox 1025 2949 1849 2992">
     <span class='ocr_line' id='line_1_83' title="bbox 1025 2949 1849 2992; baseline 0 -10"><span class='ocrx_word' id='word_1_452' title='bbox 1025 2960 1088 2992; x_wconf 91' lang='lat' dir='ltr'><strong>quo</strong></span> <span class='ocrx_word' id='word_1_453' title='bbox 1111 2961 1131 2982; x_wconf 84' lang='lat' dir='ltr'><strong>a</strong></span> <span class='ocrx_word' id='word_1_454' title='bbox 1152 2952 1301 2988; x_wconf 74' lang='lat' dir='ltr'><strong>Bentleio,</strong></span> <span class='ocrx_word' id='word_1_455' title='bbox 1333 2950 1388 2991; x_wconf 88' lang='lat' dir='ltr'><strong>qui</strong></span> <span class='ocrx_word' id='word_1_456' title='bbox 1408 2950 1490 2982; x_wconf 83' lang='lat' dir='ltr'><strong>hanc</strong></span> <span class='ocrx_word' id='word_1_457' title='bbox 1503 2960 1577 2982; x_wconf 87' lang='lat' dir='ltr'><strong>cum</strong></span> <span class='ocrx_word' id='word_1_458' title='bbox 1590 2949 1784 2992; x_wconf 73' lang='lat' dir='ltr'><strong>proeoedenoe</strong></span> <span class='ocrx_word' id='word_1_459' title='bbox 1846 2984 1849 2989; x_wconf 27' lang='grc' dir='ltr'><strong><em>Δ</em></strong></span> 
     </span>
    </p>
   </div>
  </div>
 </body>
</html>
