1904 3250
243 147 326 185 270

867 129 1173 191 HoRATu

1560 157 1718 205 [CARM.
1740 166 1802 196 ix.

350 269 583 321 Romanus,
606 270 740 313 eheu!
772 272 931 326 posteri
951 272 1169 329 negabitis,

464 339 763 395 Emancipatus
784 338 966 391 feminae,

348 409 449 451 Fert
468 409 624 451 vallum
644 417 686 450 et
706 423 824 450 arma
842 409 975 460 miles,
998 418 1041 451 et
1060 410 1316 466 spadonibus

465 480 631 521 Servire
651 479 817 536 rugosis
837 487 978 535 potest
992 478 1002 522 i

263 555 313 593 15
347 552 546 608 Interque
567 552 687 609 signa
707 560 831 608 turpe
851 552 1047 594 militaria

463 621 536 663 Sol
557 621 736 678 adspicit
756 622 981 677 conopium
1001 620 1010 664 !

344 694 416 735 Ad
436 694 517 735 hoc
537 693 762 736 frementes
782 702 999 736 verterunt
1018 694 1083 736 bis
1103 695 1217 737 mille
1238 710 1368 751 equos

461 764 590 815 Galli,
613 773 808 806 canentes
833 765 1047 806 Caesarem
1059 781 1070 815 ;

342 836 657 894 Hostiliumque
677 839 847 880 navium
866 847 993 894 portu
1013 838 1144 879 latent

252 913 307 950 20

458 910 628 967 Puppes
651 912 936 953 sinistrorsum
956 912 1063 953 citae.

341 982 391 1024 Io
413 982 650 1040 Triumphe
670 983 679 1027 !
713 993 759 1026 tu
779 985 955 1026 moraris
977 999 1125 1026 aureos

459 1052 635 1103 Currus,
657 1061 699 1094 et
718 1054 893 1095 intactas
914 1054 1066 1103 boves3

219 1206 296 1237 sisse
316 1213 447 1238 testatur
471 1208 537 1239 Dio
561 1208 698 1240 XLIX.
725 1208 775 1240 10.
866 1212 983 1242 Minoi.

229 1252 306 1282 Urbi
327 1253 439 1288 vincla,
466 1263 538 1292 quae
557 1254 633 1283 detr.
659 1256 740 1284 Serv.
766 1255 857 1285 amic.
876 1256 987 1297 perfici.

219 1303 278 1334 pro
291 1295 399 1325 tenui.
430 1295 614 1326 Romanum
638 1295 807 1336 imperium
827 1307 901 1327 cum
923 1308 985 1328 ser-

220 1347 332 1368 vorum
346 1337 538 1378 perfidorum
551 1349 650 1370 manu
664 1339 807 1379 potestati
825 1350 890 1370 suae
912 1342 986 1371 sub-

212 1380 312 1421 jicere
326 1387 460 1419 tentans,
504 1393 579 1414 serv.
597 1385 687 1414 amic.
698 1385 807 1432 perfid.
833 1383 986 1415 invidiose

219 1430 252 1454 et
265 1424 427 1456 humiliter
440 1404 480 1456 (ie
498 1425 661 1465 Pompeio,
688 1437 778 1467 quasn
799 1427 893 1457 servis
914 1437 984 1467 per-

219 1466 299 1502 fidis.
317 1478 335 1499 e
349 1468 463 1510 quibus
476 1468 569 1500 illum
593 1470 766 1500 exercitum
791 1480 885 1500 suum
908 1481 982 1510 sup·

218 1511 350 1549 plevisse
377 1518 508 1549 constat,
540 1512 619 1555 (vid.
650 1513 734 1544 Veil.
765 1513 814 1543 ΙΙ.
844 1512 893 1544 13.
918 1513 984 1545 Dio

221 1554 398 1585 XLVIII.
418 1554 467 1586 19.
474 1555 486 1596 )
499 1556 620 1586 amicus
633 1556 712 1587 adeo
725 1556 830 1588 fuerit.

206 1614 208 1617 ·
261 1608 290 1627 v-
315 1597 451 1629 11-16.
478 1601 710 1641 Emancipatus
723 1602 867 1642 feminoe,
894 1611 984 1632 man-

209 1640 290 1690 cipii
313 1642 411 1672 instar
431 1643 590 1684 subjectus
617 1643 744 1674 feminae
769 1643 911 1683 imperio,
936 1645 983 1675 fe-

206 1683 314 1714 -minae
328 1685 417 1725 quasi
432 1686 586 1717 venditus.
630 1686 735 1718 Plaut.
757 1687 873 1718 Bacch.
900 1688 928 1718 Ι.
951 1687 979 1719 l.

215 1726 270 1758 59.
318 1731 429 1767 Nunc,
446 1731 567 1766 mulier,
583 1732 884 1772 tibimeemancipo,
909 1738 984 1763 tuus

213 1781 295 1806 sum,
312 1774 365 1803 tibi
379 1775 417 1803 do
433 1784 567 1813 operam.
658 1776 736 1806 Fert
757 1776 828 1806 vall.
849 1781 879 1806 et
899 1787 979 1806 arm.

213 1817 280 1845 mil.
296 1821 325 1846 et
339 1819 466 1855 spadon-
487 1819 570 1848 Serv.
587 1828 659 1857 rug-
681 1824 745 1858 pot.
769 1818 834 1859 qui,
860 1814 897 1848 ut
918 1818 981 1848 for-

214 1864 278 1888 tem
307 1859 439 1890 militem
461 1859 562 1897 decet,
588 1860 708 1891 vallum
736 1868 769 1892 et
795 1871 883 1892 arma
910 1861 980 1898 fert,

213 1900 299 1931 idem
315 1913 334 1932 a
348 1913 381 1933 se
394 1903 560 1943 impetrare
574 1910 675 1943 potest
687 1905 756 1943 hoc,
773 1911 810 1936 ut
819 1904 983 1943 decrepitis

213 1945 369 1976 eunuchis
405 1947 598 1979 serviat!—-
623 1947 721 1984 Quod
750 1948 807 1979 uni
839 1948 982 1998 Antonio

208 1989 336 2027 proprie
351 1989 553 2021 tribuendum
569 1997 644 2028 erat,
659 1991 692 2022 id
714 1991 771 2023 toti
793 1991 889 2022 simul
914 1992 983 2032 ejus

211 2031 374 2070 exercitui,
404 2040 552 2073 corrupto
575 2034 665 2075 quasi
693 2041 725 2066 et
745 2035 863 2066 infecto
893 2002 982 2066 dchis

206 2076 368 2114 exemplo,
384 2076 504 2108 tribuit.
586 2079 664 2109 Fert
680 2080 751 2109 vall.
770 2085 800 2110 et
814 2090 894 2110 arm
912 2080 977 2110 mil.

215 2117 391 2150 Commode
406 2120 446 2151 de
461 2121 519 2151 hac
540 2121 681 2151 militum
706 2122 926 2152 Romanorum
947 2122 981 2152 in

206 2160 296 2191 bello
311 2161 424 2193 laboris
438 2164 589 2203 patientia
602 2164 739 2196 afferunt
760 2165 867 2196 locum
890 2165 981 2196 Cice-

208 2204 297 2235 tonis
315 2205 435 2241 Quaest.
464 2207 558 2238 Tusc.
587 2206 863 2239 11.16.M1·titiae
883 2210 982 2240 nosen·

210 2249 359 2280 coercitus
373 2251 429 2290 qui
443 2251 535 2287 labor,
550 2257 579 2282 et
596 2259 735 2292 quantus
749 2253 894 2292 agminis,
900 2252 979 2295 fer-

209 2302 247 2322 re
267 2293 342 2331 plus
366 2294 520 2324 dimidiati
543 2297 657 2326 mensis
682 2297 818 2332 cibaria;
812 2296 931 2338 ·,ferre
953 2297 980 2326 si

211 2336 290 2375 quid
303 2338 345 2366 ad
359 2347 454 2367 usum
469 2339 584 2374 velint;
596 2338 688 2379 serre
711 2340 838 2370 vallum.
887 2341 979 2370 Nam

209 2384 347 2415 scutum,
375 2381 523 2420 gladium,
547 2382 670 2421 galeam
699 2383 733 2413 in
761 2393 853 2414 onere
880 2383 979 2413 nostri

211 2423 323 2453 milites
336 2434 398 2454 non
408 2425 482 2463 plus
502 2431 680 2461 'numer-emt,
703 2437 800 2466 quam
823 2428 976 2463 humeros,

210 2466 350 2503 lacertos,
365 2477 480 2498 mnus
490 2480 501 2498 .·
528 2479 617 2498 amna
628 2470 711 2499 enim
725 2470 862 2500 membra
873 2470 978 2500 militis

210 2519 274 2539 esse
295 2511 414 2541 dicunt.
503 2513 631 2550 rugosis,
657 2511 822 2550 decrepitis
842 2512 976 2548 senibus,

211 2551 253 2581 cf.
273 2552 400 2584 Terent.
419 2553 569 2584 Eunuch.
590 2554 652 2584 IV.
670 2553 702 2585 4«.
729 2554 781 2585 20.
870 2557 978 2596 mado-

210 2596 313 2633 nibus,
331 2595 531 2628 Mardionem
549 2596 692 2637 inprimis
713 2608 838 2640 magnae
858 2598 892 2628 in
913 2598 976 2629 illis

210 2639 403 2671 auctoritatis
414 2640 520 2678 fuisse,
542 2650 582 2671 ex
606 2641 765 2672 Plutarch.
788 2642 822 2671 in
851 2643 970 2672 Anton.

210 2692 242 2721 p.
260 2680 336 2714 345.
353 2683 512 2715 discimus.
574 2718 576 2721 f
600 2686 751 2725 Interque
771 2686 859 2725 signa
887 2691 971 2726 turp.

210 2727 297 2757 milit.
317 2729 368 2758 Sol
381 2730 466 2768 adsp-
485 2739 588 2769 conop-
606 2734 639 2758 et
655 2728 718 2764 Sol,
734 2728 870 2758 nefanda
889 2739 975 2769 quae-

210 2778 274 2809 que
288 2769 472 2810 adspiciens,
487 2770 616 2811 adspicit
630 2769 712 2801 inter
725 2770 816 2811 signa
830 2771 976 2802 militaria

209 2818 302 2862 turpe
323 2814 464 2845 mollitiei
487 2814 613 2856 signum
633 2813 822 2853 conopium;
846 2824 903 2854 pro
927 2821 973 2845 te-

211 2855 285 2888 nui·
312 2863 344 2888 et
357 2857 439 2888 inter
451 2858 542 2900 signa
553 2857 699 2888 militaria
717 2857 885 2897 oonopium
905 2857 973 2887 ani-

209 2899 401 2932 madvertere
415 2901 497 2932 iicet.
574 2902 736 2942 omwpium
749 2907 781 2931 et
793 2911 970 2941 commum,

209 2941 324 2982 velum,
354 2955 418 2986 quo
449 2945 594 2988 AEgyptii
621 2945 663 2976 ad
686 2942 836 2977 arcendos
857 2943 972 2975 culices

1030 1209 1218 1247 utebantur3
1249 1208 1310 1239 vid.
1344 1211 1542 1250 Interpretes,
1571 1215 1603 1241 et
1628 1211 1737 1243 Jacobs
1762 1211 1796 1242 in

1033 1253 1202 1326 tinligiadv.
1229 1252 1270 1284 ad
1301 1253 1400 1284 Anth.
1432 1252 1489 1284 Gr.
1520 1253 1559 1284 V.
1588 1253 1661 1285 111.
1694 1254 1732 1285 P.
1762 1255 1793 1286 1.

1029 1306 1050 1335 p
1071 1350 1098 1370 v.
1116 1338 1253 1371 17—20.
1278 1341 1331 1370 Ad
1345 1341 1398 1370 hoc
1409 1339 1594 1381 frementes,
1612 1342 1653 1372 ob
1667 1341 1752 1372 hoc'
1742 1351 1792 1371 ιιι-

1028 1382 1084 1424 dig
1086 1390 1213 1421 nautes;
1282 1385 1324 1413 ad
1353 1392 1428 1422 pro:
1468 1384 1518 1414 ob.
1548 1391 1694 1424 propter3
1728 1384 1790 1415 vid.

1028 1394 1134 1458 Begntl.
1152 1407 1235 1456 insi-a
1248 1405 1288 1456 ad
1306 1427 1368 1456 Sat.
1385 1426 1413 1456 I.
1432 1425 1463 1456 6.
1491 1425 1545 1457 87.
1575 1434 1607 1458 et
1630 1429 1788 1460 Drakenb.

1027 1470 1067 1499 ad
1091 1470 1159 1500 Liv.
1189 1469 1388 1499 XXXVII.
1416 1468 1476 1500 27.
1497 1470 1516 1510 §
1540 1469 1572 1501 6.
1601 1470 1639 1501 Τ.
1667 1470 1730 1501 IV.
1756 1482 1788 1510 p.

1027 1512 1080 1543 60.
1169 1514 1214 1544 bis
1235 1514 1317 1544 mille
1335 1514 1427 1544 Galli
1449 1524 1541 1554 equos
1564 1520 1734 1552 verterunt,
1756 1515 1787 1545 h.

1028 1567 1054 1587 e.
1095 1562 1284 1592 averterunt,
1320 1557 1360 1587 ab
1398 1556 1540 1587 Antonio
1587 1556 1790 1596 defecerunt3

1027 1618 1070 1624 —
1081 1606 1228 1631 canentes
1244 1602 1406 1636 Coesarem,
1425 1599 1581 1631 Caesarem
1602 1600 1719 1632 salvere
1737 1601 1791 1642 ju-

1021 1645 1142 1679 benum,
1158 1644 1189 1673 h.
1209 1653 1237 1674 e.
1255 1642 1296 1674 ad
1314 1643 1470 1674 Caesarem
1484 1650 1700 1682 transeuntem
1714 1654 1790 1675 con·

1025 1686 1132 1717 silium
1161 1686 1259 1728 igitur
1281 1685 1374 1724 illud,
1399 1696 1464 1727 quo
1491 1695 1608 1725 paucos
1630 1687 1697 1719 dies
1717 1694 1790 1719 ante

1026 1740 1167 1771 pugnam
1193 1729 1357 1760 Actiacam
1377 1728 1445 1760 duo
1470 1729 1544 1760 Gall
1706 1741 1740 1762 m
1761 1741 1786 1762 s.

1030 1773 1214 1804 Galatarum
1239 1772 1347 1810 dueoe,
1372 1772 1544 1803 Deiotarus
1570 1778 1603 1804 et
1633 1774 1790 1814 Amyntas

1026 1816 1066 1847 ad
1099 1815 1310 1848 Octavianum
1334 1815 1484 1847 defecisse
1507 1815 1686 1854 cuduntur,
1709 1816 1786 1860 (vid.

1027 1859 1188 1891 Plutarch.
1207 1860 1241 1889 in
1266 1860 1386 1890 Anton-
1412 1869 1444 1900 p.
1469 1857 1544 1890 945.
1569 1866 1602 1891 et
1623 1860 1707 1892 vell.
1734 1861 1786 1892 11.

1025 1902 1096 1943 84.)
1113 1903 1192 1934 salse
1207 1910 1298 1942 poeta
1311 1913 1331 1934 a
1347 1902 1402 1940 rei,
1423 1903 1582 1934 Romanis
1602 1903 1790 1943 inhonestis-

1024 1948 1121 1981 simae,
1137 1946 1354 1987 indignatione
1366 1945 1488 1986 repetit.
1527 1959 1530 1962 >
1568 1948 1693 1986 ‘HostiL
1713 1958 1784 1980 nav.

1020 1997 1102 2031 port.
1119 1992 1173 2021 lat.
1193 1993 1296 2031 Pupp.
1313 1991 1429 2022 sinistr.
1447 1991 1499 2022 cit.
1516 1990 1548 2020 h.
1566 2000 1593 2020 e.
1607 1993 1784 2032 utBoeeiig.

1024 2034 1110 2064 hunc
1137 2034 1245 2064 locum
1268 2032 1365 2073 paulo
1392 2032 1621 2072 impeditiorem
1642 2034 1787 2074 expedire

1023 2076 1164 2108 studuit:
1194 2077 1241 2108 Et
1254 2086 1326 2116 pars
1339 2076 1467 2107 navium
1481 2076 1643 2108 hostilium
1652 2076 1786 2117 perfide,

1023 2120 1100 2151 dum
1116 2121 1327 2169 pugnabatur,
1342 2130 1361 2150 a
1374 2119 1497 2151 sinistra
1509 2125 1597 2160 parte
1617 2126 1786 2152 retrorsum

1024 2170 1174 2200 actarum,
1190 2163 1225 2193 in
1240 2169 1332 2202 portu
1355 2163 1475 2202 luteum
1555 2173 1653 2204 μνη).
1673 2165 1723 2195 cie.
1739 2180 1786 2189 —

1017 2218 1158 2248 puppem
1172 2209 1259 2243 ciere,
1276 2208 1350 2256 (argui
1349 2220 1423 2246 pm
1435 2206 1616 2256 agoniae-lau,
1638 2205 1711 2237 Lat.
1735 2219 1784 2239 re-

1022 2252 1082 2282 mis
1095 2249 1258 2290 inhibere,)
1280 2249 1438 2286 dicuntur,
1460 2249 1516 2290 qui
1537 2249 1578 2280 ad
1599 2249 1711 2291 sugam
1734 2250 1784 2281 vel

1022 2293 1230 2324 defectionem
1244 2291 1512 2329 disfimuhndam,
1527 2291 1571 2323 ita
1580 2301 1691 2323 navem
1701 2297 1785 2325 retro

1021 2344 1131 2378 agunt,
1144 2344 1184 2367 ut
1197 2337 1320 2366 inverso
1333 2345 1429 2366 cursu
1440 2345 1532 2386 prora
1551 2335 1693 2386 puppim,
1716 2346 1782 2368 nou

1020 2379 1135 2420 puppis
1160 2389 1284 2419 proram
1314 2383 1490 2420 sequatur.
1558 2380 1781 2418 simum,

1019 2433 1095 2453 nam
1109 2433 1183 2453 cum
1200 2422 1354 2460 Antonio,
1367 2422 1464 2452 classe
1475 2431 1495 2452 e
1510 2428 1603 2461 portu
1624 2422 1659 2452 in
1679 2422 1780 2455 duim

1020 2472 1134 2502 evecta,
1151 2466 1346 2496 demonum
1363 2464 1490 2496 Italiam
1503 2474 1610 2496 versus
1622 2465 1704 2497 acies
1726 2476 1782 2497 ex-

1019 2509 1164 2559 plicando
1178 2515 1266 2545 esset,
1281 2518 1375 2540 naves
1388 2518 1524 2549 puguae
1520 2518 1560 2539 se
1579 2508 1780 2541 subducturae

1019 2553 1228 2584 sinistrorsum
1242 2551 1277 2581 in
1290 2557 1427 2591 portum
1430 2550 1609 2592 semdperc
1617 2551 1782 2585 debebant.

1061 2607 1089 2627 v.
1123 2594 1262 2626 21-26.
1299 2597 1333 2626 lo
1357 2596 1543 2635 'ffb-iambe,
1567 2595 1781 2636 Triumphum

1017 2645 1166 2680 tanquam
1182 2639 1291 2670 Deum
1315 2638 1460 2677 appellat,
1483 2639 1575 2678 eique
1598 2648 1695 2670 morae
1718 2639 1779 2670 im.

1017 2682 1198 2723 patientiam
1213 2689 1244 2712 et
1259 2680 1462 2721 cupiditatem
1475 2691 1576 2719 suam,
1589 2692 1653 2722 qua
1673 2682 1779 2723 splen-

1017 2725 1178 2763 didissimi,
1200 2735 1255 2765 per
1275 2734 1370 2765 quem
1393 2725 1560 2766 Augustus
1586 2725 1705 2757 Urbem
1722 2726 1778 2757 *in-

1015 2767 1775 2847 ffiffifflssffissssfflssssssfflaffiffi

1016 2863 1047 2887 et
1060 2866 1138 2887 auro
1151 2855 1319 2886 constructi
1333 2854 1470 2885 fuerunt
1475 2864 1585 2886 currus
1602 2855 1777 2896 triumphs-

1015 2901 1076 2938 les;
1086 2899 1140 2930 de
1152 2910 1230 2930 auro
1244 2897 1353 2930 laudat
1371 2899 1551 2938 Boetcigerm
1566 2898 1712 2930 Philostr.
1738 2901 1775 2930 iu

1017 2943 1093 2975 Vin·
1118 2941 1251 2983 Sophist.
1284 2941 1315 2972 1.
1346 2939 1376 2972 7.
1409 2951 1440 2981 p.
1467 2939 1542 2973 488.
1640 2943 1773 2975 mucias
