1904 3250
714 207 955 246 HORATII
986 206 1194 246 METRA.
1643 219 1723 245 xxv

264 322 324 361 17.
378 316 596 368 Aliquoties
621 329 768 355 caesura
794 330 873 355 non
906 317 948 354 in
976 315 1088 354 initio
1118 314 1230 366 pedis
1254 315 1358 353 tertii
1387 314 1456 354 sed
1488 314 1649 354 secundi
1682 323 1722 353 et

260 381 388 434 quarti
406 381 521 421 simul
538 382 795 427 constituitur,
815 383 839 419 i.
860 387 896 425 7.
923 386 1002 427 293
1028 385 1092 419 28.
1123 385 1159 418 5.
1188 379 1315 431 Epod.
1352 379 1413 418 16.
1446 384 1509 418 21.
1566 379 1645 418 Ter
1671 393 1721 417 ne

260 449 326 488 hic
342 449 502 501 quidem
520 451 759 496 observatur,
778 450 802 487 i.
823 454 887 488 28.
910 453 958 488 15
977 456 1017 488 et
1034 453 1099 495 29.
1119 448 1246 500 Epod.
1268 453 1329 487 15.
1349 453 1385 493 9.

260 513 334 554 Est
349 514 391 552 in
406 522 532 554 metro
550 514 623 552 IX.
642 515 693 552 X.
714 515 832 553 XIII.
852 514 963 553 XVI.
983 514 1117 552 XVII.

725 627 758 652 e.
795 615 930 652 Versus
946 612 1147 665 logaoedici.

207 691 272 731 Sic
301 691 330 730 ii
361 692 547 732 dicuntur
582 706 730 739 versus,
772 693 814 730 in
850 692 994 744 quibus
1031 692 1169 730 seriem
1206 690 1438 743 dactylicam
1475 691 1724 742 subsequitur

152 756 268 802 series
283 757 487 797 trochaica.
543 758 697 797 Nomen
722 757 1028 809 logsoedicorum
1052 756 1145 794 inde
1171 764 1417 808 acceperunt,
1446 756 1566 807 quod.
1585 755 1724 808 rhyth-

153 838 242 864 mus
258 825 473 876 dactylicus
490 826 601 878 ἀοιδῇ,
621 824 838 864 trochaicus
857 827 955 876 λόγῳ
971 824 1294 862 accommodatior
1311 832 1380 863 est.

157 895 218 929 18.
254 890 400 930 Versus
417 890 599 930 Alcaicus
615 890 792 929 inversus
809 888 1089 940 deoesyllabus.

472 980 589 1000 -υυ
640 980 755 1000 -υυ
807 980 877 998 ‘''U
929 981 993 997 -ν

473 1025 665 1077 Purpura·
681 1031 842 1064 metuunt
861 1025 1024 1078 tyranni.
1043 1025 1068 1062 i.
1088 1029 1152 1063 35.
1176 1029 1236 1063 12.

262 1090 334 1129 Est
350 1090 391 1128 in
408 1092 533 1129 metro
550 1089 667 1127 VIII.

159 1162 219 1202 19.
255 1156 401 1196 Versus
417 1155 690 1195 Archilochius
708 1156 841 1208 major.

473 1287 638 1328 Solvitur
654 1287 756 1327 acris
772 1288 898 1340 hyeme
910 1293 1028 1340 grata
1047 1287 1125 1326 vioe
1140 1287 1238 1326 veris
1254 1294 1289 1327 et
1311 1287 1469 1328 Favoni.
1496 1288 1522 1325 i.
1542 1293 1579 1327 4.
1603 1294 1636 1326 1.

259 1355 323 1394 Ex
340 1356 494 1395 dnobus
512 1357 748 1409 compositus
765 1365 825 1396 est
840 1356 1026 1394 membris
1043 1356 1127 1394 sive
1144 1357 1281 1402 κώλοις,
1299 1356 1486 1394 nimirum

309 1425 352 1476 a)
370 1437 420 1463 ex
437 1437 554 1464 versu
570 1424 776 1464 Almanio
794 1425 921 1476 (num.
944 1423 1025 1475 16.)

309 1491 356 1542 b)
375 1503 424 1529 ex
442 1504 556 1530 versu
576 1490 812 1544 Ityphallico
831 1492 959 1542 (num.
981 1492 1035 1541 1.)

259 1557 389 1600 Graed
406 1559 565 1610 quidem
583 1560 655 1599 hos
671 1559 726 1599 ita
746 1560 936 1611 jungunt,
963 1566 1010 1598 ut
1040 1558 1179 1597 ultima
1207 1557 1357 1610 syllaba
1387 1558 1554 1598 membri
1572 1558 1727 1610 prioris,

256 1626 422 1678 perinde
455 1628 566 1679 quasi
602 1628 801 1679 integrum
827 1627 984 1666 claudat
1005 1639 1175 1672 versum,
1203 1635 1244 1666 et
1269 1627 1400 1666 brevis
1427 1635 1468 1666 et
1496 1627 1616 1679 longs
1646 1641 1729 1666 esse

257 1701 298 1732 et
326 1693 477 1734 hiatum
504 1709 662 1747 quoque
688 1696 844 1734 efficere
871 1701 1000 1746 queat.
1056 1694 1200 1732 Contra
1236 1694 1426 1734 Horatius
1470 1708 1544 1734 nec
1588 1695 1729 1747 pedem

258 1762 443 1801 creticum
468 1788 498 1795 -
511 1786 543 1804 υ
554 1789 584 1796 -
608 1777 733 1817 neque
750 1763 968 1815 spondeum
987 1763 1028 1800 in
1046 1770 1186 1814 quarto
1203 1761 1290 1801 loco
1306 1763 1439 1814 posuit
1463 1776 1593 1815 neque
1619 1763 1730 1802 hiatu

259 1838 352 1864 usus
370 1834 455 1872 est;
483 1826 651 1878 ideoque
667 1827 743 1866 hoc
760 1835 930 1865 metrum
950 1826 1257 1865 Horatianuma
1275 1827 1526 1878 subsequenti
1545 1841 1730 1866 versuum

255 1905 400 1943 genere
434 1901 753 1945 asynartetorum,
791 1895 894 1932 inter
928 1906 1027 1945 quos
1061 1893 1259 1932 numerari
1297 1893 1405 1940 solet,
1439 1894 1728 1934 excludendum

258 1957 429 1996 videtur.

259 2024 332 2063 Est
348 2024 390 2062 in
407 2032 531 2063 metro
550 2026 645 2063 XII.

727 2093 758 2131 f.
789 2093 925 2131 Versus
944 2092 1159 2144 aqynarteti.

205 2169 349 2208 Versus
374 2171 584 2222 asynarteti
619 2172 869 2224 (davd-grant)
902 2185 932 2210 s.
963 2171 1171 2209 inconnexi
1203 2171 1455 2211 nominantur
1477 2173 1546 2224 qui
1573 2172 1727 2212 duobus

132 2241 220 2277 ,aut
234 2233 414 2286 pluribus
430 2235 615 2274 membris
632 2243 820 2282 constant,
840 2249 930 2287 quae
945 2243 1076 2274 tamen
1094 2235 1196 2274 inter
1223 2249 1264 2274 se
1289 2249 1370 2274 non
1394 2237 1521 2288 magis
1552 2251 1726 2277 connexa

16 2315 62 2348 >fr
151 2308 242 2340 sumt
258 2315 374 2354 quam
393 2315 527 2342 versus
547 2316 637 2342 cum
655 2316 782 2343 versu.
837 2304 1038 2356 cujusque
1065 2303 1187 2355 igitur
1216 2305 1381 2345 membri
1410 2305 1547 2344 ultima
1578 2306 1726 2357 syllaba

12 2335 51 2434 ἵ
150 2369 287 2408 uidem
316 2371 420 2422 jure,
445 2385 492 2417 ac
517 2371 550 2410 si
566 2379 666 2412 esset
683 2372 821 2411 ultima
839 2385 987 2417 versus,
1006 2380 1046 2410 et
1062 2372 1181 2423 longa
1198 2380 1239 2411 et
1256 2373 1386 2412 brevis
1403 2387 1486 2412 esse
1511 2383 1639 2426 potest
1658 2388 1725 2411 ne-

152 2450 229 2488 que
255 2437 422 2476 eliditur.
477 2438 568 2478 Hoc
596 2453 777 2479 versuum
813 2453 939 2491 genus
965 2439 1158 2479 invenisse
1189 2441 1450 2480 Archilochus
1477 2442 1630 2481 dicitur.
1686 2443 1724 2478 A

4 2446 45 2563 ᾗ
149 2501 283 2540 multis
311 2501 467 2541 Horatii
492 2502 705 2542 editoribus
737 2503 881 2555 singuli
908 2517 1041 2542 versus
1072 2505 1114 2541 in
1142 2504 1255 2543 binos
1286 2505 1517 2544 dividuntur
1548 2506 1645 2550 illos,
1675 2519 1723 2543 ex

10 2573 44 2621 ·3
151 2565 293 2616 quibus
309 2567 511 2618 compositi
529 2575 630 2605 sunt.
686 2568 740 2606 Et
757 2581 859 2613 sane,
888 2575 934 2606 ut
966 2568 1163 2607 Gesnerus
1189 2569 1382 2616 observat,
1416 2569 1724 2608 commodissima

151 2639 251 2671 esset
283 2632 432 2671 divisio.
488 2634 566 2672 Sed
600 2635 739 2674 acriter
773 2648 847 2686 pro
882 2648 1017 2674 versus
1052 2634 1275 2686 integritate
1314 2646 1466 2687 pugnat
1511 2635 1720 2684 Bendeius,

14 2726 22 2738 ,‹
153 2699 440 2752 Hephaestionis
457 2701 698 2755 aliorumque
715 2703 1056 2754 grammaticorum
1082 2703 1309 2742 auctoritate
1335 2705 1469 2743 fretus.
1525 2704 1583 2741 Cf.
1612 2717 1719 2743 num.

0 2779 68 2865 χ
151 2765 390 2804 antecedens.
443 2766 507 2805 Ex
526 2767 691 2806 Horatio
707 2768 786 2807 huc
803 2768 1023 2820 pertinent.

154 2831 216 2866 20.
251 2828 396 2868 Versus
413 2830 662 2881 ehgiambus,
682 2833 917 2884 compositus
934 2846 1076 2886 nempe
1093 2846 1142 2871 ex
1155 2833 1317 2884 eleg-iaci
1336 2845 1470 2870 versus
1497 2831 1659 2872 dimidio
1685 2849 1715 2874 s-

60 2867 144 2941 χ
257 2893 548 2943 penthemimeri
565 2895 755 2948 dactylica
776 2897 901 2947 (num.
924 2898 1006 2949 14.)
1026 2905 1066 2937 et
1094 2909 1208 2936 versu
1241 2894 1407 2934 iambico
1436 2896 1602 2936 dimetro
1628 2912 1719 2938 εισι-

258 2956 397 2997 talecto
414 2959 627 3011 (1111111.2.).
