1904 3250
488 185 842 230 EPISTOLA
892 183 987 226 AD
1036 179 1346 224 PISONES.

1614 179 1699 219 555

248 314 340 357 Nec
358 314 471 356 circa
488 313 614 355 vilem
634 311 909 368 patulumque
927 308 1161 351 moraberis
1175 306 1346 354 orbem3

248 383 341 426 Nec
358 383 534 425 verbum
552 377 683 424 verbo
703 379 870 423 curabis
890 378 1067 421 reddere
1087 376 1201 419 fidus
1327 376 1333 387 ¹

248 456 486 512 Interpres3
515 469 595 497 nec
614 453 781 496 desilies
800 452 986 494 imitator
1005 451 1050 492 in
1070 458 1247 499 arctum,

137 530 216 569 1:35
247 526 377 569 Unde
395 526 549 583 pedem
568 524 758 583 proferre
777 523 918 580 pudor
937 531 1050 565 vetet
1068 531 1142 564 aut
1161 521 1302 577 operis
1321 519 1416 568 lex3

248 595 341 639 Nec
360 596 420 638 sic
440 597 626 652 incipies,
648 603 696 637 ut
715 595 895 650 scriptor
913 591 1095 650 cyclicus
1115 592 1240 634 olim:

249 673 278 694 “
300 668 530 710 Fortunam
554 667 711 710 Priami
731 666 911 709 cantabo
930 673 973 707 et
991 664 1133 707 nobile
1152 663 1351 706 bellum.’‘

249 735 367 787 Quid
387 736 564 794 dignum
582 744 701 778 tanto
719 734 826 777 feret
844 734 914 776 hic
932 734 1164 790 promissor
1183 732 1302 774 hiatu
1313 730 1335 773 Ρ

250 808 497 850 Parturiunt
515 815 692 858 montes,
714 814 909 848 nascetur
929 805 1131 847 ridiculus
1150 819 1259 847 mus.

139 882 218 920 140
250 878 424 928 Quanto
444 879 598 920 rectius
617 877 700 928 hic,
722 877 795 934 qui
814 876 875 918 nil
894 875 1066 917 molitur
1085 876 1251 931 inepte:

251 952 279 973 “
298 946 385 990 Dic
402 947 520 998 mihi,
544 946 686 998 Musa,
707 946 857 996 virum,
886 952 1022 1001 captae
1040 952 1139 1000 post
1157 953 1347 999 tempora
1370 943 1412 985 T
1413 945 1528 999 tojae,

251 1019 340 1069 Qui
359 1035 497 1062 mores
517 1019 736 1061 hominum
755 1017 986 1060 multorum
1005 1016 1111 1058 vidit
1129 1023 1173 1058 et
1191 1015 1358 1057 urbes.''

252 1091 351 1134 Non
370 1091 532 1134 fumum
552 1107 607 1134 ex
627 1091 805 1149 fulgore,
828 1090 903 1132 sed
922 1105 978 1132 ex
996 1088 1115 1131 fumo
1134 1089 1237 1131 dare
1256 1088 1395 1130 lucem

253 1164 434 1222 Cogitat,
456 1172 505 1206 ut
523 1165 711 1221 speciosa
732 1163 886 1206 dehinc
904 1161 1109 1204 miracula
1126 1170 1318 1217 promat:

131 1303 252 1343 proprie
264 1303 374 1339 diem,
389 1302 524 1342 propria,
533 1310 613 1332 nova
623 1308 656 1333 et
665 1301 815 1342 peculiari
829 1307 896 1332 arte

135 1354 311 1385 exponatu
343 1343 474 1386 pulchre
506 1347 647 1377 Vossius.-
681 1347 795 1376 schwer
817 1344 867 1376 ἠδ’
868 1356 894 1382 ι,

133 1399 235 1429 eugeus
256 1399 355 1420 wesen
367 1399 427 1420 aus
446 1389 658 1429 augente-’nem
670 1399 711 1420 zu
724 1389 836 1420 bilaen.
852 1404 899 1412 —

134 1438 232 1474 tuque
257 1433 344 1463 Rece.
369 1432 459 1463 niae.
485 1443 511 1463 c.
536 1434 600 1463 did.
623 1434 658 1463 in
683 1438 758 1468 ace„
782 1430 899 1462 rectius

133 1479 411 1549 argument-jam
439 1481 569 1506 tractata
593 1476 633 1506 ab
655 1474 726 1506 aliis
750 1485 779 1506 e.
804 1485 832 1506 c.
857 1484 897 1505 ex

138 1517 274 1549 Homeri
288 1517 426 1548 carmine
441 1517 541 1549 Iliaco
554 1518 661 1549 hauris
675 1524 707 1549 et
722 1518 756 1548 ἰιι
770 1527 898 1549 scenam

134 1559 279 1599 diducis3
300 1560 478 1598 lectionem,
493 1571 513 1592 a
527 1563 594 1592 Fen
609 1562 792 1598 exhibitam,
807 1563 898 1593 didu-

133 1605 178 1636 cis
190 1603 314 1654 vulgari
329 1603 454 1634 lectioni
470 1606 594 1636 deducis
607 1605 752 1644 praemli3
774 1607 899 1636 diduce-

134 1659 169 1679 re
182 1646 267 1678 enim
281 1646 442 1688 eleganter
455 1646 570 1679 dicitur
583 1646 624 1679 de
637 1648 787 1686 fontibus,
799 1658 818 1679 e
827 1648 898 1690 qui-

132 1691 194 1722 bus
205 1701 289 1732 aqua
301 1689 452 1729 dimanat,
474 1698 507 1722 et
519 1690 554 1722 in
568 1693 699 1724 diversos
720 1691 838 1723 rivulos
851 1693 898 1723 di-

179 1787 208 1807 v.
225 1774 406 1808 131-135,
418 1779 550 1809 Publica
562 1778 812 1818 mae..1›riv.jur.
830 1779 899 1815 erit,

137 1819 309 1858 matu-iem,
320 1821 388 1862 jam
403 1821 443 1851 ab
456 1820 525 1851 aliis
538 1820 728 1860 publicatam
738 1827 771 1851 et
783 1821 818 1850 in
831 1831 901 1851 me-

138 1862 192 1894 dio
206 1862 340 1912 positam
354 1863 470 1903 poteris
483 1863 539 1894 tibi
561 1863 719 1912 propriam
732 1863 844 1900 facere,
869 1870 901 1894 et

137 1905 173 1937 in
183 1916 277 1938 usum
287 1906 444 1946 privatum
454 1913 643 1943 convertere,
655 1908 680 1936 si
691 1916 796 1947 neque
805 1907 900 1937 rebus

137 1949 219 1981 tritis
231 1955 264 1981 et
276 1948 460 1991 vulgaribus
479 1949 590 1989 putide
603 1949 827 1992 immomberis,
843 1959 898 1980 ne-

137 2003 212 2035 que,
236 1992 329 2024 sicuti
352 1991 437 2023 fidus
457 1993 617 2043 interpres,
645 1982 900 2034 (comparationis

138 2035 292 2087 particula
311 2042 348 2068 ιιι
370 2035 413 2066 ad
423 2037 518 2079 fidus
539 2037 688 2075 interpres
709 2035 823 2066 omissa
836 2042 902 2074 est;

138 2078 203 2111 vid.
219 2078 368 2119 supr-ad
384 2078 487 2119 Epist
505 2079 536 2110 Ι.
552 2078 583 2109 2.
601 2077 654 2109 42
661 2079 675 2119 )
691 2080 904 2109 verbumver·

138 2123 182 2155 bo
194 2121 325 2154 reddere
337 2122 472 2159 curabis,
494 2133 597 2163 neque
614 2121 715 2152 servili
730 2121 905 2152 imitatione

140 2173 174 2198 te
186 2164 301 2207 μεεὶρ
279 2164 377 2206 pitem
391 2165 510 2196 dabis
500 2176 534 2196 ιιι
555 2164 711 2207 ejumodi
731 2164 903 2206 angustias,

140 2208 229 2240 unde
251 2207 356 2249 pudor
369 2214 400 2239 et
420 2208 573 2239 aberratio
597 2210 637 2239 ab
658 2208 706 2245 iis,
728 2218 800 2249 quae
821 2210 905 2239 bono

141 2251 284 2292 scriptori
297 2251 449 2283 servanda
469 2260 556 2291 sunt,
578 2251 691 2293 pedem
712 2250 860 2292 expedire
873 2258 905 2282 te

183 2337 306 2370 v..132
326 2338 391 2370 Per
410 2340 499 2370 vilem
514 2345 542 2370 et
560 2340 708 2379 patulum
722 2339 825 2370 orbem
840 2337 903 2369 ele-

141 2387 253 2432 gauter
265 2381 452 2422 exprimitur
465 2381 528 2413 late
542 2389 652 2422 patens
665 2392 762 2423 gyrus
770 2381 819 2412 vel
833 2392 904 2422 spa-

141 2423 908 2512 fflaffissqffizssussfflfflffff

144 2521 220 2543 nos·
238 2513 516 2553 eivtgemeinplatz·

186 2553 306 2592 v.134,
327 2554 401 2587 135.
415 2558 451 2587 in
472 2562 607 2593 arctum,
629 2555 695 2586 scil.
711 2555 828 2593 locum,
846 2566 907 2595 pa-

147 2599 212 2630 tulo
235 2595 300 2631 οτῦἰ
323 2598 512 2640 oppositum.
596 2601 709 2640 pudor,
736 2605 794 2630 aue
808 2600 906 2639 operis

146 2642 203 2679 let,
217 2641 343 2680 scilicet,
365 2642 422 2684 qui
442 2642 576 2673 nimium
590 2641 734 2673 imitandi
747 2642 853 2673 studio
873 2652 910 2672 se

149 2682 435 2725 abripipmnuaet,
457 2685 563 2725 isipse
580 2686 718 2723 tandem,
742 2696 776 2716 se
797 2691 907 2716 contra

149 2729 541 2778 operislegenpeccasse,
565 2730 645 2759 h.e.
668 2727 906 2760 semaleboni

150 2769 306 2844 scriptu-is
317 2778 419 2812 partes
431 2771 623 2811 mstinuisse,
635 2782 700 2803 non
710 2772 777 2804 sine
788 2772 908 2812 pudore

149 2822 204 2843 sen

193 2865 224 2886 v·
252 2853 324 2888 lae.
348 2864 386 2890 ut
408 2860 535 2900 scriptor
559 2860 693 2909 cyclicus
713 2861 795 2896 olim,
820 2857 907 2899 quod

151 2908 268 2929 nomen
289 2900 416 2941 gesserit
438 2902 542 2933 malus
564 2904 623 2934 iste
646 2909 739 2943 poeta
759 2902 907 2943 cyclicus,

151 2951 247 2984 quem
270 2942 301 2974 h.
330 2942 353 2974 1.
380 2943 534 2977 Horatius
556 2952 653 2984 notat,
679 2946 820 2978 divinent
840 2945 904 2977 alii·

941 1300 995 1332 De
1013 1302 1108 1341 poetis
1130 1301 1260 1341 (γάια“ι,
1284 1298 1340 1340 qui
1364 1298 1406 1330 de
1426 1299 1529 1334 rebus,
1552 1302 1616 1328 tam
1638 1296 1708 1336 ipso

938 1344 1022 1375 bello
1038 1343 1187 1385 Trojano,
1202 1352 1297 1383 quam
1311 1348 1385 1372 ante
1399 1349 1431 1372 et
1445 1349 1516 1381 post
1529 1340 1621 1376 illud,
1636 1350 1707 1382 ges-

939 1387 990 1425 tis,
1015 1386 1099 1418 intra
1123 1386 1249 1426 cyclum
1275 1385 1324 1416 vel
1349 1396 1465 1427 gyrum
1493 1384 1652 1426 quendam
1674 1393 1708 1414 se

939 1431 1136 1462 continentes
1149 1429 1190 1460 ad
1215 1429 1351 1460 Homeri
1372 1428 1555 1468 exemplum
1569 1427 1710 1458 carmina

940 1473 1130 1505 concinnare
1152 1473 1255 1504 conati
1284 1479 1369 1509 sunt,
1399 1479 1470 1512 post
1496 1474 1708 1503 Schwarzium

941 1519 1078 1560 Altdorf.
1095 1516 1130 1547 in
1145 1515 1294 1556 peculiari
1310 1518 1442 1548 Dissert.
1460 1518 1499 1548 de
1523 1517 1614 1555 Cyclo
1631 1516 1710 1556 Epi-

941 1572 986 1599 co,
1003 1561 1221 1593 casaubonum
1243 1560 1283 1590 ad
1309 1560 1427 1590 Athen.
1448 1559 1533 1590 VII.
1551 1557 1582 1588 4⁴.
1619 1561 1710 1591 Dod-

941 1605 1017 1636 well.
1034 1603 1075 1635 de
1092 1602 1181 1645 Cycl.
1199 1613 1231 1643 p.
1249 1601 1325 1634 802.
1343 1603 1469 1643 copiose
1490 1610 1522 1634 et
1542 1602 1634 1634 docte
1647 1602 1710 1632 dis-

941 1654 1133 1688 putaverunt
1147 1649 1294 1688 Heym'us
1308 1647 1342 1677 in
1360 1647 1494 1677 Excurs.
1511 1646 1540 1678 1.
1558 1645 1599 1676 ad
1615 1646 1707 1686 Virg-

944 1691 1023 1722 AEn.
1040 1690 1093 1721 11.
1110 1696 1143 1721 et
1161 1691 1323 1723 Jacob-rius
1343 1690 1377 1720 in
1398 1690 1519 1730 praefat.
1545 1689 1585 1720 ad
1600 1690 1708 1722 Tzetz.

942 1744 975 1774 p.
994 1734 1079 1765 XX.
1097 1743 1180 1775 seqq.
1218 1734 1361 1765 Fuerunt
1374 1743 1511 1775 quoque,
1526 1732 1583 1774 qui
1603 1739 1710 1775 poetas

942 1779 1069 1819 cyclicas
1083 1777 1124 1808 de
1138 1778 1238 1817 poetis
1259 1777 1516 1808 circumforaneis
1532 1783 1565 1807 et
1578 1776 1711 1808 circula.

941 1821 1063 1852 toribus
1075 1820 1363 1860 interpretarentur.

986 1874 1015 1894 v.
1031 1861 1215 1894 138—142.
1245 1866 1327 1899 Quid
1352 1865 1485 1903 dignum
1506 1869 1577 1893 cett.
1630 1865 1712 1899 Quid

941 1908 991 1938 hic
999 1909 1169 1947 promissor
1183 1907 1271 1952 seret
1288 1906 1449 1946 (proferet,
1473 1905 1560 1946 edet)
1577 1909 1711 1947 dignum

941 1944 1030 1981 tathu
1056 1952 1155 1986 hiatu,
1181 1949 1267 1990 quod
1292 1949 1479 1989 respondeat
1504 1950 1615 1987 verbis,
1641 1960 1712 1990 quae

942 1997 1030 2023 tanto
1050 1992 1113 2023 oris
1125 1992 1214 2023 hiatu
1228 1998 1261 2023 et
1274 1991 1377 2031 plenis
1397 1991 1505 2023 buccis
1518 1991 1712 2023 denunciat?

948 2035 1035 2066 Nam
1050 2041 1198 2066 ventosus
1211 2035 1269 2066 iste
1284 2042 1376 2075 poeta
1390 2034 1538 2075 cyclicus,
1553 2038 1714 2068 conclusas

947 2081 1076 2110 hircinas
1087 2080 1221 2120 follibus
1234 2090 1330 2110 auras
1353 2079 1435 2120 (Sat.
1456 2078 1486 2109 1.
1503 2076 1535 2109 4ι
1556 2077 1605 2110 19.
1612 2079 1651 2120 )
1642 2079 1714 2109 uni-

948 2128 1027 2158 tans,
1043 2132 1109 2152 non
1125 2122 1224 2152 Musa
1236 2121 1343 2162 aliqua
1358 2121 1495 2152 Homeri
1517 2122 1688 2163 exemplo’
1678 2133 1713 2152 ιιι

947 2172 1051 2205 partes
1074 2172 1191 2200 vocam,
1216 2165 1305 2196 ferox
1330 2164 1494 2207 fidensque
1521 2165 1642 2207 ingenii
1670 2166 1715 2197 ita

947 2218 1073 2239 carmen
1088 2208 1271 2239 exorditur:
1305 2209 1374 2249 Ego
1390 2215 1461 2249 post
1483 2211 1616 2242 Iliadem
1633 2212 1713 2241 For-

948 2259 1061 2283 tunam
1076 2253 1200 2283 Priami
1213 2254 1341 2284 cantabo
1354 2258 1385 2283 et
1400 2253 1497 2284 nobile
1510 2254 1633 2284 bellum.

989 2306 1018 2325 v.
1032 2294 1103 2326 139.
1116 2297 1242 2327 Par-tur.
1252 2302 1348 2327 ntoru-
1359 2306 1447 2327 παις.
1460 2298 1519 2327 rid.
1534 2308 1612 2328 mus.
1635 2297 1715 2327 Sua-

947 2338 1116 2370 vitervertit
1125 2340 1262 2371 Vossiuse‘
1268 2340 1379 2370 schaut
1385 2341 1460 2370 doch
1468 2342 1529 2371 den
1535 2342 1716 2372 kreisenden

946 2384 1026 2422 berg,
1042 2385 1098 2414 wie
1111 2394 1146 2414 er
1166 2383 1351 2426 ausschwilll
1364 2385 1379 2412 !
1427 2385 1541 2415 Komm
1563 2386 1637 2414 doch
1660 2385 1713 2414 Ιιε-

948 2437 1033 2462 ηιιιι,
1057 2427 1175 2458 maus!
1204 2426 1300 2467 hujus
1321 2426 1522 2466 proverbialis
1535 2426 1714 2464 locutionis,

949 2479 1013 2510 qua
1025 2471 1122 2500 homo
1135 2479 1246 2507 vanus,
1269 2468 1401 2510 grandia
1419 2469 1554 2500 moliens
1573 2470 1715 2500 minans-

948 2523 1020 2553 que,
1035 2513 1090 2543 sed
1110 2512 1226 2552 pusilla
1240 2512 1409 2552 proferens,
1433 2523 1508 2544 cum
1522 2519 1631 2543 monte
1643 2519 1716 2553 post

947 2565 1058 2597 graves
1070 2556 1191 2593 labores
1205 2555 1375 2587 ridiculum
1394 2566 1519 2586 murem
1533 2557 1566 2586 in
1582 2555 1649 2587 dias
1664 2556 1715 2586 lu-

949 2598 1043 2629 minis
1070 2610 1161 2630 auras
1190 2599 1311 2635 edente,
1349 2606 1557 2638 comparatur,
1594 2599 1714 2631 mentio

948 2651 1074 2716 guoque
1098 2642 1135 2673 fit
1154 2642 1240 2682 apud
1258 2642 1449 2673 Athenaeum
1470 2643 1588 2695 Deipn.
1608 2642 1710 2674 XIV.

1009 2684 1096 2718 ὅδιιιι
1121 2685 1190 2730 ἴῃς·
1217 2688 1282 2720 Ζιῦς
1307 2685 1331 2717 δ’
1354 2687 1491 2727 ἔφοβειτο.
1517 2690 1551 2717 ‹ro‘
1572 2685 1632 2717 δ”
1618 2699 1714 2719 wan

947 2743 1210 2810 μν.141,14ι2.
1240 2773 1295 2803 En
1320 2772 1401 2803 duos
1422 2772 1538 2811 primos
1561 2772 1714 2813 Odysseae

950 2826 1067 2881 vasus,
1086 2816 1209 2848 Latinis
1222 2816 1362 2847 numeris
1375 2816 1415 2845 ab
1431 2815 1567 2847 Horatio
1587 2825 1714 2857 expres-

947 2870 1709 2952 sossubm—14³7.Ncmsumum‹5:12fidgorecett.

951 2945 1117 2978 Homerus
1141 2956 1204 2978 non
1226 2945 1259 2977 id
1281 2955 1387 2977 secum
1402 2945 1478 2988 agit,
1502 2952 1538 2978 ut
1558 2946 1714 2989 fulgentia
