1904 3250
0 0 106 84 Γ

133 206 272 240 mter.
295 196 428 246 xvn.]

724 187 1112 233 EPISTOLAE.

1626 191 1723 231 493-

168 324 220 363 15
253 318 478 362 Fastidiret
496 317 604 368 olus,
627 317 698 374 qui
718 331 787 358 me
808 324 939 358 notat.
1004 314 1156 357 Utrius
1175 314 1331 356 horum

251 391 395 434 Verba
411 390 568 447 probes
588 397 631 431 et
649 389 772 440 facta,
794 388 925 438 doce3
953 387 1023 429 vel
1035 387 1182 444 junior
1201 385 1316 438 audi,

251 463 343 506 Cur
362 463 417 504 sit
436 462 644 518 Aristippi
663 462 804 518 potior
824 460 1031 502 sententia
1041 475 1053 509 3
1083 473 1267 516 namque

252 532 505 574 Mordacem
527 532 735 588 Cynicum
755 532 816 572 sic
835 530 1045 580 eludebat,
1066 537 1115 571 ut
1133 530 1275 571 aiunt:
1452 571 1454 573 .

253 602 435 645 scurror
454 616 535 658 ego
555 601 645 656 ipse
664 599 782 651 mihi,
801 598 964 656 populo
983 606 1054 640 tu:
1085 598 1241 639 rectius
1261 597 1344 639 hoc
1363 605 1407 639 et

164 675 221 714 20
253 670 525 728 Splendidius
544 670 680 712 multo
699 678 788 711 est:
819 683 954 726 equus
973 676 1022 710 ut
1040 683 1109 710 me
1127 676 1283 723 portet,
1304 667 1391 710 alat
1411 682 1500 709 rex.

254 742 454 786 Officium
474 743 607 784 facio:
638 750 686 783 tu
712 742 852 798 poscis
870 741 971 782 vilia
988 755 1132 782 rerum

250 815 395 858 Dante
415 817 566 866 minor,
587 815 777 872 quamvis
797 813 881 856 fers
901 821 944 855 te
962 813 1120 855 nullius
1140 821 1348 871 egentem.

255 884 407 927 Omnis
428 885 695 940 Aristippum
714 883 857 925 decuit
875 883 1006 933 color,
1027 891 1071 925 et
1090 891 1224 925 status
1244 891 1287 925 et
1307 898 1388 934 res,

256 954 512 997 Tentantem
531 955 691 1010 majora
708 953 809 1004 fere,
829 953 1111 1009 praesentibus
1130 967 1317 1009 aequum.

167 1030 224 1068 25
258 1026 432 1078 Contra,
453 1042 579 1084 quem
598 1025 758 1082 duplici
777 1040 920 1082 panno
939 1025 1143 1081 patientia
1162 1024 1287 1075 velat,

256 1098 465 1149 Mirabor,
486 1099 584 1140 vitae
604 1100 673 1140 via
691 1099 727 1140 si
747 1113 951 1140 conversa
969 1097 1149 1139 decebit.

258 1169 381 1211 Alter
399 1184 661 1225 purpureum
680 1184 767 1210 non
788 1168 1030 1224 expectabit
1048 1167 1263 1217 amictum,

258 1238 480 1288 Quidlibet
498 1238 670 1280 indutus
690 1237 965 1280 celeberrima
982 1251 1061 1292 per
1079 1236 1175 1278 loca
1194 1236 1332 1286 vadet,

259 1307 574 1364 Personamque
591 1307 700 1349 feret
716 1322 804 1349 non
825 1307 1106 1349 inconcinnus
1125 1307 1367 1363 utramque:

166 1383 226 1422 30
257 1379 380 1422 Alter
401 1379 544 1421 Mileti
563 1388 726 1422 textam
745 1394 850 1421 cane
868 1380 990 1436 pejus
1009 1387 1052 1420 et
1070 1393 1212 1436 angue

257 1451 418 1494 vitabit
437 1451 703 1509 chlamydem
714 1468 727 1502 ς
757 1452 964 1494 morietur
983 1451 1154 1509 frigore,
1177 1451 1213 1492 si
1233 1466 1320 1493 non

220 1569 229 1575 x
258 1524 488 1566 Rettuleris
508 1540 719 1580 pannum3
751 1524 874 1575 refer,
896 1533 940 1566 et
959 1525 1049 1566 sine
1068 1525 1183 1566 vivat
1201 1525 1383 1581 ineptus.

260 1593 347 1636 Res
367 1609 514 1652 gerere
535 1603 578 1636 et
596 1603 743 1651 captos
764 1594 988 1636 ostendere
1009 1593 1169 1636 civibus
1191 1593 1347 1645 hostes,

146 1719 296 1761 Cynicus,
311 1729 387 1751 eum
400 1719 568 1761 aliquando
581 1720 653 1751 olus
672 1720 799 1757 lavaret,
817 1720 909 1752 Aris-

142 1762 233 1803 tippo
255 1773 290 1794 se
316 1764 517 1803 pretereunti
545 1764 686 1795 lautioris
708 1765 780 1794 vitae
808 1774 910 1805 genus

144 1806 346 1846 exprobrasse
359 1805 475 1836 dicitur
495 1816 648 1844 sermone,
671 1807 727 1848 qui
748 1809 909 1848 sequitur3

143 1850 208 1879 vid.
237 1849 335 1891 Diog-
365 1849 471 1880 Laert-
501 1849 551 1880 ll.
578 1849 633 1880 68.
728 1853 910 1890 pranderet,

146 1891 334 1929 comederet,
348 1898 387 1922 ut
406 1902 500 1932 supra
523 1892 587 1922 Sat.
609 1893 658 1923 11.
677 1892 708 1923 3.
726 1891 802 1923 245.
827 1904 913 1933 pan·

147 1937 220 1968 aere
232 1936 390 1967 luscinias.
474 1937 644 1975 patienter,
666 1946 713 1969 ea,
736 1946 810 1976 quae
824 1937 915 1966 decet

145 1975 380 2019 philosophum,-
412 1979 605 2009 eontinentia
632 1984 665 2009 et
691 1979 852 2019 patientia.
867 1997 912 2003 -

145 2022 279 2062 regibus,
303 2021 362 2052 diu
386 2022 471 2052 enim
500 2021 681 2061 Aristippus
710 2022 911 2064 (Cyrenaeus,

146 2073 310 2096 nummum
323 2065 445 2096 bonum
458 2064 619 2104 voluptate
631 2064 791 2105 metiens)
806 2064 841 2095 in
855 2075 911 2095 au-

147 2108 181 2140 h
196 2106 344 2148 Dionysii
362 2108 548 2148 Syracusani
564 2114 702 2138 versatus
715 2114 772 2139 ωε.

162 2155 169 2158 ’
189 2161 220 2182 v.
240 2149 291 2181 15.
310 2153 366 2193 qui
379 2163 429 2182 me
444 2157 540 2188 notae,
558 2151 729 2192 Diogenes.

189 2204 220 2224 v.
248 2193 299 2225 18.
325 2195 507 2226 Mor-dacem
532 2196 686 2235 Cynicum
704 2197 747 2226 sic
761 2196 913 2232 eludebat,

147 2237 339 2269 maledicum
358 2238 469 2278 Cynici
483 2237 611 2268 dentem
625 2238 669 2268 sic
683 2237 864 2279 effugiebat,
878 2239 910 2268 h.

149 2288 178 2312 a
206 2281 247 2312 ad
270 2280 425 2312 maledica
452 2281 565 2322 Cynici
594 2282 687 2312 verba
710 2281 917 2322 respondebat

163 2366 167 2373 ’
190 2378 223 2399 v.
241 2365 293 2398 19.
311 2369 443 2400 Sem-mr
462 2378 515 2408 ego
535 2369 598 2408 ipse
620 2369 707 2405 mihi,
728 2370 842 2408 populo
867 2374 915 2405 tu,

148 2415 211 2453 ego
223 2410 343 2442 artibus
356 2411 435 2441 meis
456 2411 638 2442 scurrilibus
658 2411 692 2441 in
713 2411 917 2441 commodum

149 2464 258 2485 meum
273 2454 396 2494 placere
409 2455 521 2485 studeo
534 2454 772 2495 potentioribus,
793 2462 831 2485 tu
845 2454 915 2494 phi-

150 2494 309 2538 ldmphim
322 2497 509 2528 scurrilitate
524 2497 645 2537 plaeere
655 2498 763 2528 studes
776 2499 895 2537 populo
906 2510 917 2535 ;

151 2539 231 2571 saise
257 2547 364 2571 autem
399 2541 620 2580 philosophum
649 2543 789 2572 seur-rari
821 2542 915 2578 dicit;

161 2585 280 2619 Vossius
292 2584 418 2626 egregie
432 2584 541 2615 vertit:
566 2586 615 2616 iclz
637 2586 834 2628 lwssclzranze
855 2587 918 2616 mir

154 2628 257 2669 dher,
270 2629 341 2658 dem
354 2629 419 2658 volk
432 2629 486 2658 du.

165 2668 169 2671 “
197 2679 228 2700 v.
245 2668 298 2700 22.
311 2671 422 2702 Dante
436 2673 546 2707 mium,
568 2671 699 2702 inferior
720 2681 768 2708 eo,
783 2671 839 2712 qui
852 2671 916 2707 dat,

154 2709 244 2743 danti
270 2713 501 2754 quodammodo
529 2715 708 2756 subjectus;
740 2714 918 2755 philosophi

157 2754 243 2785 enim
266 2755 486 2788 mendicabant
507 2757 574 2788 fere
599 2768 851 2799 nonnunquam;
885 2764 918 2789 at

159 2806 273 2829 scurra
285 2799 400 2830 mensis
413 2799 563 2831 ditiorum
577 2802 815 2832 adhibebantur.

172 2849 177 2854 ¹
200 2850 231 2871 v.
242 2839 381 2873 23-26.
397 2843 506 2875 Omnis
518 2846 681 2885 stristimm

683 2857 715 2876 m
726 2852 799 2875 cett.
826 2844 918 2876 Aris-

951 1719 1046 1758 tulit3
1060 1725 1093 1751 at
1109 1719 1261 1760 cynicus,
1275 1720 1331 1761 qui
1344 1718 1560 1760 philosophica
1573 1720 1724 1761 patientia

952 1763 1059 1803 pallio,
1074 1774 1093 1794 e
1107 1764 1257 1795 crassiore
1277 1773 1385 1804 panno
1405 1764 1558 1800 confecto.
1585 1775 1653 1796 sese
1674 1765 1723 1795 in-

953 1807 1060 1844 volvit,
1072 1806 1124 1836 vix
1138 1807 1295 1844 decenter,
1311 1815 1398 1847 puto,
1415 1808 1456 1838 ad
1470 1808 1607 1838 fortune
1621 1818 1725 1850 quan·

954 1849 1029 1880 dam
1064 1849 1273 1880 mutationem
1301 1860 1368 1880 sese
1403 1851 1663 1882 accommodabit.
1680 1870 1726 1877 —

956 1895 1047 1928 color,
1064 1899 1194 1923 externa
1214 1893 1351 1923 fortunae
1372 1894 1491 1932 species
1512 1900 1545 1924 et
1564 1895 1724 1934 conditio;

954 1946 1052 1975 supra
1065 1935 1129 1966 Sat.
1148 1935 1198 1966 11.
1215 1934 1243 1966 l.
1255 1935 1308 1967 60.
1331 1938 1479 1977 Quisquis
1489 1939 1544 1968 erit
1557 1940 1628 1968 vicoe
1638 1941 1729 1970 color.

997 1988 1027 2008 v.
1054 1977 1109 2008 25.
1137 1980 1223 2019 dupl.
1249 1990 1358 2020 panno
1380 1997 1426 2004 —-
1446 1991 1577 2020 pannus
1602 1983 1727 2022 duplet,

957 2020 1094 2063 (ἶῖσλιξ,
1118 2020 1230 2061 δέμνι’
1254 2021 1342 2060 apud
1364 2022 1466 2053 Hom.
1486 2023 1527 2053 Il.
1555 2023 1629 2055 ῙῙῙ.
1650 2023 1725 2056 126.

955 2072 1160 2105 opponuntur
1171 2064 1321 2098 ἅπλιΐδες.
1338 2068 1497 2106 Boeuiger.
1517 2068 1625 2099 Vama.
1639 2069 1728 2100 Gem-

959 2107 1053 2138 Tom.
1077 2108 1102 2138 1.
1125 2106 1174 2138 ll.
1192 2107 1224 2138 3.
1242 2119 1274 2148 p.
1292 2107 1365 2149 39.)
1380 2109 1522 2146 crassior,
1538 2110 1672 2147 densior,
1691 2120 1727 2143 ut

957 2152 1131 2182 amiculum
1145 2153 1258 2192 duple:
1271 2152 1358 2191 apud
1375 2153 1472 2183 Com.
1492 2153 1578 2192 Nep.
1594 2154 1725 2185 Datam-

957 2205 984 2225 c.
1003 2193 1055 2232 3.;
1082 2194 1136 2225 alii
1159 2196 1315 2235 duplicem
1334 2207 1485 2236 pannum
1506 2197 1667 2237 accipiunt
1688 2198 1729 2229 de

958 2238 1065 2277 pallio,
1081 2237 1168 2277 quod
1182 2249 1277 2277 super
1290 2238 1425 2270 alterum
1444 2240 1616 2270 humerum
1629 2241 1728 2282 rejec-

959 2288 1029 2311 tum
1043 2281 1133 2322 quasi
1153 2281 1349 2321 duplicetur3
1373 2282 1428 2312 sed
1449 2282 1571 2324 adjecta
1584 2294 1645 2314 vox
1665 2296 1727 2325 pa-

960 2326 1068 2356 tientia
1083 2325 1157 2355 saxis
1170 2325 1316 2362 ostendit,
1330 2336 1507 2356 sermonem
1522 2337 1590 2356 ense
1603 2327 1643 2357 de
1656 2328 1727 2367 pal-

960 2367 1005 2399 lio
1018 2369 1139 2406 corpori
1153 2368 1325 2400 admodum
1341 2370 1430 2410 gravi
1442 2377 1536 2410 atque
1549 2369 1693 2401 molesto.

967 2418 970 2421 ⁴
1002 2421 1031 2440 v.
1050 2410 1103 2441 26.
1122 2414 1192 2442 viloe
1211 2415 1260 2443 via
1277 2423 1435 2450 com-ersa,
1455 2419 1577 2444 mutata
1588 2413 1726 2452 fortuna,

959 2460 1080 2485 mutata
1096 2454 1166 2485 vitae
1179 2455 1268 2486 ratio.

1002 2508 1032 2528 v.
1050 2497 1191 2529 27-32.
1213 2502 1305 2531 Alter
1320 2511 1457 2540 purpur.
1483 2505 1556 2530 cett.
1591 2500 1728 2542 Aristip-

959 2552 1029 2582 pus
1044 2543 1104 2572 iter
1117 2541 1268 2580 facturus
1291 2553 1356 2573 non
1371 2542 1560 2573 desiderabit
1573 2543 1734 2583 amictum⁹

960 2585 1172 2625 splendidum,
1188 2585 1243 2616 sed
1255 2586 1396 2626 qualibet
1409 2586 1459 2616 vel
1477 2586 1628 2617 vilissima
1641 2595 1727 2619 voete

959 2628 1091 2659 indutus
1115 2629 1185 2659 loca
1209 2630 1410 2670 celeberrima
1430 2630 1616 2670 peragrabit,
1639 2632 1726 2662 etin

958 2679 1092 2712 utraque
1106 2679 1197 2709 sorte,
1213 2672 1277 2703 sive
1286 2673 1421 2703 amictus
1430 2673 1561 2712 pulcher
1571 2679 1603 2703 et
1610 2675 1726 2713 tenuis,

959 2716 1024 2746 sive
1038 2715 1108 2746 vilis
1130 2722 1162 2746 et
1183 2726 1304 2746 crassus
1317 2716 1348 2746 ei
1362 2715 1533 2756 gestandus
1552 2717 1602 2754 sit,
1625 2724 1728 2757 partes

960 2769 1031 2789 suas
1046 2766 1117 2799 apte
1132 2759 1312 2796 sustinebit3
1327 2765 1360 2789 at
1373 2760 1416 2799 (Σ)
1422 2760 1512 2789 nicus
1525 2759 1725 2801 chlamydem

959 2805 982 2832 e'
992 2802 1065 2833 lana
1078 2803 1212 2842 pretiosa
1225 2810 1415 2839 contextam,
1438 2809 1475 2832 ut
1488 2813 1556 2834 rem
1570 2803 1725 2843 pernicio-

959 2855 1027 2875 sam
1041 2853 1074 2876 et
1087 2842 1340 2882 abominabilem,
1362 2845 1486 2886 fugiet3
1572 2849 1724 2880 noriam·

159 2882 266 2924 tippus
278 2883 318 2915 ad
330 2894 455 2916 omnem
469 2887 629 2918 fortunam
644 2894 675 2918 et
688 2898 795 2918 rerum
808 2888 917 2919 condi·
946 2889 1084 2930 frigore,
1099 2891 1126 2920 si
1139 2901 1204 2919 mm
1225 2895 1309 2924 cett..
1336 2888 1377 2918 ad
1399 2889 1485 2920 hunc
1505 2888 1612 2921 locum
1632 2892 1724 2922 'vetus

159 2927 277 2957 tionem
298 2926 443 2958 decenter
455 2940 489 2960 se
502 2931 687 2971 composuit,
708 2932 826 2972 majora
844 2942 918 2962 vero
962 2932 1067 2963 Schol.
1083 2932 1174 2962 affert
1186 2933 1269 2962 haec:
1298 2933 1393 2963 aiunt
1412 2934 1619 2976 Αήετίριηιπι,
1640 2936 1722 2967 bavi-

159 2969 283 3012 asequi
306 2971 435 3003 tentavi:
458 2979 491 3004 et
512 2973 677 3013 praemia
698 2985 790 3016 aequo
811 2974 919 3008 animo

959 2982 1022 3008 tato
1037 2977 1176 3016 Diogene
1191 2978 1231 3007 ad
1246 2976 1378 3014 balneas,
1399 2977 1516 3009 dedi&
1527 2987 1664 3019 opem-n,
1685 2986 1723 3012 ut
