1904 3250
744 187 986 228 HORATH
1006 187 1224 227 METRA'.
1673 184 1766 228 xxiii

408 321 676 339 ------
708 298 726 351 n
758 323 787 330 -
803 321 834 339 υ
852 321 883 339 υ
901 324 929 331 -
1035 296 1109 338 vv:

411 363 637 402 Crescentem
655 361 820 414 sequitur
836 376 927 400 cura
942 361 1151 414 pecuniam.
1196 361 1247 398 iii.
1272 360 1332 400 16.
1358 366 1417 404 17.

195 432 349 470 Caesura
366 431 427 469 bis
444 431 584 469 omissa
600 437 682 468 est:

406 494 733 547 Dumflagrantia
751 495 934 547 detorquet
954 495 1006 532 ad
1021 494 1159 533 oscula.
1213 494 1253 531 ii.
1277 499 1337 532 12.
1360 498 1426 532 25.

405 560 493 599 Non
510 559 693 611 stipendia
716 559 991 611 Carthaginis
976 558 1110 611 :mpioex
1166 559 1217 597 iv.
1238 563 1274 597 8.
1298 564 1362 602 17.

191 628 327 667 Mirari
344 628 447 673 licet,
466 627 699 673 Bentleium,
719 627 828 672 dum,
846 627 889 664 in
907 634 986 664 not.
1005 625 1056 664 ad
1074 639 1171 664 vers.
1196 633 1353 677 poster„
1371 638 1421 664 ex
1437 638 1558 677 pausa
1575 626 1616 663 in
1635 625 1763 663 media

189 706 284 732 vooe
315 689 523 732 constituta
553 700 827 743 argumentum
860 704 996 729 versus
1022 689 1178 728 delendi
1210 697 1361 741 petens,
1396 689 1674 731 vehementior
1701 690 1760 728 uti

189 759 297 805 solet,
325 760 367 798 in
393 760 656 798 tenebrionem
684 758 809 805 illum,
839 758 909 809 qui
939 757 1046 796 hunc
1077 770 1233 795 versum
1264 757 1518 803 contexuerit,
1549 756 1760 802 invehitur,

188 826 374 879 adjecisse
387 842 398 864 ε
429 833 454 852 “
468 839 669 878 nunquam
686 839 736 864 ne
755 824 873 864 semel
891 825 1052 877 quidem
1072 825 1216 876 (sciens
1234 824 1309 863 hoc
1325 825 1491 876 affirmo)
1510 824 1684 863 discessit
1709 825 1759 862 ab

186 891 261 930 hac
298 891 565 942 (observandae
595 903 736 940 nempe
767 890 942 939 caesnrae)
976 888 1111 939 regula
1145 888 1294 927 'Noster
1335 889 1376 926 in
1414 901 1528 927 versu
1560 888 1758 940 Asclepia-

189 959 298 997 deo.”

241 1023 368 1062 Semel
386 1023 427 1060 in
446 1036 567 1074 pausa
586 1023 713 1060 brevis
731 1030 790 1060 est
809 1021 957 1073 syllaba
972 1035 982 1058 :
1018 1049 1023 1055 ,

402 1090 521 1134 Quum
539 1089 573 1127 si
591 1089 771 1142 quidquid
787 1095 873 1128 arat
894 1089 1051 1141 impiger
1070 1088 1226 1140 Apulus.
1282 1089 1335 1127 iii.
1360 1089 1420 1128 16.
1440 1089 1504 1128 26.

187 1159 332 1199 Hiatus
349 1165 407 1197 est
424 1159 464 1196 in
482 1171 603 1209 pausa
621 1158 648 1195 i.
667 1157 703 1196 6.
728 1163 787 1196 15.
807 1157 881 1196 nisi
899 1157 1006 1209 legas
1030 1157 1231 1195 Merionen.

291 1227 363 1266 Est
381 1225 422 1263 in
441 1233 564 1264 metro
582 1226 613 1263 1.
635 1225 688 1263 11.
711 1225 787 1264 111.
809 1224 878 1264 IV.

207 1300 244 1339 9.
274 1293 418 1332 Versus
445 1291 723 1343 Asclepiadeus
750 1292 874 1343 major
891 1306 921 1331 s.
940 1292 1222 1331 chon-iambicus
1248 1298 1481 1336 tetrameter,
1510 1291 1752 1330 antecedenti

288 1359 435 1405 similis,
453 1358 527 1396 nisi
547 1358 659 1410 quod>
673 1372 751 1397 uno
769 1358 898 1397 adhuc
915 1358 1139 1396 choriambo
1156 1357 1306 1396 auctior
1324 1365 1393 1396 est.

338 1450 408 1457 --·
512 1447 674 1465 -υυ-
706 1422 1164 1477 ΙΙ-υυ-ΙΙ-υυ-
1324 1439 1394 1463 u!

344 1492 437 1538 Quis
451 1497 534 1544 post
552 1491 638 1530 vina
653 1505 806 1544 gravem
824 1491 989 1529 militiam
1009 1496 1075 1529 aut
1090 1490 1304 1542 pauperiem
1324 1496 1463 1542 crepat.
1519 1491 1543 1527 i.
1568 1494 1629 1528 18.
1650 1494 1685 1527 5.

180 1556 306 1596 Semel
323 1563 475 1595 tantum
495 1568 639 1595 cmm-a
656 1562 745 1607 post
762 1554 978 1594 secundum
997 1554 1265 1593 choriambum
1284 1555 1403 1592 abest.

391 1622 715 1675 Arcaniquefidee
728 1623 889 1674 prodiga
905 1619 1131 1674 perlucidior
1147 1622 1252 1660 vitro.
1282 1622 1307 1659 i.
1330 1626 1392 1660 18.
1414 1621 1474 1660 16.

286 1689 359 1727 Est
374 1688 417 1725 in
434 1695 559 1726 metro
579 1687 626 1724 V.
1336 1710 1339 1712 -
1431 1712 1435 1714 -

180 1758 241 1791 10.
268 1753 413 1791 Versus
445 1751 766 1803 Aristophanicus
797 1766 825 1790 s.
858 1751 1140 1791 choriambicus
1167 1752 1331 1790 dimeter
1358 1750 1566 1790 catalectus
1594 1750 1635 1788 in
1662 1763 1744 1788 arn-

282 1817 527 1869 phibrachyn
548 1819 597 1868 (υ
614 1842 642 1849 -
655 1819 704 1868 υ)
724 1826 792 1856 aut
810 1817 1014 1856 bacchium
1036 1818 1085 1868 (υ
1097 1819 1194 1868 --).

550 1910 579 1916 -
590 1908 621 1926 υ
638 1907 669 1926 υ
685 1910 714 1917 -
838 1908 870 1926 υ
889 1919 915 1925 -
935 1899 991 1925 >ss

552 1949 630 1987 Cur
649 1963 762 2001 neque
780 1949 963 1987 militaris.
1018 1949 1042 1986 i.
1064 1955 1099 1987 8.
1122 1955 1157 1987 5.

281 2016 354 2054 Est
371 2014 412 2052 in
430 2021 554 2052 metro
573 2014 666 2051 V11.

177 2085 236 2117 ll.
266 2079 408 2117 Versus
442 2078 659 2130 Sapphieus
686 2079 824 2125 minor,
860 2087 1038 2117 constans
1063 2092 1110 2116 ex
1144 2078 1304 2130 dipodia
1335 2078 1528 2117 trochaica
1556 2087 1595 2117 et
1625 2092 1739 2117 versu

278 2142 530 2181 antecedenti.

434 2230 586 2249 -υ--
666 2206 879 2259 -ΙΙυυ-
1041 2219 1184 2248 υ--ψ-

432 2271 548 2309 Ludit
565 2271 715 2310 herboso
726 2284 842 2322 pecus
858 2284 962 2308 omne
979 2284 1120 2322 campo.
1147 2271 1199 2308 iii.
1224 2275 1283 2309 18.
1303 2277 1340 2316 9.

170 2336 283 2388 Saepe
301 2349 448 2375 caesura
466 2344 524 2375 est
539 2344 629 2388 post
646 2335 837 2387 syllabam
854 2337 1016 2374 brevem
1035 2344 1182 2374 sextam
1196 2351 1208 2373 ε

435 2404 600 2442 Daunioe
619 2404 773 2455 defende
800 2403 819 2457 ΙΙ
845 2404 955 2442 decus
976 2403 1155 2442 Camenoe.
1175 2403 1228 2442 iv.
1251 2403 1287 2442 6.
1308 2408 1373 2447 27.

166 2473 379 2525 praesertim
405 2473 448 2511 in
474 2473 524 2511 iv.
544 2479 568 2511 2
588 2482 627 2512 et
645 2472 681 2511 6.
701 2461 740 2511 et
757 2473 799 2511 in
818 2473 944 2510 Carm-
965 2472 1102 2512 Saecul.
1159 2473 1287 2511 Semel
1301 2479 1440 2518 neutro
1458 2473 1499 2510 in
1518 2473 1627 2510 loco:
1649 2472 1674 2508 i.
1694 2476 1733 2509 2.

168 2543 231 2577 34.
286 2538 414 2577 Graeci
442 2538 596 2592 quidem
627 2546 791 2577 utuntur
819 2538 860 2575 in
887 2538 1047 2576 exordio
1076 2552 1212 2577 versus
1244 2547 1324 2577 tam
1354 2538 1513 2590 dipodia
1540 2536 1734 2576 trochaica

164 2616 264 2654 pura
284 2603 331 2654 (—
341 2604 468 2654 υ-υ)
488 2616 606 2654 quam
620 2603 776 2654 epitrito
796 2603 968 2641 secundo
983 2628 1012 2635 -
1024 2626 1056 2644 υ
1072 2628 1152 2651 --,
1166 2603 1236 2655 qui
1250 2603 1354 2642 solus
1383 2604 1548 2642 Horatio
1573 2601 1746 2653 placuit.v

166 2669 286 2708 Porro
322 2683 507 2708 caesuram
527 2670 880 2721 -observatsquam
910 2670 1039 2709 Graeei
1070 2671 1268 2721 ignorant.
1287 2695 1342 2701 -
1362 2670 1563 2708 Interdum
1593 2681 1730 2707 versus

164 2735 410 2788 hypermeter
430 2744 499 2783 est,
519 2737 544 2774 i.
564 2751 596 2775 e.
616 2737 755 2775 ultima
773 2738 857 2788 ejus
876 2737 1028 2789 syllaba'
1044 2738 1240 2789 superflua
1266 2737 1424 2776 eliditur
1451 2735 1575 2773 vocali
1600 2749 1625 2774 a
1650 2748 1731 2786 qua

166 2801 401 2852 subsequens
418 2800 556 2852 incipit
574 2814 727 2840 versus.
760 2801 798 2838 ii.
820 2806 857 2839 2.
882 2806 942 2839 18.
962 2801 1014 2840 iv.
1035 2807 1072 2840 2.
1095 2807 1147 2840 22
1167 2809 1207 2840 et
1226 2807 1290 2840 23.
1348 2802 1473 2838 Carm.
1494 2799 1590 2837 Saec.
1608 2804 1671 2838 48.

272 2868 372 2906 Est
361 2881 403 2905 m
421 2875 545 2907 metro
565 2868 634 2906 VI.
1523 2888 1525 2890 ·

170 2939 230 2972 12.
256 2934 420 2974 Versus·
433 2937 651 2988 Sapphicus
680 2938 811 2988 major.
869 2939 1006 3022 θεὲῐὲι·
1038 2953 1086 2977 ex
1116 2953 1230 2977 versu
1261 2936 1455 2987 Sapphico
1491 2937 1726 2987 praecedenti
