1904 3250
245 147 333 186 330

885 144 1194 190 HORATII

1665 156 1783 205 [uns
1797 167 1828 196 ι.

368 271 567 325 Viverem
588 271 648 312 uti
669 279 891 313 contentus
912 287 977 322 eo,
998 273 1115 329 quod
1133 271 1194 314 mi
1212 274 1304 330 ipse
1322 284 1534 331 parasset:

369 341 524 383 Nonne
545 341 675 391 vides,
699 339 803 382 Albi
824 349 872 382 ut
891 341 1002 383 male
1022 342 1135 384 vivat
1154 342 1267 385 filius
1281 343 1302 386 Ρ
1331 353 1462 402 utque

255 417 272 454 1
285 416 335 455 10

368 482 555 524 Perdere
577 482 670 538 quis
691 481 804 523 velit.

368 414 528 455 Barrus
549 412 704 469 inops?
733 428 937 471 magnum
957 414 1272 467 documentum,
1291 431 1348 459 ne
1365 418 1547 473 patriam
1564 426 1657 461 rem

867 483 907 524 A
928 483 1044 539 turpi
1062 483 1294 526 meretricis
1314 500 1459 529 amore

369 552 480 592 Cum
501 550 756 592 deterreret:
793 551 962 593 Sectani
982 551 1196 594 dissimilis
1216 553 1286 594 sis.
1306 580 1309 583 -
1337 593 1339 595 ,

368 623 435 664 Ne
457 638 656 679 sequerer
675 623 877 675 moechas,
900 640 1100 667 concessa
1119 641 1217 668 cum
1238 625 1406 669 Venere
1425 629 1499 670 uti'

368 691 544 733 Possem
561 708 570 733 ε
604 692 802 749 deprensi
821 708 909 735 non
930 693 1043 735 bella
1062 701 1126 735 est
1144 693 1258 736 fama
1278 694 1484 748 Treboni,
1510 728 1512 731 v

254 767 333 805 115

367 764 523 806 Aiebat
539 781 548 806 :
582 766 762 821 sapiens,
785 766 918 807 vitatu
937 766 1126 823 quidque
1145 767 1281 822 petitu

369 837 433 879 Sit
452 838 617 889 melius,
641 854 787 881 causas
809 839 959 881 reddet
979 840 1079 890 tibi3
1109 838 1169 881 mi
1191 841 1290 882 satis
1310 849 1388 892 est,
1411 842 1446 883 si

367 910 594 952 Traditum
615 912 669 953 ab
688 912 871 969 antiquis
892 928 1055 955 morem
1074 928 1256 965 servare,
1278 922 1492 972 tuamque,
1514 960 1516 962 ,
1546 936 1548 938 ·

364 980 486 1022 Dum
507 980 694 1022 custodis
715 997 828 1039 eges,
851 981 980 1023 vitam
999 981 1238 1039 famamque
1259 984 1370 1025 tueri

365 1053 629 1095 Incolumem
649 1069 823 1110 possum
840 1071 849 1095 :
883 1055 1058 1097 simulac
1078 1055 1294 1098 duraverit
1312 1064 1416 1098 aetas

252 1130 332 1168 120

366 1126 579 1177 Membra,
603 1121 875 1185 animumque
895 1135 1029 1179 tuum,
1050 1129 1172 1170 nabis
1193 1129 1283 1171 sine
1300 1130 1471 1175 cortice.
1537 1131 1607 1174 Sic
1625 1144 1694 1173 me

367 1199 596 1241 Formabat
615 1215 797 1256 puerum
818 1200 968 1251 dictis;
1000 1208 1054 1252 et,
1077 1202 1165 1244 sive
1177 1202 1370 1258 jubebat,

366 1270 430 1312 Ut
449 1269 631 1312 facerem
652 1270 769 1327 quid,
794 1269 942 1312 Habes
963 1278 1192 1323 auctorem,
1215 1287 1300 1328 quo
1320 1271 1448 1315 facias
1466 1272 1564 1324 hoc,

366 1339 515 1381 Unum
537 1355 591 1381 ex
605 1339 822 1396 judicibus
844 1340 1008 1382 selectis
1028 1340 1255 1397 objiciebat
1266 1357 1277 1391 3

367 1413 463 1455 Sive
483 1413 665 1468 vetabat,
699 1413 770 1454 An
790 1413 874 1455 hoc
892 1413 1165 1455 inhonestum
1185 1422 1228 1456 et
1245 1414 1394 1456 inutile
1414 1414 1540 1467 factu,

250 1489 331 1527 125
364 1485 524 1537 Necne,
548 1486 613 1536 sit,
636 1485 874 1537 addubites,
896 1487 1047 1544 flagret
1067 1501 1238 1528 rumore
1258 1486 1371 1529 malo
1391 1503 1489 1529 cum

364 1556 451 1598 Hic
471 1564 597 1613 atque
617 1555 720 1598 ille?
781 1556 944 1598 Avidos
963 1557 1150 1598 vicinum
1169 1556 1297 1598 funus
1317 1567 1377 1598 ut·
1392 1573 1532 1615 aegros

362 1626 606 1678 Exanimat,
628 1626 862 1683 mortisque
881 1635 999 1668 metu
1019 1627 1099 1668 sibi
1118 1642 1294 1682 parcere
1315 1627 1430 1685 cogit
1437 1643 1451 1678 3

361 1697 434 1739 Sic
455 1704 623 1738 teneros
645 1697 807 1738 animos
829 1696 966 1738 aliena
985 1697 1215 1754 opprobria
1243 1711 1357 1753 saepe

241 1848 320 1879 dum
336 1856 470 1889 quaeque
491 1856 603 1877 eorum
624 1846 755 1876 notabat
774 1844 928 1884 exemplis
942 1851 1016 1876 ante

242 1892 351 1922 oculos
365 1891 483 1931 positiS.
508 1892 683 1921 insuescere
705 1888 805 1919 active
824 1898 899 1918 cum
921 1899 1014 1919 accu-

241 1936 357 1973 sativ03
385 1933 556 1965 Columell.
577 1933 640 1963 vl.
659 1931 690 1963 4«.
716 1944 752 1963 ea
773 1943 872 1972 pecus
895 1935 1015 1964 insues-

241 1990 305 2010 cas.
395 1980 533 2009 ‘notando
549 1986 614 2006 non
629 1986 703 2007 cum
721 1977 905 2019 Heindorflo
919 1976 959 2006 ad
976 1976 1012 2005 fi-

241 2022 321 2052 lium
349 2020 569 2063 (Horatium),
597 2020 653 2050 sed
675 2019 717 2050 ad
740 2025 860 2059 patrem
881 2020 1014 2050 omnino

241 2065 443 2096 referendum
481 2075 557 2100 esse,
588 2064 664 2094 satis
692 2063 807 2094 docent
839 2064 1012 2104 sequentia,

240 2110 306 2140 sive
319 2109 387 2147 ipsa
402 2108 549 2147 exempla
563 2119 582 2138 a
594 2114 685 2147 patre
699 2106 867 2146 proposita.

285 2163 312 2183 v.
331 2150 512 2183 109-115,
532 2150 608 2182 Albi
621 2153 761 2194 —filius
774 2168 818 2174 —
833 2149 919 2181 filius
933 2152 1018 2181 Albia·

239 2196 429 2237 cujusdam3
518 2197 646 2226 Barrus
671 2197 822 2226 Sectanus
845 2199 876 2224 et
903 2196 1017 2225 Trebo-

240 2242 316 2271 nius
331 2240 464 2270 fuerunt
477 2239 570 2269 malae
585 2246 669 2268 notae
684 2238 838 2274 hominm,
854 2237 929 2268 satis
941 2246 1012 2268 tum

244 2280 401 2315 Romanis
414 2281 492 2313 noti.
584 2283 666 2313 male
688 2283 780 2318 vivat,
803 2287 912 2320 turpes
925 2281 1012 2312 enim

240 2327 388 2358 libidines
423 2325 537 2356 misera
573 2332 605 2355 et
632 2324 734 2364 turpis
762 2324 826 2355 vita
857 2324 1009 2366 sequitur.

241 2374 368 2403 Barrus
382 2370 447 2406 sive
467 2371 587 2406 Baras,
612 2368 652 2399 de
674 2379 739 2409 quo
765 2367 868 2399 Schol.
893 2368 1010 2408 Porph.

241 2417 307 2447 Hic
324 2417 449 2446 Barrus
462 2414 615 2444 vilissimoe
627 2413 762 2443 libidinis
769 2413 853 2454 fuit,
876 2414 960 2449 adeo,
977 2418 1015 2443 ut

243 2460 414 2490 AEmiliam
442 2457 594 2497 virginem
623 2458 794 2492 incestasse,
819 2457 921 2486 dictus
950 2456 987 2486 sic
999 2471 1012 2492 ;

240 2509 323 2533 certe
351 2502 512 2533 adulteras
536 2501 743 2530 sincerissima
768 2501 824 2540 (an
849 2500 1010 2530 insanissi-

240 2558 293 2577 ma
306 2545 341 2586 ?)
358 2545 528 2586 cupiditate
542 2545 727 2580 sectabatur,
744 2542 818 2573 alibi
832 2552 960 2583 quoque
971 2543 1010 2573 ab

243 2588 382 2620 Horatio
393 2594 431 2619 ut
443 2588 539 2618 homo
560 2596 697 2627 nequam
719 2592 751 2616 et
771 2585 898 2625 ineptus
919 2592 1010 2616 nota-

241 2639 311 2671 tur3
334 2632 420 2663 conf.
439 2631 506 2662 Sat.
528 2629 557 2660 1.
575 2629 606 2660 6.
621 2629 653 2660 3.
672 2636 705 2660 et
728 2630 791 2660 Sat.
812 2629 843 2659 Ι.
861 2627 891 2659 7.
917 2627 949 2659 8.
967 2646 1010 2653 —

241 2680 324 2708 Cum
338 2678 503 2707 deterreret
515 2683 558 2705 sc.
574 2680 672 2713 pater.

238 2720 404 2751 adulterio.

284 2774 313 2794 v.
343 2762 406 2794 115
435 2772 499 2803 seq.
537 2762 676 2802 Sapiens,
706 2761 806 2791 vitatu
829 2764 901 2789 cett.

1057 1856 1119 1887 que
1134 1851 1166 1876 et
1185 1856 1220 1877 ve
1239 1845 1355 1885 saepius
1367 1845 1566 1878 librariorum
1579 1847 1744 1883 offitaufia
1757 1859 1827 1889 per.

1057 1888 1189 1919 mutatis
1201 1898 1231 1919 v.
1250 1900 1346 1930 supra
1358 1889 1400 1920 ad
1414 1900 1444 1922 v.
1461 1889 1514 1922 75.
1539 1894 1644 1924 Bentl.
1663 1892 1705 1924 ad
1722 1893 1825 1934 Epist.

1060 1931 1140 2006 L28.
1166 1931 1198 1963 5.
1214 1940 1247 1964 et
1269 1935 1431 1966 Drakenb.
1452 1934 1494 1966 ad
1515 1934 1588 1966 Liv.
1610 1935 1751 1968 XXIV.
1773 1935 1823 1969 10.

1102 2031 1132 2051 v.
1154 2018 1227 2051 119.
1244 2022 1416 2057 duraverit,
1431 2023 1683 2056 corroboraverit.

1101 2074 1130 2094 v.
1152 2062 1225 2095 120.
1251 2066 1342 2096 nabis
1364 2066 1429 2096 sine
1453 2067 1574 2105 cortice,
1596 2076 1666 2098 non
1688 2066 1826 2108 amplius

1060 2107 1158 2147 patris
1171 2118 1248 2139 cura
1257 2114 1290 2139 et
1303 2108 1447 2140 custodia
1460 2110 1576 2150 egebis,
1591 2109 1684 2143 sicuti
1698 2109 1755 2148 illi,
1769 2111 1826 2152 qui

1060 2157 1159 2182 artem
1183 2151 1314 2182 natandi
1337 2158 1456 2190 tenent,
1484 2163 1549 2184 non
1573 2153 1710 2194 amplius
1730 2161 1827 2196 egent

1059 2196 1176 2226 cortice
1190 2195 1240 2226 vel
1254 2196 1375 2232 subere,
1387 2196 1480 2238 cujus
1489 2196 1589 2227 ventri
1602 2197 1755 2238 suppositi
1765 2207 1826 2238 ope

1054 2238 1184 2269 natandi
1200 2239 1260 2270 arti
1274 2249 1369 2278 opera
1382 2239 1484 2270 datur.

1099 2293 1128 2313 v.
1146 2281 1326 2313 121-125.
1338 2289 1378 2320 et,
1397 2283 1595 2324 sivejubebat
1608 2289 1682 2316 cett.
1700 2289 1743 2322 et,
1758 2284 1824 2316 sive

1055 2325 1097 2356 ad
1111 2325 1231 2367 aliquid
1245 2325 1427 2358 faciendum
1440 2337 1494 2358 me
1506 2326 1696 2368 impellebat,
1719 2337 1823 2359 unum

1058 2379 1098 2400 ex
1112 2369 1234 2400 selectis
1243 2369 1405 2412 judicibus
1418 2370 1573 2411 exemplo,
1588 2370 1675 2413 quod
1688 2380 1749 2413 ego
1761 2370 1823 2401 im-

1057 2411 1161 2450 itarer,
1177 2413 1256 2444 mihi
1276 2415 1480 2454 proponebat,
1492 2413 1680 2455 (officiebat)
1695 2414 1819 2446 dicens:

1057 2466 1099 2486 en
1114 2457 1210 2487 habes
1222 2463 1394 2495 auctorem,
1410 2467 1474 2499 quo
1488 2458 1550 2488 hoc
1561 2457 1678 2490 facias!
1694 2457 1759 2488 sive
1769 2468 1823 2489 me

1053 2499 1173 2540 aliquid
1185 2499 1290 2531 facere
1304 2502 1438 2538 vetabat,
1460 2510 1513 2538 an,
1535 2500 1668 2538 dicebat,
1691 2510 1765 2532 cum
1781 2503 1822 2533 ob

1052 2541 1148 2580 idem,
1175 2543 1263 2583 quod
1286 2549 1323 2574 tu
1344 2549 1456 2581 tentas,
1477 2543 1530 2575 hic
1550 2550 1646 2586 atque
1665 2543 1720 2574 ille
1737 2545 1822 2576 male

1053 2585 1172 2624 audiat,
1198 2586 1374 2623 addubites,
1400 2592 1511 2618 utrum
1535 2586 1568 2618 id
1588 2587 1756 2619 honestum
1778 2599 1822 2620 au

1052 2629 1266 2667 inhonestum,
1282 2636 1391 2660 utrum
1405 2629 1485 2661 utile
1504 2641 1547 2662 an
1566 2630 1680 2662 inutile
1701 2630 1765 2662 sit?
1785 2644 1821 2664 e:

762 2674 903 2713 deprensi
917 2681 960 2702 sc.
975 2672 1011 2702 in
1042 2672 1208 2712 judicibus
1237 2675 1362 2704 selectis.
1391 2672 1496 2704 Schol.
1523 2673 1620 2714 Cruq.
1645 2676 1821 2718 proferebat

1053 2718 1088 2746 in
1101 2718 1274 2757 exemplum
1287 2718 1391 2748 virum
1412 2718 1547 2758 aliquem
1563 2719 1712 2750 illustrem
1725 2729 1762 2750 ez
1774 2729 1822 2750 se-

930 2758 1008 2799 quid
1050 2761 1170 2791 natorio
1194 2762 1243 2791 vel
1267 2762 1401 2801 equestri
1425 2762 1542 2798 ordine,
1569 2763 1626 2803 qui
1648 2763 1819 2804 aliquando

238 2807 355 2838 rectius
370 2807 448 2838 vites
461 2811 519 2837 aut
531 2804 647 2836 rectius
660 2809 758 2843 petas,
781 2801 815 2833 id
835 2801 938 2833 ailatis
957 2812 1007 2832 ra·
1042 2809 1172 2843 propter
1186 2805 1364 2844 aequieatem
1378 2809 1409 2835 et
1419 2802 1584 2844 justitiam
1594 2805 1712 2847 suerat
1725 2808 1816 2838 selec-

239 2850 379 2882 tionibus
394 2858 425 2881 te
439 2847 563 2881 docebit
576 2847 720 2887 sapiens3
735 2864 779 2872 —
792 2855 850 2886 pro
871 2847 1008 2887 quidque

239 2894 413 2935 legendum
435 2892 566 2924 omnino
586 2891 710 2929 videtur
730 2891 852 2932 quidve,
877 2900 951 2919 nam
966 2891 1010 2921 vi·

239 2945 308 2969 tare
323 2945 355 2969 et
376 2945 483 2978 petere
504 2941 580 2968 sunt
601 2934 762 2977 oppositu
789 2933 828 2966 de
850 2933 1011 2974 particulis

1051 2852 1101 2877 tus
1125 2848 1160 2878 in
1177 2846 1325 2887 judiees,-
1361 2846 1402 2878 de
1429 2849 1545 2880 relectis
1563 2848 1726 2888 judicibus
1751 2848 1813 2880 vid.

1054 2891 1183 2922 Ernest.
1205 2890 1294 2921 Clav.
1316 2889 1382 2922 Cic.
1401 2901 1425 2922 s-
1444 2900 1473 2921 v.
1486 2893 1624 2926 selectus.
1692 2894 1818 2927 Antioc

1053 2943 1127 2973 pro:
1147 2941 1255 2966 utrum
1270 2935 1339 2966 hoc.
1433 2977 1468 3008 ll
