1904 3250
635 317 698 374 Q.
738 315 847 366 ΗΟ
863 315 1093 365 RATII
1129 317 1412 387 FLACCI

453 519 1586 581 EPISTOLARUM

782 723 939 759 LIBER
968 724 1265 761 SECUNDUS.

776 1112 1189 1156 EPISTOLA
1234 1115 1270 1157 Ι.

828 1256 898 1287 AD
925 1256 1213 1290 AUGUSTUM.

345 1377 481 1437 ‘CUM
501 1399 564 1434 tot
584 1392 789 1433 sustineas
810 1401 852 1433 et
873 1399 990 1433 tanta
1009 1394 1180 1450 negotia
1200 1394 1327 1445 solus,

346 1462 436 1504 Res
458 1461 586 1504 Italas
607 1461 734 1503 armis
754 1461 916 1512 tuteris,
932 1461 1127 1505 moribus
1148 1477 1287 1514 ornes,

348 1535 537 1593 Legibus
558 1533 780 1584 emendes3
811 1535 856 1575 in
875 1534 1048 1590 publica
1067 1535 1292 1577 commoda
1309 1551 1494 1592 peccem,

347 1604 395 1646 Si
413 1603 543 1662 longo
564 1618 757 1645 sermone
777 1618 919 1646 morer
940 1610 1013 1644 tua
1032 1610 1238 1659 tempora,
1263 1603 1421 1647 Caesar.

286 1678 312 1718 5
346 1676 570 1727 Romulus,
592 1683 635 1717 et
655 1675 788 1717 Liber
806 1684 941 1732 pater,
963 1682 1006 1717 et
1026 1690 1124 1717 cum
1146 1676 1322 1719 Castore
1345 1677 1516 1728 Pollux,

423 1806 455 1837 E
468 1805 497 1836 P
508 1804 526 1835 1
539 1806 562 1837 S
572 1805 603 1837 T
614 1805 645 1837 O
658 1805 688 1836 L
700 1805 733 1835 A
767 1805 797 1836 Ι.

474 1893 534 1923 An
550 1895 745 1924 Aucusoeuu.

274 1980 449 2021 Postquam
463 1986 557 2019 poeta
571 1979 605 2009 in
619 1979 720 2019 prima
733 1979 830 2021 hujus
844 1979 998 2019 Epistolae

227 2032 315 2065 parte
340 2023 481 2054 laudavit
508 2023 619 2063 populi
640 2023 780 2054 Romani
801 2023 995 2062 sapientiam,

227 2079 291 2109 qua
304 2068 368 2104 ille,
393 2077 468 2098 cum
490 2066 588 2107 vulgo
612 2075 683 2106 post
705 2072 841 2097 mortem
865 2066 997 2097 demum

227 2112 359 2142 virtutes
371 2110 539 2141 hominum
554 2117 766 2151 agnoscantur
780 2117 811 2141 et
821 2116 906 2141 recte
914 2110 997 2141 aesti-

226 2163 363 2191 meritur,
375 2154 443 2196 jam
457 2164 544 2184 nunc
562 2155 749 2194 Augustum
764 2161 801 2184 ut
810 2160 997 2192 praesentem

227 2199 324 2230 deum
340 2203 525 2234 veneretur3
549 2196 682 2228 summis
698 2197 839 2238 Augusti
850 2196 998 2228 laudibus

227 2242 404 2283 praemissis,
430 2240 471 2271 de
487 2241 575 2281 justo
598 2240 697 2278 pretio
721 2247 786 2271 tam
811 2240 997 2281 antiquiori-

226 2288 297 2324 bus,
320 2295 418 2327 quam
441 2283 677 2322 recentioribus,
703 2284 804 2324 poetis
828 2283 997 2315 statuendo

269 2330 303 2360 it.

227 2341 298 2403 agv.
327 2371 421 2403 1-4,
448 2373 530 2403 Cum
544 2376 587 2402 tot
611 2372 764 2402 sustineas
788 2377 860 2401 cett.
910 2371 994 2401 Vul-

225 2417 319 2459 garis,
335 2416 390 2446 sed
405 2414 542 2455 elegans,
562 2413 717 2444 inferioris
738 2413 780 2445 ad
801 2414 993 2454 superiorem

226 2459 389 2491 scribentis
410 2457 585 2489 excusatio:
614 2457 648 2487 Si
675 2457 779 2488 ausim
807 2463 848 2494 te,
876 2458 991 2494 Caesav,

225 2504 325 2544 longo
339 2512 482 2532 sermone
497 2500 636 2532 detinere
650 2507 682 2531 et
695 2511 824 2531 avocare
837 2512 857 2531 a
875 2502 995 2542 gravis-

227 2547 316 2578 simis
329 2545 474 2587 negotiis,
496 2544 612 2584 quibus
631 2550 669 2574 tu
694 2554 780 2574 unus
803 2551 869 2575 tam
891 2554 995 2575 armo-

227 2600 302 2622 rum
330 2589 470 2629 potentia
498 2587 603 2618 Ilaliae
631 2587 830 2618 securitatem
856 2594 992 2627 praestas,

226 2644 326 2676 quam
360 2632 485 2674 legibus
519 2630 708 2662 salutaribus
742 2630 852 2670 populi
890 2641 994 2662 mores

227 2676 442 2709 emendandos
455 2685 556 2712 curas,
571 2673 710 2714 profecto
724 2674 899 2708 commoda,
922 2684 995 2714 quae

227 2728 265 2752 tu
279 2731 369 2761 paras
382 2719 511 2762 populo,
525 2727 587 2760 ego
606 2719 732 2749 turbare
757 2724 790 2748 et
811 2716 995 2757 intercipere

227 2765 343 2796 videar.

272 2819 302 2839 v.
331 2806 360 2838 l.
383 2809 474 2843 solus,
489 2811 581 2836 antea
593 2803 679 2836 enim
694 2814 789 2844 penes
804 2803 909 2843 plures
922 2804 992 2835 fue-

229 2853 398 2884 rat'rerum
413 2849 611 2891 publicarum
625 2847 860 2879 administratio.

272 2906 301 2926 v.
326 2894 359 2933 2,
382 2893 415 2926 3.
447 2895 583 2927 moribus
605 2903 703 2929 ornes,
728 2893 866 2933 Legibus
887 2903 989 2925 emen-

1041 1807 1093 1837 des
1113 1822 1158 1830 —
1178 1815 1252 1845 pro:
1285 1806 1422 1837 moribus
1450 1807 1590 1838 tentabat
1616 1809 1804 1840 Bentleius:

1041 1850 1212 1886 moenibus‚·
1236 1847 1292 1880 sed
1319 1860 1368 1881 res
1394 1851 1494 1881 Italas
1521 1862 1635 1882 ornare
1658 1853 1809 1884 mnibus

1040 1893 1093 1922 vix
1109 1893 1169 1923 fert
1180 1892 1345 1923 Latinitas-
1375 1893 1496 1933 Supple
1509 1893 1550 1924 ad
1563 1901 1809 1927 ornesetemen-

1041 1938 1115 1967 des:
1139 1936 1295 1975 populum
1314 1936 1507 1972 Romanum,
1523 1943 1556 1968 et
1569 1938 1637 1968 haec
1651 1948 1707 1978 per
1722 1939 1808 1970 :lm-

1040 1993 1084 2021 ρον
1113 1992 1139 2011 a·
1155 1980 1246 2022 o'arsgon
1274 1979 1358 2010 dicta
1386 1990 1453 2011 esse
1481 1987 1578 2020 puta:
1617 1981 1703 2023 leges
1732 1981 1808 2013 vitia

1040 2033 1130 2053 emen
1175 2031 1211 2053 m.
1238 2029 1271 2054 et
1300 2023 1484 2054 emendatos
1510 2024 1651 2056 moribus
1678 2032 1804 2057 ornant.

1041 2066 1182 2107 Egregie
1195 2067 1270 2098 huic
1284 2066 1354 2097 loco
1374 2066 1574 2106 respondent.
1601 2078 1674 2110 quae
1700 2069 1808 2100 Hora-

1039 2109 1103 2140 tius
1131 2109 1172 2140 de
1200 2110 1373 2141 emendatis
1399 2112 1440 2141 ab
1478 2111 1630 2151 Augusto
1664 2112 1807 2143 moribus

1040 2153 1125 2183 canit
1147 2163 1243 2194 supra
1274 2153 1338 2185 od.
1365 2154 1428 2185 IV.
1452 2153 1485 2185 5.
1514 2153 1568 2185 21.
1597 2153 1650 2185 22.
1696 2157 1808 2187 ,Nullis

1034 2198 1184 2237 polluimr
1209 2203 1293 2228 casta
1318 2199 1427 2229 domus
1448 2199 1581 2239 stupris,-
1608 2199 1680 2230 Mos
1703 2204 1732 2230 et
1757 2201 1805 2231 lea·

1038 2243 1224 2272 mendosum
1237 2242 1373 2272 edomuit
1385 2241 1484 2282 nq’as.
1534 2240 1722 2282 Respexisse
1745 2253 1804 2273 au-

1038 2289 1103 2314 tem
1140 2283 1265 2314 videtur
1302 2283 1458 2314 Horatius
1484 2284 1588 2326 legem
1615 2286 1737 2318 Juliam
1767 2288 1806 2317 de

1037 2329 1198 2358 adulteriis
1221 2334 1254 2358 et
1281 2327 1386 2368 legem
1414 2329 1550 2368 Papiam
1577 2329 1745 2369 Poppaeam
1767 2332 1806 2361 de

1036 2372 1222 2402 maritandis
1236 2372 1403 2402 ordinibus.
1431 2370 1554 2410 Scripta
1567 2377 1614 2402 est
1628 2371 1695 2402 haec
1708 2372 1804 2412 Epis-

1035 2414 1110 2451 tola,
1125 2420 1291 2454 postquam
1308 2414 1486 2455 Augustu&
1502 2419 1540 2444 ut
1552 2414 1647 2446 refert
1668 2415 1799 2447 Sueton.

1039 2457 1150 2489 Octav.
1170 2456 1223 2488 27.
1241 2468 1365 2489 ’norum
1385 2458 1550 2499 legumque
1571 2460 1710 2499 regimen
1727 2471 1803 2501 per-

1031 2507 1168 2542 petuum
1181 2507 1346 2541 receperat.

1080 2554 1109 2574 v.
1135 2542 1168 2574 4«.
1190 2546 1279 2584 longo
1292 2555 1442 2581 sermone,
1458 2549 1490 2575 et
1503 2550 1610 2575 tamen
1623 2546 1692 2576 haec
1704 2546 1801 2586 Epis-

1035 2587 1110 2624 tola,
1140 2587 1167 2617 si
1198 2587 1375 2626 Epistolam
1404 2587 1446 2618 ad
1473 2587 1605 2620 Pisones
1632 2590 1802 2630 exceperis,

1035 2630 1178 2662 omnium
1197 2630 1324 2661 Horatii
1347 2631 1563 2671 Epistolarum
1589 2638 1637 2663 est
1657 2632 1802 2674 longissi-

1036 2683 1099 2705 ma.
1149 2668 1275 2704 Scilicet
1295 2684 1362 2704 non
1380 2684 1451 2705 raro
1471 2674 1517 2705 rei
1539 2674 1684 2718 alicujus,
1705 2687 1802 2718 quam

1036 2716 1147 2758 paucis
1166 2715 1313 2756 expedire
1333 2718 1490 2754 volumus,
1517 2719 1652 2760 gravitas
1676 2721 1723 2750 vel
1744 2719 1801 2762 ju-

1035 2760 1179 2792 cundioes
1208 2770 1266 2790 nos
1293 2759 1425 2792 disertos
1453 2768 1485 2792 et
1509 2763 1653 2794 verbosos
1684 2762 1798 2795 reddit.
1862 2763 1866 2766 ’

1035 2824 1079 2831 -
1089 2810 1155 2840 tua,
1170 2803 1305 2843 negotiis
1318 2804 1382 2834 tuis
1395 2805 1559 2836 destinata.

1077 2858 1106 2878 v.
1146 2845 1264 2878 5—10.
1305 2849 1462 2880 Romulus
1504 2855 1577 2880 cett.
1627 2849 1798 2888 Romulus,

1038 2891 1193 2928 Bacchus,
1211 2890 1329 2923 Pollux
1342 2901 1416 2924 cum
1435 2892 1564 2925 Castore
1578 2898 1610 2925 et
1631 2893 1799 2932 Hercules,
