1904 3250
222 195 306 233 550

336 317 557 359 Debemur
577 316 704 357 morti
723 329 802 356 nos
822 322 1064 371 nostraque.

856 189 1170 232 HORATII

1128 315 1224 358 Sive
1244 326 1438 374 receptus

336 389 473 430 Terra
494 387 720 443 Neptunus
742 386 895 428 classes
917 386 1202 443 Aquilonibus
1223 396 1348 439 arcet,

246 465 300 503 65
334 462 465 518 Regis
486 475 607 515 opuS,
630 459 866 517 sterilisque
886 459 961 501 diu
980 459 1104 516 palus
1124 467 1306 516 aptaque
1325 462 1467 512 remis,

332 533 503 574 vicinas
524 532 650 574 urbes
671 531 745 574 alit
765 540 808 575 et
826 547 956 591 grave
976 533 1103 574 sentit
1123 540 1336 583 aratrum3

333 603 417 644 Seu
437 616 608 643 cursum
628 602 806 644 mutavit
824 603 1016 659 iniquum
1035 601 1229 660 frugibus
1250 603 1399 653 amnis,

330 671 497 712 Doctus
515 671 597 712 iter
615 670 792 712 melius:
824 671 1019 713 mortalia
1037 670 1148 713 facta
1166 671 1387 727 peribunt„

331 739 501 781 Nedum
523 755 766 782 sermonum
787 748 868 782 stet
887 740 1023 782 honos
1044 748 1087 782 et
1105 741 1242 798 gratia
1261 741 1398 783 vivax.

241 816 295 853 70
328 812 472 854 Multa
491 821 776 864 renascentur,
800 829 896 871 quae
909 815 1000 870 jam
1021 813 1224 865 cecidere,
1247 813 1496 870 cadentque,

327 886 439 936 Quae
458 902 573 928 nunc
594 895 692 928 sunt
711 887 755 928 in
776 887 952 938 honore,
976 887 1194 938 vocabula,
1218 888 1254 928 si
1273 887 1386 929 volet
1406 903 1522 938 usuS‚

324 956 466 1008 Quem
486 973 616 1014 penes
637 958 860 1000 arbitrium
880 966 944 1000 est
963 966 1006 1000 et
1021 961 1093 1014 jus
1113 966 1156 999 et
1174 973 1325 999 norma
1344 958 1561 1015 loquendi.

383 1030 470 1072 Res
490 1038 622 1088 gestae
643 1045 877 1088 regumque
898 1031 1139 1088 ducumque
1160 1039 1202 1073 et
1222 1031 1358 1072 tristia
1376 1031 1502 1082 bella,

325 1100 427 1150 Quo
448 1101 575 1143 scribi
595 1110 772 1157 possent
791 1111 985 1153 numero,
1007 1101 1257 1143 monstravit
1279 1101 1509 1143 Homerus.

238 1176 264 1214 7
268 1176 294 1214 5
325 1172 546 1225 Versibus,
568 1175 786 1230 impariter
800 1175 972 1232 junctis,
995 1175 1258 1231 querimonia
1276 1175 1476 1231 primum,

325 1245 429 1287 Post
449 1246 576 1288 etiam
595 1246 759 1288 inclusa
779 1255 843 1288 est
863 1247 951 1288 voti
973 1248 1180 1288 sententia
1199 1261 1388 1303 compos.

326 1315 436 1365 Quis
457 1325 599 1358 tamen
620 1316 798 1374 exiguos
820 1317 962 1375 elegos
983 1317 1168 1358 emiserit
1187 1324 1347 1368 auctor,

204 1438 241 1463 ut
262 1434 404 1464 observat
420 1433 493 1464 Vet.
514 1432 632 1471 SchoL,
651 1432 791 1464 Paludes
814 1433 971 1465 Pontinae.

180 1513 182 1515 ‚
205 1476 242 1516 3)
260 1477 409 1507 Mutatus
423 1478 463 1508 ab
480 1477 641 1518 Augusto,
657 1483 689 1508 et
702 1479 742 1508 ab
757 1477 974 1508 inundationi-

203 1522 265 1551 bus
285 1519 443 1551 derivatus
467 1519 589 1551 Tiberis
610 1531 730 1551 cursus.
759 1522 888 1552 Sueten.
910 1520 976 1551 Oc-

205 1571 267 1595 tav.
285 1573 312 1594 c.
330 1563 384 1594 30.
474 1565 543 1595 Sive
557 1571 694 1604 receptus
709 1570 797 1603 cett„
814 1574 898 1600 nam,
914 1566 976 1595 sive

206 1613 347 1648 receptus
378 1610 478 1640 Terra
503 1609 677 1648 Neptunus
700 1610 801 1649 (mare
822 1607 857 1637 in
871 1607 976 1638 sinum

163 1683 166 1687 ,
205 1658 296 1682 terrae
318 1650 495 1691 receptum)
517 1652 624 1682 classes
651 1653 858 1692 Aquilonibus
879 1657 975 1688 arcet,

205 1694 344 1737 (inversa
368 1694 571 1732 constructio,
596 1701 634 1725 ut
659 1705 742 1734 saepe
763 1694 849 1734 apud
873 1694 980 1735 Virgi-

203 1738 296 1776 lium,
326 1748 403 1778 pro:
443 1737 608 1779 aquilones
636 1749 656 1768 a
685 1738 836 1769 classibus
865 1737 977 1778 arcet.)

205 1783 302 1823 Regis
315 1792 404 1823 opus,
423 1783 519 1824 (opus
532 1780 837 1821 splendidissimum)
853 1783 979 1813 sterilis-

203 1837 265 1867 que
287 1826 344 1857 diu
362 1826 465 1866 palus,
487 1831 620 1866 aptaque
641 1826 735 1856 remis
752 1825 978 1867 (navigabilis),

213 1871 336 1901 Vicinos
353 1867 472 1910 (nunc)
487 1870 580 1900 urbes
600 1870 668 1903 alit,
684 1874 712 1900 et
723 1879 819 1909 grave
833 1875 979 1900 aratrum

204 1914 299 1944 sentit
343 1913 462 1954 (aratro
498 1912 749 1952 proscinditur);
784 1915 845 1944 Seu
874 1914 979 1944 amnis

207 1955 363 1997 (Tiberis)
389 1966 520 1987 cursum
541 1957 691 1997 iniquum
699 1956 854 1997 ,frugibus
870 1957 978 1997 (agro-

204 2009 279 2030 rum
303 1998 420 2038 cultui)
443 2000 587 2036 mutavit,
617 2001 739 2030 Doctus
759 2001 819 2030 iter
839 2000 974 2036 melius,-

208 2042 328 2085 (delabi
349 2042 469 2073 scilicet
489 2041 610 2078 itinere,
633 2042 720 2073 haud
734 2042 871 2082 amplius
884 2052 973 2083 agro-

205 2096 279 2117 rum
301 2086 403 2117 cultui
427 2085 573 2125 infesto.)
588 2086 657 2116 haec
671 2085 778 2116 omnia
792 2092 868 2116 sunt
883 2096 977 2124 opera

205 2129 360 2166 mortalia,
389 2139 461 2170 quae
489 2128 659 2169 peribunt;
697 2129 858 2171 quomodo
879 2129 978 2170 igitur

206 2184 386 2205 sermonum
400 2175 497 2204 honor
518 2172 694 2214 (splendor)
718 2179 748 2204 et
767 2175 873 2213 gratia
897 2172 977 2215 (ele-

207 2216 330 2259 gantia)
347 2218 435 2249 vivax
449 2222 506 2248 stet
519 2217 536 2247 ἓ
562 2217 642 2258 (11011
657 2223 762 2255 pereat
773 2217 803 2255 Ρ)

253 2271 282 2291 v.
299 2259 352 2291 65.
379 2261 473 2301 Regis
487 2271 572 2300 opus,
587 2261 672 2298 regia
687 2266 720 2290 et
736 2262 850 2301 regalia
866 2259 978 2290 dicun-

206 2310 269 2340 tur.
285 2314 358 2345 quae
377 2314 503 2335 summa
523 2303 758 2344 magnificentia
779 2303 978 2344 exsplendes-

208 2354 308 2385 cunt3
331 2347 375 2378 sic
397 2346 531 2377 aediiicia
550 2346 733 2387 ingentibus
754 2347 910 2378 sumtibus
924 2356 978 2378 ex-

207 2397 326 2422 structa
349 2401 445 2430 supra
470 2390 532 2421 od.
555 2390 606 2421 Ii.
633 2389 681 2420 15.
705 2389 733 2421 l.
758 2390 909 2422 dicuntur
928 2402 978 2422 re-

207 2437 267 2476 giae
290 2436 393 2466 moles.
419 2445 494 2474 pro:
519 2435 690 2474 sterilisque
712 2436 792 2465 bene
815 2436 978 2466 Bentleius

207 2478 345 2508 malebat
372 2479 540 2514 sterilisve,·
565 2476 599 2506 in
627 2478 787 2517 particulis
808 2478 894 2508 enim
917 2490 978 2519 que

207 2528 240 2552 et
253 2532 288 2553 ve
304 2530 368 2552 non
382 2521 466 2561 apud
492 2520 663 2551 Horatium
679 2527 812 2558 tantum,
829 2528 867 2552 ut
880 2522 978 2561 pluri-

207 2566 268 2596 bus
282 2564 360 2595 locis
373 2564 615 2600 observavimus,
627 2563 681 2595 sed
694 2565 788 2596 etiam
803 2565 889 2605 apud
904 2565 984 2597 alios

208 2609 373 2648 scriptores
392 2607 562 2648 saepissime
586 2616 750 2648 peccatum
775 2615 822 2639 est
843 2619 862 2639 a
884 2608 978 2640 libra·

208 2652 272 2682 riis.
323 2652 364 2682 Iu
393 2661 469 2682 voce
491 2653 586 2692 palus
613 2651 727 2682 ultima
757 2658 865 2682 contra
893 2653 980 2693 leges

208 2695 354 2726 metricas
368 2700 509 2735 correpta
523 2701 591 2733 est3
614 2694 668 2725 sed
683 2695 778 2732 idem,
794 2702 831 2726 ut
853 2698 975 2728 Servius

209 2746 242 2770 et
266 2741 452 2771 Priscianus
479 2740 653 2776 observant,
683 2747 913 2779 nonnunquam
941 2741 974 2770 in

209 2784 299 2814 tellus
314 2790 345 2813 et
358 2788 499 2814 senectus
512 2782 631 2813 factum
651 2788 707 2813 est.
756 2782 860 2812 Satius
878 2782 976 2824 igitur

210 2826 342 2862 videtur,
370 2826 403 2856 in
425 2826 484 2856 bac
517 2825 803 2857 Grammaticorum
832 2827 975 2857 observa-

211 2869 296 2900 tione
333 2869 538 2910 acquiescere,
579 2879 675 2910 quam
713 2869 794 2906 loco,
831 2870 974 2900 omnium

214 2912 316 2943 Codd.
334 2913 517 2944 auctoritate
531 2913 723 2948 confirmato,
740 2912 791 2943 vel
812 2918 975 2953 transpon-

212 2955 303 2992 endo,
318 2956 368 2986 vel
383 2956 592 2995 immutando,
606 2956 671 2987 vim
687 2956 812 2987 inferre.

254 3009 282 3028 v.
302 2998 442 3030 73-85.
468 3003 593 3033 Sea-tum
618 3003 840 3042 Praeceptum:
877 2999 976 3031 “Res

1018 1433 1149 1464 diversae
1175 1432 1297 1464 diversa
1317 1433 1479 1472 postulant
1499 1442 1647 1464 versuum
1661 1444 1788 1475 genera.

1021 1478 1087 1508 Res
1100 1482 1197 1518 gestae
1212 1483 1243 1506 et
1258 1476 1350 1513 bella,
1366 1481 1528 1517 praeeunte
1545 1477 1700 1514 Homero,
1723 1479 1786 1508 cel·

1019 1521 1167 1551 ebt-antur
1181 1521 1384 1557 hexametris;
1401 1520 1541 1551 carmine
1556 1520 1708 1561 Eleg'nco
1722 1531 1787 1552 non

1018 1563 1110 1595 dolor
1130 1570 1264 1598 tantum,
1287 1570 1325 1594 ut
1345 1563 1447 1603 prima
1467 1563 1640 1604 elegiarum
1654 1564 1786 1605 origine,

1020 1606 1060 1638 de
1075 1608 1168 1638 rebus
1191 1607 1340 1644 tristibus,
1362 1606 1417 1638 sed
1439 1607 1534 1637 etiam
1555 1617 1666 1638 seusus
1687 1607 1788 1639 laetior

1021 1650 1061 1681 de
1075 1650 1123 1687 iis,
1138 1661 1210 1692 quae
1224 1660 1263 1681 cx
1285 1657 1358 1681 voto
1383 1655 1552 1688 cesserunt,
1579 1650 1787 1690 exprimituu

1022 1703 1131 1725 versus
1157 1693 1208 1724 vel
1229 1704 1285 1733 pes
1304 1694 1468 1744 iambicus,
1489 1703 1554 1734 quo
1579 1693 1788 1726 Archilochus

1022 1737 1144 1777 primus
1165 1737 1342 1777 composuit
1365 1737 1506 1768 earmina
1529 1737 1691 1776 maledica,
1713 1748 1787 1769 cum

1021 1787 1114 1821 aptus
1127 1787 1207 1811 esset
1227 1780 1425 1811 sermonibus
1448 1780 1617 1812 miscendis
1639 1786 1673 1811 et
1695 1783 1790 1822 rebus

1023 1824 1163 1864 agendis,
1179 1824 1295 1859 locum,
1320 1824 1375 1855 ubi
1390 1833 1424 1854 se
1437 1830 1587 1874 moveret,
1612 1823 1647 1855 in
1670 1834 1787 1856 eomoe—

1022 1867 1082 1898 diis
1110 1875 1143 1898 et
1171 1867 1329 1909 tragoediis
1349 1867 1493 1905 iuvenit;
1525 1868 1665 1899 carmina
1691 1867 1790 1909 lyrica

1022 1917 1086 1942 tam
1116 1911 1149 1941 in
1171 1911 1298 1952 hymnis
1319 1911 1451 1941 deorum
1475 1892 1672 1952 lieroumque
1694 1917 1726 1943 et
1753 1912 1788 1943 111

1021 1954 1179 1994 Epiniciis
1198 1955 1454 1992 Hiermicamm,
1469 1964 1565 1996 quam
1579 1954 1614 1984 111
1627 1956 1732 1993 rebus,
1745 1957 1787 1987 ad

1020 2008 1142 2028 amores
1156 2004 1188 2028 et
1202 1998 1290 2030 laetas
1303 1998 1549 2038 compotationes
1565 1999 1787 2064 spectantibus,

1019 2041 1214 2072 versantur?

1062 2095 1092 2115 v.
1112 2083 1165 2115 74·-
1194 2087 1261 2121 Quo
1276 2097 1420 2123 numero,
1435 2095 1499 2126 quo
1512 2085 1604 2116 metri
1618 2096 1744 2128 genere.

1062 2138 1091 2159 v.
1111 2127 1163 2159 75.
1189 2129 1488 2170 impariter-junctis,
1503 2129 1658 2171 elegiacis,
1675 2130 1786 2162 Hexa-

1019 2172 1128 2203 metris
1145 2172 1416 2214 Pentametrisque
1429 2173 1664 2204 alternantibus.
1689 2185 1692 2189 ·

1064 2226 1093 2246 v.
1115 2215 1168 2247 76.
1193 2219 1255 2248 voti
1275 2217 1430 2248 sententia
1449 2227 1580 2257 compos.
1600 2226 1710 2248 sensus
1730 2227 1786 2248 vo-

1020 2258 1150 2298 luptatis
1163 2266 1195 2291 et.
1211 2259 1350 2298 laetitiae3
1373 2259 1497 2290 laetamr
1517 2259 1626 2296 enim,
1639 2259 1696 2301 qui
1720 2261 1785 2292 voti

1021 2303 1186 2344 cujusdam
1201 2314 1330 2344 compos
1342 2303 1388 2334 fit.

1066 2357 1094 2377 v.
1114 2345 1167 2378 77.
1193 2349 1318 2388 exiguos
1339 2349 1444 2388 elegos,
1466 2352 1537 2377 tam
1549 2347 1590 2378 ob
1604 2357 1711 2379 versus
1723 2347 1784 2378 im-

1022 2400 1120 2430 pares,
1135 2401 1230 2432 quam
1245 2390 1331 2432 quod
1344 2390 1482 2421 cannina
1495 2389 1633 2432 elegiaca
1646 2391 1787 2422 breviora

1021 2444 1087 2464 esse
1099 2434 1210 2466 solent.

1065 2489 1095 2508 v.
1129 2477 1180 2508 79.
1201 2479 1327 2518 proprio
1340 2495 1385 2504 —-
1397 2478 1506 2513 iambo,
1516 2476 1589 2518 jure
1602 2478 1786 2510 iambusres

1018 2523 1145 2564 propria
1171 2521 1286 2552 dicitur
1313 2521 1390 2562 ejus,
1413 2521 1469 2562 qui
1492 2530 1567 2551 eum
1591 2520 1720 2553 invenit.
1737 2538 1786 2549 .-

1023 2567 1128 2601 ναὸίεε,
1158 2565 1199 2595 de
1226 2563 1357 2595 canibus
1384 2563 1573 2602 acrioribus,
1592 2564 1783 2605 quibuscum

1021 2608 1192 2648 comparari
1213 2608 1292 2639 solet
1315 2607 1571 2639 maledicentium
1595 2609 1732 2649 impetus
1751 2616 1786 2641 et

1021 2651 1178 2684 acerbitas.

1061 2706 1090 2727 v.
1122 2694 1176 2726 80.
1202 2696 1303 2727 Hunc
1328 2696 1407 2726 socci
1435 2705 1539 2736 cepere
1560 2698 1669 2737 pedem
1692 2702 1782 2735 cett,

1017 2741 1077 2771 hoc
1090 2739 1170 2780 pede
1189 2738 1312 2770 fabulas
1331 2738 1476 2769 incedere
1494 2739 1658 2781 jusserunt
1681 2748 1783 2782 poetae

1018 2790 1083 2815 tam
1104 2782 1223 2818 comici,
1246 2791 1341 2823 quam
1355 2781 1488 2824 uagici;
1575 2794 1690 2822 soccus,
1715 2784 1780 2816 cal-

1018 2826 1171 2858 ceamenti
1184 2835 1286 2868 genus
1306 2825 1470 2864 humilius,
1490 2835 1554 2868 quo
1578 2827 1721 2864 comoedi.
1747 2834 1780 2859 et

1018 2871 1170 2907 cothurni,
1203 2868 1408 2900 calceamenti
1440 2879 1541 2911 genus
1570 2871 1721 2912 grandius
1747 2878 1781 2903 et

1018 2914 1120 2950 altius,
1145 2923 1210 2955 quo
1233 2912 1364 2954 tragoedi
1388 2914 1422 2943 in
1445 2923 1549 2944 scena
1561 2914 1608 2945 uti
1629 2914 1780 2952 solebant,

1013 2958 1081 2999 jam
1102 2966 1159 2996 pro
1180 2955 1332 2988 oomoedia
1353 2962 1385 2988 et
1408 2957 1568 2998 tmgoedia,
1593 2964 1626 2989 et
1644 2958 1778 2999 -quidem

1019 2999 1226 3041 pulcherrime
1250 3005 1283 3031 et
1305 3001 1624 3033 accommodatissime
1645 3001 1684 3034 ad
1698 3003 1777 3034 iam-
