1904 3250
129 199 220 228 su.
238 186 302 236 ιη]

244 308 495 350 Absterrent
513 305 637 347 vitiis.

760 178 1054 223 SATIRAE.·

1613 179 1697 219 331

700 304 768 346 Ex
788 305 870 347 hoc
891 320 972 363 ego
993 319 1119 346 sanus
1135 303 1194 347 *ab
1213 302 1309 353 illis,

127 385 207 424 130
239 379 474 424 Perniciem
493 393 758 435 quaecunque
778 377 941 428 ferunt3
971 375 1269 426 mediocribus,
1291 382 1334 417 et
1353 375 1471 432 queis

242 450 456 508 Ignoscas,
478 448 587 490 vitiis
608 456 777 498 teneor3
807 447 995 491 fortassis
1015 455 1058 490 et
1076 446 1231 488 isthinc

243 519 439 577 Largiter
458 517 678 560 abstulerit
698 518 827 576 longa
845 527 962 569 aeta3‚
982 517 1092 560 liber
1111 516 1285 565 amicus,

244 591 477 634 Consilium
497 591 741 647 proprium:
772 606 912 648 neque
930 590 1044 634 enim
1064 604 1161 631 cum
1180 587 1359 630 lectulus
1380 594 1453 629 aut
1471 602 1540 629 me
1570 599 1572 602 ·

243 661 437 703 Porticus
458 661 636 716 excepit,
658 660 808 702 desum
827 659 955 703 mihi:

989 659 1165 701 Rectius
1183 657 1266 700 hoc
1286 666 1364 708 est,

132 738 211 776 135
244 733 342 775 Hoc
360 733 516 775 faciens
536 733 674 774 vivam
693 733 867 783 melius3
899 733 959 774 sic
986 731 1122 774 dulcis
1142 731 1286 772 amicis

243 803 500 853 Occurram;
531 803 614 846 hoc
632 802 806 860 quidam
825 817 911 844 non
931 801 1065 850 belle3
1095 800 1302 856 numquid
1324 814 1405 857 ego
1425 799 1491 840 illi

243 873 496 930 Imprudens
515 872 617 915 olim
629 871 787 914 faciam
807 870 973 913 simile?

1035 870 1144 911 Haec
1165 885 1247 927 ego
1267 885 1433 911 mecum

243 941 508 998 Compressis
527 941 641 998 agito
661 939 813 982 labris:
844 939 919 982 ubi
938 939 1043 996 quid
1062 938 1188 980 datur
1209 937 1283 988 oti,

244 1013 385 1056 Illudo
403 1013 583 1056 chartis:
615 1013 697 1055 hoc
716 1021 780 1054 est
799 1012 1080 1054 mediocribus
1102 1010 1183 1052 illis

131 1088 211 1125 140
244 1083 314 1126 Ex
332 1084 442 1125 vitiis
463 1081 619 1133 unum3
649 1083 718 1124 cui
738 1083 774 1124 si
794 1081 1026 1124 concedere
1045 1081 1168 1131 nolis,

242 1155 387 1198 Multa
405 1164 625 1212 poetarum
645 1155 784 1197 veniat
803 1169 965 1204 manus,
987 1153 1145 1195 auxilio
1166 1168 1263 1210 quae

244 1226 308 1267 Sit
327 1225 444 1276 mihi,
470 1227 585 1281 (nam
604 1224 740 1266 multo
757 1224 903 1280 plures
924 1222 1088 1275 sumus)
1113 1239 1162 1265 ac
1182 1223 1311 1264 veluti
1333 1230 1373 1264 te

239 1295 267 1336 J
270 1294 380 1337 udaei
400 1309 598 1352 cogemus
619 1295 662 1336 in
682 1293 792 1336 hanc
812 1293 1044 1336 concedere
1064 1293 1244 1335 turbam.

707 1508 1011 1550 SATIRA
1058 1508 1110 1549 V.

244 1651 490 1693 Ecnnssmu
511 1665 666 1708 magna
684 1665 752 1692 me
772 1651 940 1706 excepit
961 1651 1106 1692 Aricia
1129 1650 1267 1691 Roma

243 1723 442 1780 Hospitio
462 1723 655 1773 modico3
687 1722 831 1765 rhetor
851 1738 992 1765 comes
1015 1722 1288 1772 Heliodorus,

167 1884 198 1905 v.
220 1872 292 1904 126.
309 1875 412 1905 avidos
431 1884 474 1905 sc.
498 1880 591 1913 potus
611 1879 643 1904 et
656 1873 808 1910 ciborum,
831 1874 895 1915 qni·

259 1922 390 1954 nocent3
412 1916 457 1948 sic
470 1927 533 1958 seq.
555 1918 617 1948 Sat.
636 1927 664 1947 v.
684 1916 736 1947 75.
755 1919 889 1949 convivae

125 1961 218 1996 widi,
233 1959 348 1990 edendi
361 1959 532 1999 cupiditate
545 1959 722 2001 flagrantes.

170 2014 199 2034 v.
230 2002 302 2034 127.
331 2004 513 2040 Exanime,
537 2010 653 2034 terrore
680 2003 826 2043 complet.
844 2021 888 2027 —

125 2048 182 2078 sibi
192 2057 331 2088 parcere,
347 2045 534 2077 valetudinis
554 2057 620 2077 suae
633 2056 742 2077 curam
763 2047 887 2083 habere,

126 2100 192 2121 non
216 2089 394 2121 aviditatem
419 2089 534 2120 edendi
548 2089 597 2120 vel
618 2089 745 2120 bibendi
762 2089 888 2128 explere

122 2132 215 2171 velle,
241 2132 296 2163 sed
318 2132 472 2163 abstinere
493 2134 533 2163 ab
553 2133 601 2170 iis,
623 2143 696 2174 quae
717 2132 890 2164 valetudini

115 2177 262 2215 'obsunt3
285 2175 342 2206 inf.
362 2175 465 2215 Epist.
486 2176 515 2206 1.
533 2175 564 2207 7.
581 2175 632 2206 ll.
661 2177 716 2207 Aa
736 2187 823 2208 mare
836 2178 889 2207 de·

125 2221 247 2252 scendet
262 2225 342 2251 vates
356 2225 439 2255 tuus,
454 2225 484 2250 et
498 2221 555 2251 sibi
564 2225 681 2259 parcet.

116 2276 119 2281 ·
169 2273 199 2293 v.
220 2261 293 2294 129.
308 2274 344 2294 a
356 2265 412 2294 hoc
425 2273 478 2303 ego
493 2274 517 2294 s.
534 2264 572 2294 ab
594 2265 664 2300 illis,
686 2272 726 2293 ex
741 2263 800 2293 hoc
814 2261 889 2292 inde

119 2313 282 2346 tempore,
299 2316 364 2347 quo
388 2312 477 2345 pater
498 2316 552 2337 me
579 2316 714 2346 puerum
743 2305 835 2336 dictis
855 2311 887 2336 et

127 2349 278 2390 exetnplis
301 2349 456 2385 formavit,
482 2349 593 2380 firmus
614 2356 647 2380 et
671 2348 794 2379 validus
814 2359 887 2379 sum

125 2398 233 2424 contra
245 2391 300 2423 illa
313 2392 396 2428 vitia,
418 2393 493 2429 sive,
517 2392 640 2434 integer
659 2399 692 2423 et
713 2398 801 2423 tutus
814 2402 887 2422 sum

112 2437 168 2467 -ab
189 2436 336 2467 omnibus
358 2435 422 2466 illis
442 2435 535 2472 vitiis,
557 2446 628 2477 que
649 2442 762 2476 parant
781 2434 886 2476 perni-

125 2478 214 2510 cim.

118 2524 125 2539 ⁵
168 2532 198 2552 v.
218 2520 290 2553 132.
306 2523 389 2566 fort.
414 2528 444 2554 et
467 2523 536 2554 isth.
562 2524 659 2563 Lar-g.
685 2524 760 2554 abst.
784 2523 806 2552 l.
832 2529 882 2554 ωε.

125 2563 255 2597 fornae
267 2567 361 2597 etiam
374 2566 415 2596 de
428 2565 478 2596 his
490 2565 699 2597 mediocribus
715 2565 798 2596 vitiis
812 2571 888 2596 aetas

115 2607 260 2650 longior,
281 2609 336 2639 nbi
353 2608 502 2650 juvenilis
522 2609 624 2640 fervor
644 2616 677 2640 et
691 2609 888 2640 vehementia

117 2649 300 2731 deferbuit,
305 2651 443 2682 multum
456 2651 794 2691 detraxerit31iber
806 2654 887 2684 ami-

209 2694 373 2736 quilibere
385 2695 522 2725 amicum
536 2695 578 2726 de
590 2696 658 2737 ejus
671 2695 754 2727 vitiis
765 2702 884 2733 mouet,

130 2745 246 2810 eumq!
247 2747 266 2767 e
278 2738 339 2769 ab
330 2738 368 2768 iis
381 2738 570 2770 dehortatur.

172 2787 193 2808 v
237 2778 289 2811 3ss
305 2792 403 2822 neque
411 2783 575 2814 ——desum
589 2784 674 2819 mihi,
688 2793 803 2832 neque,
813 2793 889 2813 cum

119 2820 183 2852 ·vel
196 2823 321 2873 quiesco
333 2823 367 2854 in
382 2824 510 2862 lectulo,
533 2825 583 2856 vel
603 2825 754 2857 ambulo
744 2836 778 2856 ιιι
792 2826 889 2866 porti-

132 2873 184 2900 cu,
198 2865 295 2896 animi
308 2866 370 2897 mei
382 2846 566 2899 excolexidi
557 2879 723 2900 immemor
732 2879 813 2906 sum,
823 2869 890 2899 imo

132 2907 299 2948 diligenter
321 2919 395 2940 eum
419 2911 546 2942 excutio
569 2918 600 2943 et
626 2913 718 2943 tacite
739 2922 884 2943 mecum:

134 2952 261 2983 Recn'as
274 2953 328 2984 hoc
342 2958 412 2984 cett.
424 2963 452 2984 v.
469 2952 538 2986 136.
556 2967 643 2988 num
647 2958 723 2997 quid
738 2973 780 2981 -—
795 2957 891 2988 simile

926 1875 987 1911 ius,
1015 1873 1102 1914 quod
1130 1872 1260 1914 quidam
1296 1884 1362 1904 non
1390 1875 1465 1905 belle
1491 1873 1524 1904 h.
1556 1884 1585 1905 e.
1616 1875 1699 1906 male

929 1917 1014 1947 fecit.

974 1970 1003 1990 v.
1024 1958 1097 1990 139.
1116 1961 1222 1990 Illudo
1237 1961 1361 1995 chartis,
1375 1959 1515 1990 ludendo
1529 1961 1646 1992 chartis
1660 1962 1699 1992 il-

931 2002 1007 2041 11’no,
1023 2013 1082 2044 pro
1095 2002 1236 2043 vulgari:
1254 2002 1368 2032 chartis
1382 2003 1510 2034 mando.

973 2057 1002 2076 v.
1035 2044 1107 2077 140.
1138 2048 1310 2082 concedere,
1337 2045 1462 2077 veniam
1483 2046 1568 2084 ἀπο,
1590 2047 1699 2089 ignos-

929 2099 1009 2120 cere.

975 2143 1004 2163 v.
1028 2131 1099 2163 143.
1122 2143 1162 2163 ac
1183 2133 1279 2162 veluti
1302 2134 1409 2164 Judaei
1431 2144 1582 2183 cogemus.
1607 2141 1699 2174 poeta

932 2175 1032 2215 carpit
1044 2175 1186 2211 Judaeos,
1197 2175 1308 2215 quovis
1321 2177 1530 2214 persuasionis
1539 2188 1656 2218 genere
1666 2186 1699 2208 et

930 2219 1093 2260 quibusvis
1116 2217 1271 2249 machinis
1294 2218 1373 2249 alios
1397 2225 1467 2249 tum
1492 2221 1642 2260 temporis
1665 2222 1698 2250 in

931 2263 1083 2294 doctrinae
1097 2269 1129 2293 et
1151 2261 1325 2300 discipline
1344 2272 1411 2292 suae
1432 2263 1611 2294 societatem
1634 2271 1696 2294 tra-

929 2307 1060 2336 hentes·
1051 2330 1061 2343 ,
1127 2307 1163 2336 in
1178 2306 1259 2336 hanc
1272 2308 1435 2336 concedere
1449 2309 1584 2344 turbam,
1599 2307 1697 2348 hujus

928 2355 1092 2390 poetarum
1107 2348 1243 2390 agminis
1255 2348 1376 2379 socium
1391 2349 1468 2379 fieri.

1190 2435 1373 2467 SATIRA
1390 2435 1432 2465 V.

975 2521 1165 2553 Suavissima
1186 2521 1316 2558 itineris,
1342 2522 1429 2563 quod
1454 2527 1554 2561 poeta,
1578 2521 1695 2552 comite

932 2565 1118 2600 Heliodoro,
1135 2566 1270 2600 rhetore,
1291 2564 1512 2596 Brundusium
1534 2564 1617 2600 fecit,
1639 2564 1696 2596 de-

930 2609 1067 2648 scriptio.
1081 2627 1124 2633 —
1139 2608 1243 2639 Schol.
1271 2608 1424 2648 Porphyr.
1450 2610 1612 2639 Lucilium
1636 2610 1695 2640 hac

929 2658 1034 2694 satyra
1049 2655 1215 2684 oermdatus
1231 2654 1394 2688 Horatius,
1408 2654 1467 2682 iter
1488 2662 1582 2682 suum
1595 2663 1615 2681 α
1631 2654 1696 2683 Βο-

927 2707 982 2726 ma
997 2707 1095 2737 usque
1117 2697 1340 2727 Brundusium
1362 2695 1541 2731 describens,
1563 2696 1646 2736 quod
1667 2701 1697 2726 α

931 2740 982 2770 ille
1005 2741 1041 2771 in
1065 2741 1154 2771 terlio
1182 2741 1258 2770 libro
1275 2740 1368 2781 ficit,
1387 2740 1528 2778 primum
1549 2749 1569 2767 a
1594 2740 1696 2770 Roma

934 2785 1076 2823 Capuam
1089 2793 1197 2824 usque,
1212 2789 1243 2814 et
1256 2783 1456 2823 indefletum
1471 2782 1634 2812 Siciliense.
1650 2797 1695 2806 —

934 2826 1086 2857 Ceterum
1099 2836 1173 2856 cum
1192 2826 1349 2856 Anxure
1340 2834 1372 2853 m
1389 2824 1483 2864 hujus
1504 2823 1624 2854 itineris
1643 2834 1695 2856 so-

931 2869 1076 2900 cietatem
1093 2870 1255 2899 Maecenas
1275 2877 1350 2898 cum
1367 2866 1501 2897 Cocceio
1514 2873 1546 2897 et
1563 2867 1694 2898 Fonteio

933 2912 1062 2947 venerit,
1081 2911 1258 2943 Horatius'
1250 2921 1284 2940 ιιι
1298 2910 1406 2950 magni
1419 2909 1470 2940 sui
1484 2910 1607 2950 patroni
1619 2921 1692 2953 gra-

934 2956 1013 2987 tiam
1026 2955 1130 2986 illud
1121 2963 1179 2986 ner
1195 2962 1259 2985 tam
1275 2953 1454 2994 suscepisse,
1477 2963 1573 2994 quam
1588 2954 1621 2985 in
1640 2954 1693 2995 ju-
