<?xml version="1.0" encoding="UTF-8"?>
<!DOCTYPE html PUBLIC "-//W3C//DTD XHTML 1.0 Transitional//EN"
    "http://www.w3.org/TR/xhtml1/DTD/xhtml1-transitional.dtd">
<html xmlns="http://www.w3.org/1999/xhtml" xml:lang="en" lang="en">
 <head>
  <title>
</title>
<meta http-equiv="Content-Type" content="text/html;charset=utf-8" />
  <meta name='ocr-system' content='tesseract 3.04.00' />
  <meta name='ocr-capabilities' content='ocr_page ocr_carea ocr_par ocr_line ocrx_word'/>
</head>
<body>
  <div class='ocr_page' id='page_1' title='image "./operaomniacumind00horauoft_0342.png"; bbox 0 0 1904 3250; ppageno 0'>
   <div class='ocr_carea' id='block_1_1' title="bbox 215 181 302 220">
    <p class='ocr_par' dir='ltr' id='par_1_1' title="bbox 215 181 302 220">
     <span class='ocr_line' id='line_1_1' title="bbox 215 181 302 220; baseline 0.011 -1"><span class='ocrx_word' id='word_1_1' title='bbox 215 181 302 220; x_wconf 83' lang='grc'><strong>302</strong></span> 
     </span>
    </p>
   </div>
   <div class='ocr_carea' id='block_1_2' title="bbox 842 177 1151 222">
    <p class='ocr_par' dir='ltr' id='par_1_2' title="bbox 842 177 1151 222">
     <span class='ocr_line' id='line_1_2' title="bbox 842 177 1151 222; baseline 0.006 -2"><span class='ocrx_word' id='word_1_2' title='bbox 842 177 1151 222; x_wconf 87' lang='lat' dir='ltr'><strong>HORATII</strong></span> 
     </span>
    </p>
   </div>
   <div class='ocr_carea' id='block_1_3' title="bbox 1617 183 1779 232">
    <p class='ocr_par' dir='ltr' id='par_1_3' title="bbox 1617 183 1779 232">
     <span class='ocr_line' id='line_1_3' title="bbox 1617 183 1779 232; baseline -0.006 -11"><span class='ocrx_word' id='word_1_3' title='bbox 1617 183 1726 232; x_wconf 77' lang='lat' dir='ltr'><strong>[Lm.</strong></span> <span class='ocrx_word' id='word_1_4' title='bbox 1749 193 1779 220; x_wconf 87' lang='lat'><strong>1.</strong></span> 
     </span>
    </p>
   </div>
   <div class='ocr_carea' id='block_1_4' title="bbox 329 303 1460 429">
    <p class='ocr_par' dir='ltr' id='par_1_4' title="bbox 329 303 1460 429">
     <span class='ocr_line' id='line_1_4' title="bbox 329 303 1460 359; baseline 0 -12"><span class='ocrx_word' id='word_1_5' title='bbox 329 304 429 347; x_wconf 89' lang='lat' dir='ltr'><strong>Non</strong></span> <span class='ocrx_word' id='word_1_6' title='bbox 448 313 546 347; x_wconf 90' lang='lat' dir='ltr'><strong>tuus</strong></span> <span class='ocrx_word' id='word_1_7' title='bbox 566 305 648 346; x_wconf 90' lang='lat' dir='ltr'><strong>hoc</strong></span> <span class='ocrx_word' id='word_1_8' title='bbox 669 305 806 359; x_wconf 86' lang='lat' dir='ltr'>capiet</span> <span class='ocrx_word' id='word_1_9' title='bbox 825 311 970 345; x_wconf 90' lang='lat' dir='ltr'><strong>venter</strong></span> <span class='ocrx_word' id='word_1_10' title='bbox 988 303 1099 358; x_wconf 89' lang='lat' dir='ltr'><strong>plus,</strong></span> <span class='ocrx_word' id='word_1_11' title='bbox 1121 318 1171 345; x_wconf 86' lang='lat' dir='ltr'><strong>ac</strong></span> <span class='ocrx_word' id='word_1_12' title='bbox 1191 319 1326 355; x_wconf 83' lang='lat' dir='ltr'><strong>meus3</strong></span> <span class='ocrx_word' id='word_1_13' title='bbox 1359 314 1404 347; x_wconf 89' lang='lat' dir='ltr'><strong>ut</strong></span> <span class='ocrx_word' id='word_1_14' title='bbox 1424 307 1460 347; x_wconf 85' lang='lat' dir='ltr'><strong>si</strong></span> 
     </span>
     <span class='ocr_line' id='line_1_5' title="bbox 329 372 1202 429; baseline -0.003 -13"><span class='ocrx_word' id='word_1_15' title='bbox 329 374 571 416; x_wconf 89' lang='lat' dir='ltr'><strong>Reticulum</strong></span> <span class='ocrx_word' id='word_1_16' title='bbox 591 374 711 429; x_wconf 88' lang='lat' dir='ltr'><strong>panis</strong></span> <span class='ocrx_word' id='word_1_17' title='bbox 732 372 900 414; x_wconf 88' lang='lat' dir='ltr'><strong>venales</strong></span> <span class='ocrx_word' id='word_1_18' title='bbox 920 372 1029 414; x_wconf 89' lang='lat' dir='ltr'><strong>inter</strong></span> <span class='ocrx_word' id='word_1_19' title='bbox 1050 380 1202 414; x_wconf 81' lang='lat' dir='ltr'><strong>onusto</strong></span> 
     </span>
    </p>
   </div>
   <div class='ocr_carea' id='block_1_5' title="bbox 330 444 1451 503">
    <p class='ocr_par' dir='ltr' id='par_1_5' title="bbox 330 444 1451 503">
     <span class='ocr_line' id='line_1_6' title="bbox 330 444 1451 503; baseline 0 -15"><span class='ocrx_word' id='word_1_20' title='bbox 330 446 458 489; x_wconf 82' lang='lat' dir='ltr'><strong>Forte</strong></span> <span class='ocrx_word' id='word_1_21' title='bbox 478 445 605 487; x_wconf 88' lang='lat' dir='ltr'>vehas</span> <span class='ocrx_word' id='word_1_22' title='bbox 626 445 819 495; x_wconf 87' lang='lat' dir='ltr'><strong>humero,</strong></span> <span class='ocrx_word' id='word_1_23' title='bbox 840 444 974 486; x_wconf 89' lang='lat' dir='ltr'>nihilo</span> <span class='ocrx_word' id='word_1_24' title='bbox 993 444 1088 500; x_wconf 91' lang='lat' dir='ltr'><strong>plus</strong></span> <span class='ocrx_word' id='word_1_25' title='bbox 1109 445 1303 500; x_wconf 87' lang='lat' dir='ltr'><strong>accipias,</strong></span> <span class='ocrx_word' id='word_1_26' title='bbox 1322 461 1451 503; x_wconf 90' lang='lat' dir='ltr'><strong>quam</strong></span> 
     </span>
    </p>
   </div>
   <div class='ocr_carea' id='block_1_6' title="bbox 330 513 708 570">
    <p class='ocr_par' dir='ltr' id='par_1_6' title="bbox 330 513 708 570">
     <span class='ocr_line' id='line_1_7' title="bbox 330 513 708 570; baseline -0.005 -14"><span class='ocrx_word' id='word_1_27' title='bbox 330 513 419 564; x_wconf 86' lang='lat' dir='ltr'><strong>Qui</strong></span> <span class='ocrx_word' id='word_1_28' title='bbox 437 513 499 555; x_wconf 90' lang='lat' dir='ltr'><strong>nil</strong></span> <span class='ocrx_word' id='word_1_29' title='bbox 518 514 708 570; x_wconf 87' lang='lat' dir='ltr'><strong>portarit.</strong></span> 
     </span>
    </p>
   </div>
   <div class='ocr_carea' id='block_1_7' title="bbox 770 512 1377 570">
    <p class='ocr_par' dir='ltr' id='par_1_7' title="bbox 770 512 1377 570">
     <span class='ocr_line' id='line_1_8' title="bbox 770 512 1377 570; baseline 0.003 -16"><span class='ocrx_word' id='word_1_30' title='bbox 770 513 851 555; x_wconf 89' lang='lat' dir='ltr'><strong>Vel</strong></span> <span class='ocrx_word' id='word_1_31' title='bbox 872 513 952 564; x_wconf 90' lang='lat' dir='ltr'><strong>dic,</strong></span> <span class='ocrx_word' id='word_1_32' title='bbox 971 513 1074 570; x_wconf 92' lang='lat' dir='ltr'><strong>quid</strong></span> <span class='ocrx_word' id='word_1_33' title='bbox 1094 512 1248 555; x_wconf 87' lang='lat' dir='ltr'><strong>referat</strong></span> <span class='ocrx_word' id='word_1_34' title='bbox 1266 514 1377 556; x_wconf 90' lang='lat' dir='ltr'><strong>intra</strong></span> 
     </span>
    </p>
   </div>
   <div class='ocr_carea' id='block_1_8' title="bbox 241 581 1262 640">
    <p class='ocr_par' dir='ltr' id='par_1_8' title="bbox 241 581 1262 640">
     <span class='ocr_line' id='line_1_9' title="bbox 241 581 1262 640; baseline -0.001 -16"><span class='ocrx_word' id='word_1_35' title='bbox 241 586 299 624; x_wconf 84' lang='lat'><strong>50</strong></span> <span class='ocrx_word' id='word_1_36' title='bbox 331 583 507 624; x_wconf 84' lang='lat' dir='ltr'><strong>Naturae</strong></span> <span class='ocrx_word' id='word_1_37' title='bbox 526 581 634 624; x_wconf 89' lang='lat' dir='ltr'><strong>fines</strong></span> <span class='ocrx_word' id='word_1_38' title='bbox 655 582 823 633; x_wconf 88' lang='lat' dir='ltr'><strong>viventi,</strong></span> <span class='ocrx_word' id='word_1_39' title='bbox 846 583 999 640; x_wconf 89' lang='lat' dir='ltr'><strong>jugera</strong></span> <span class='ocrx_word' id='word_1_40' title='bbox 1019 589 1186 623; x_wconf 92' lang='lat' dir='ltr'><strong>centum</strong></span> <span class='ocrx_word' id='word_1_41' title='bbox 1207 598 1262 623; x_wconf 87' lang='lat' dir='ltr'><strong>an</strong></span> 
     </span>
    </p>
   </div>
   <div class='ocr_carea' id='block_1_9' title="bbox 331 649 597 692">
    <p class='ocr_par' dir='ltr' id='par_1_9' title="bbox 331 649 597 692">
     <span class='ocr_line' id='line_1_10' title="bbox 331 649 597 692; baseline 0 0"><span class='ocrx_word' id='word_1_42' title='bbox 331 651 454 692; x_wconf 93' lang='lat' dir='ltr'><strong>Mille</strong></span> <span class='ocrx_word' id='word_1_43' title='bbox 470 649 597 692; x_wconf 86' lang='lat' dir='ltr'><strong>aret?</strong></span> 
     </span>
    </p>
   </div>
   <div class='ocr_carea' id='block_1_10' title="bbox 660 643 1568 709">
    <p class='ocr_par' dir='ltr' id='par_1_10' title="bbox 660 643 1568 709">
     <span class='ocr_line' id='line_1_11' title="bbox 660 643 1568 709; baseline 0.004 -17"><span class='ocrx_word' id='word_1_44' title='bbox 660 651 721 692; x_wconf 89' lang='lat' dir='ltr'><strong>At</strong></span> <span class='ocrx_word' id='word_1_45' title='bbox 741 666 868 692; x_wconf 91' lang='lat' dir='ltr'><strong>suave</strong></span> <span class='ocrx_word' id='word_1_46' title='bbox 888 659 965 702; x_wconf 84' lang='lat' dir='ltr'><strong>est,</strong></span> <span class='ocrx_word' id='word_1_47' title='bbox 988 643 1043 692; x_wconf 68' lang='lat' dir='ltr'><strong>ex</strong></span> <span class='ocrx_word' id='word_1_48' title='bbox 1062 666 1219 709; x_wconf 87' lang='lat' dir='ltr'><strong>magno</strong></span> <span class='ocrx_word' id='word_1_49' title='bbox 1239 651 1386 694; x_wconf 88' lang='lat' dir='ltr'><strong>tollere</strong></span> <span class='ocrx_word' id='word_1_50' title='bbox 1407 668 1568 696; x_wconf 77' lang='lat' dir='ltr'><strong>acervo.</strong></span> 
     </span>
    </p>
   </div>
   <div class='ocr_carea' id='block_1_11' title="bbox 242 723 1601 998">
    <p class='ocr_par' dir='ltr' id='par_1_11' title="bbox 328 723 1601 923">
     <span class='ocr_line' id='line_1_12' title="bbox 328 723 1601 781; baseline 0.001 -16"><span class='ocrx_word' id='word_1_51' title='bbox 328 723 448 765; x_wconf 92' lang='lat' dir='ltr'><strong>Dum</strong></span> <span class='ocrx_word' id='word_1_52' title='bbox 470 738 525 765; x_wconf 88' lang='lat' dir='ltr'><strong>ex</strong></span> <span class='ocrx_word' id='word_1_53' title='bbox 543 738 676 779; x_wconf 87' lang='lat' dir='ltr'><strong>parvo</strong></span> <span class='ocrx_word' id='word_1_54' title='bbox 697 724 819 765; x_wconf 90' lang='lat' dir='ltr'><strong>nobis</strong></span> <span class='ocrx_word' id='word_1_55' title='bbox 839 723 1102 771; x_wconf 84' lang='lat' dir='ltr'><strong>tantumdem</strong></span> <span class='ocrx_word' id='word_1_56' title='bbox 1121 723 1291 765; x_wconf 88' lang='lat' dir='ltr'><strong>haurire</strong></span> <span class='ocrx_word' id='word_1_57' title='bbox 1310 723 1535 781; x_wconf 83' lang='lat' dir='ltr'><strong>relinquas,</strong></span> <span class='ocrx_word' id='word_1_58' title='bbox 1594 731 1601 736; x_wconf 88' lang='grc'><em>“</em></span> 
     </span>
     <span class='ocr_line' id='line_1_13' title="bbox 331 794 1419 854; baseline 0 -17"><span class='ocrx_word' id='word_1_59' title='bbox 331 795 421 837; x_wconf 91' lang='lat' dir='ltr'><strong>Cur</strong></span> <span class='ocrx_word' id='word_1_60' title='bbox 440 804 514 837; x_wconf 90' lang='lat' dir='ltr'><strong>tua</strong></span> <span class='ocrx_word' id='word_1_61' title='bbox 531 796 630 853; x_wconf 88' lang='lat' dir='ltr'><strong>plus</strong></span> <span class='ocrx_word' id='word_1_62' title='bbox 649 795 796 841; x_wconf 86' lang='lat' dir='ltr'><strong>laudes</strong></span> <span class='ocrx_word' id='word_1_63' title='bbox 817 796 997 838; x_wconf 85' lang='lat' dir='ltr'><strong>cumeris</strong></span> <span class='ocrx_word' id='word_1_64' title='bbox 1018 796 1214 854; x_wconf 87' lang='lat' dir='ltr'><strong>granaria</strong></span> <span class='ocrx_word' id='word_1_65' title='bbox 1233 794 1419 837; x_wconf 87' lang='lat' dir='ltr'><strong>nostris?</strong></span> 
     </span>
     <span class='ocr_line' id='line_1_14' title="bbox 331 864 1365 923; baseline 0.001 -17"><span class='ocrx_word' id='word_1_66' title='bbox 331 864 395 906; x_wconf 92' lang='lat' dir='ltr'><strong>Ut</strong></span> <span class='ocrx_word' id='word_1_67' title='bbox 414 865 491 907; x_wconf 94' lang='lat' dir='ltr'><strong>tibi</strong></span> <span class='ocrx_word' id='word_1_68' title='bbox 511 866 546 906; x_wconf 89' lang='lat' dir='ltr'><strong>si</strong></span> <span class='ocrx_word' id='word_1_69' title='bbox 567 866 621 907; x_wconf 88' lang='lat' dir='ltr'><strong>sit</strong></span> <span class='ocrx_word' id='word_1_70' title='bbox 641 880 747 922; x_wconf 92' lang='lat' dir='ltr'><strong>opus</strong></span> <span class='ocrx_word' id='word_1_71' title='bbox 768 865 918 923; x_wconf 89' lang='lat' dir='ltr'>liquidi</span> <span class='ocrx_word' id='word_1_72' title='bbox 938 881 1025 907; x_wconf 92' lang='lat' dir='ltr'><strong>non</strong></span> <span class='ocrx_word' id='word_1_73' title='bbox 1045 866 1225 922; x_wconf 89' lang='lat' dir='ltr'><strong>amplius</strong></span> <span class='ocrx_word' id='word_1_74' title='bbox 1246 881 1365 918; x_wconf 86' lang='lat' dir='ltr'><strong>urna,</strong></span> 
     </span>
    </p>

    <p class='ocr_par' dir='ltr' id='par_1_12' title="bbox 242 936 1493 998">
     <span class='ocr_line' id='line_1_15' title="bbox 242 936 1493 998; baseline 0.002 -20"><span class='ocrx_word' id='word_1_75' title='bbox 242 940 297 978; x_wconf 88' lang='lat'><strong>55</strong></span> <span class='ocrx_word' id='word_1_76' title='bbox 329 936 410 978; x_wconf 91' lang='lat' dir='ltr'><strong>Vel</strong></span> <span class='ocrx_word' id='word_1_77' title='bbox 431 937 598 994; x_wconf 86' lang='lat' dir='ltr'><strong>cyatho,</strong></span> <span class='ocrx_word' id='word_1_78' title='bbox 621 946 663 979; x_wconf 89' lang='lat' dir='ltr'><strong>et</strong></span> <span class='ocrx_word' id='word_1_79' title='bbox 683 938 822 998; x_wconf 82' lang='lat' dir='ltr'><strong>dicas:</strong></span> <span class='ocrx_word' id='word_1_80' title='bbox 856 937 1023 995; x_wconf 85' lang='lat' dir='ltr'><strong>Magno</strong></span> <span class='ocrx_word' id='word_1_81' title='bbox 1043 938 1097 980; x_wconf 88' lang='lat' dir='ltr'><strong>de</strong></span> <span class='ocrx_word' id='word_1_82' title='bbox 1117 938 1290 980; x_wconf 87' lang='lat' dir='ltr'><strong>flumine</strong></span> <span class='ocrx_word' id='word_1_83' title='bbox 1309 938 1493 990; x_wconf 90' lang='lat' dir='ltr'><strong>mallem,</strong></span> 
     </span>
    </p>
   </div>
   <div class='ocr_carea' id='block_1_12' title="bbox 331 1007 1372 1059">
    <p class='ocr_par' dir='ltr' id='par_1_13' title="bbox 331 1007 1372 1059">
     <span class='ocr_line' id='line_1_16' title="bbox 331 1007 1372 1059; baseline 0.001 -10"><span class='ocrx_word' id='word_1_84' title='bbox 331 1007 474 1057; x_wconf 86' lang='lat' dir='ltr'><strong>Quam</strong></span> <span class='ocrx_word' id='word_1_85' title='bbox 494 1023 550 1050; x_wconf 84' lang='lat' dir='ltr'><strong>ex</strong></span> <span class='ocrx_word' id='word_1_86' title='bbox 568 1008 652 1050; x_wconf 91' lang='lat' dir='ltr'><strong>hoc</strong></span> <span class='ocrx_word' id='word_1_87' title='bbox 671 1008 888 1059; x_wconf 87' lang='lat' dir='ltr'><strong>fonticulo,</strong></span> <span class='ocrx_word' id='word_1_88' title='bbox 910 1007 1174 1049; x_wconf 84' lang='lat' dir='ltr'><strong>tantumdem</strong></span> <span class='ocrx_word' id='word_1_89' title='bbox 1195 1023 1372 1050; x_wconf 88' lang='lat' dir='ltr'><strong>sumere.</strong></span> 
     </span>
    </p>
   </div>
   <div class='ocr_carea' id='block_1_13' title="bbox 1433 1007 1582 1060">
    <p class='ocr_par' dir='ltr' id='par_1_14' title="bbox 1433 1007 1582 1060">
     <span class='ocr_line' id='line_1_17' title="bbox 1433 1007 1582 1060; baseline 0 -10"><span class='ocrx_word' id='word_1_90' title='bbox 1433 1007 1582 1060; x_wconf 89' lang='lat' dir='ltr'><strong>Eofit,</strong></span> 
     </span>
    </p>
   </div>
   <div class='ocr_carea' id='block_1_14' title="bbox 243 1080 1613 1634">
    <p class='ocr_par' dir='ltr' id='par_1_15' title="bbox 331 1080 1527 1282">
     <span class='ocr_line' id='line_1_18' title="bbox 331 1080 1271 1138; baseline 0.001 -17"><span class='ocrx_word' id='word_1_91' title='bbox 331 1080 517 1131; x_wconf 89' lang='lat' dir='ltr'><strong>Plenior,</strong></span> <span class='ocrx_word' id='word_1_92' title='bbox 540 1087 599 1131; x_wconf 93' lang='lat' dir='ltr'><strong>ut,</strong></span> <span class='ocrx_word' id='word_1_93' title='bbox 623 1081 657 1122; x_wconf 87' lang='lat' dir='ltr'><strong>si</strong></span> <span class='ocrx_word' id='word_1_94' title='bbox 679 1095 785 1138; x_wconf 94' lang='lat' dir='ltr'><strong>quos</strong></span> <span class='ocrx_word' id='word_1_95' title='bbox 805 1080 986 1122; x_wconf 86' lang='lat' dir='ltr'><strong>delectet</strong></span> <span class='ocrx_word' id='word_1_96' title='bbox 1006 1081 1128 1137; x_wconf 87' lang='lat' dir='ltr'><strong>copia</strong></span> <span class='ocrx_word' id='word_1_97' title='bbox 1142 1082 1271 1137; x_wconf 90' lang='lat' dir='ltr'><strong>justo,</strong></span> 
     </span>
     <span class='ocr_line' id='line_1_19' title="bbox 332 1152 1360 1208; baseline 0 -14"><span class='ocrx_word' id='word_1_98' title='bbox 332 1152 444 1194; x_wconf 91' lang='lat' dir='ltr'><strong>Cum</strong></span> <span class='ocrx_word' id='word_1_99' title='bbox 464 1153 557 1208; x_wconf 87' lang='lat' dir='ltr'><strong>ripa</strong></span> <span class='ocrx_word' id='word_1_100' title='bbox 577 1153 701 1194; x_wconf 87' lang='lat' dir='ltr'><strong>simul</strong></span> <span class='ocrx_word' id='word_1_101' title='bbox 722 1153 888 1195; x_wconf 90' lang='lat' dir='ltr'><strong>avulsos</strong></span> <span class='ocrx_word' id='word_1_102' title='bbox 908 1152 1015 1195; x_wconf 84' lang='lat' dir='ltr'><strong>ferat</strong></span> <span class='ocrx_word' id='word_1_103' title='bbox 1036 1152 1220 1194; x_wconf 88' lang='lat' dir='ltr'><strong>Aufidus</strong></span> <span class='ocrx_word' id='word_1_104' title='bbox 1241 1168 1360 1195; x_wconf 87' lang='lat' dir='ltr'><strong>acer:</strong></span> 
     </span>
     <span class='ocr_line' id='line_1_20' title="bbox 331 1224 1527 1282; baseline 0.001 -17"><span class='ocrx_word' id='word_1_105' title='bbox 331 1224 391 1265; x_wconf 90' lang='lat' dir='ltr'><strong>At</strong></span> <span class='ocrx_word' id='word_1_106' title='bbox 412 1225 485 1280; x_wconf 91' lang='lat' dir='ltr'><strong>qui</strong></span> <span class='ocrx_word' id='word_1_107' title='bbox 504 1224 655 1266; x_wconf 85' lang='lat' dir='ltr'><strong>tantuli</strong></span> <span class='ocrx_word' id='word_1_108' title='bbox 676 1233 784 1282; x_wconf 87' lang='lat' dir='ltr'><strong>eget,</strong></span> <span class='ocrx_word' id='word_1_109' title='bbox 807 1233 967 1281; x_wconf 89' lang='lat' dir='ltr'><strong>quanto</strong></span> <span class='ocrx_word' id='word_1_110' title='bbox 987 1232 1049 1267; x_wconf 88' lang='lat' dir='ltr'><strong>est</strong></span> <span class='ocrx_word' id='word_1_111' title='bbox 1070 1240 1191 1281; x_wconf 88' lang='lat' dir='ltr'><strong>opus,</strong></span> <span class='ocrx_word' id='word_1_112' title='bbox 1212 1225 1248 1266; x_wconf 93' lang='lat' dir='ltr'><strong>is</strong></span> <span class='ocrx_word' id='word_1_113' title='bbox 1268 1240 1406 1282; x_wconf 88' lang='lat' dir='ltr'><strong>neque</strong></span> <span class='ocrx_word' id='word_1_114' title='bbox 1425 1224 1527 1267; x_wconf 91' lang='lat' dir='ltr'><strong>limo</strong></span> 
     </span>
    </p>

    <p class='ocr_par' dir='ltr' id='par_1_16' title="bbox 243 1292 1613 1634">
     <span class='ocr_line' id='line_1_21' title="bbox 243 1292 1613 1350; baseline 0.001 -16"><span class='ocrx_word' id='word_1_115' title='bbox 243 1296 298 1334; x_wconf 92' lang='grc'><strong>60</strong></span> <span class='ocrx_word' id='word_1_116' title='bbox 330 1292 567 1335; x_wconf 84' lang='lat' dir='ltr'><strong>Turbatam</strong></span> <span class='ocrx_word' id='word_1_117' title='bbox 587 1293 728 1335; x_wconf 90' lang='lat' dir='ltr'><strong>haurit</strong></span> <span class='ocrx_word' id='word_1_118' title='bbox 747 1309 912 1350; x_wconf 87' lang='lat' dir='ltr'><strong>aquam,</strong></span> <span class='ocrx_word' id='word_1_119' title='bbox 935 1309 1073 1350; x_wconf 82' lang='lat' dir='ltr'><strong>neque</strong></span> <span class='ocrx_word' id='word_1_120' title='bbox 1093 1294 1221 1335; x_wconf 85' lang='lat' dir='ltr'><strong>vitam</strong></span> <span class='ocrx_word' id='word_1_121' title='bbox 1241 1294 1394 1335; x_wconf 88' lang='lat' dir='ltr'><strong>amittit</strong></span> <span class='ocrx_word' id='word_1_122' title='bbox 1411 1294 1456 1335; x_wconf 93' lang='lat' dir='ltr'><strong>in</strong></span> <span class='ocrx_word' id='word_1_123' title='bbox 1476 1293 1613 1335; x_wconf 91' lang='lat' dir='ltr'><strong>undis.</strong></span> 
     </span>
     <span class='ocr_line' id='line_1_22' title="bbox 331 1366 1452 1423; baseline 0 -15"><span class='ocrx_word' id='word_1_124' title='bbox 331 1366 392 1408; x_wconf 92' lang='lat' dir='ltr'><strong>At</strong></span> <span class='ocrx_word' id='word_1_125' title='bbox 411 1367 523 1409; x_wconf 87' lang='lat' dir='ltr'><strong>bona</strong></span> <span class='ocrx_word' id='word_1_126' title='bbox 542 1382 641 1423; x_wconf 90' lang='lat' dir='ltr'><strong>pars</strong></span> <span class='ocrx_word' id='word_1_127' title='bbox 661 1366 895 1417; x_wconf 89' lang='lat' dir='ltr'><strong>hominum,</strong></span> <span class='ocrx_word' id='word_1_128' title='bbox 918 1367 1097 1423; x_wconf 90' lang='lat' dir='ltr'><strong>decepta</strong></span> <span class='ocrx_word' id='word_1_129' title='bbox 1115 1367 1314 1423; x_wconf 91' lang='lat' dir='ltr'><strong>cupidine</strong></span> <span class='ocrx_word' id='word_1_130' title='bbox 1333 1367 1452 1418; x_wconf 82' lang='lat' dir='ltr'><strong>falso,</strong></span> 
     </span>
     <span class='ocr_line' id='line_1_23' title="bbox 331 1436 1583 1494; baseline -0.001 -15"><span class='ocrx_word' id='word_1_131' title='bbox 331 1436 406 1479; x_wconf 89' lang='lat' dir='ltr'><strong>Nil</strong></span> <span class='ocrx_word' id='word_1_132' title='bbox 427 1437 525 1478; x_wconf 89' lang='lat' dir='ltr'><strong>satis</strong></span> <span class='ocrx_word' id='word_1_133' title='bbox 546 1444 622 1487; x_wconf 87' lang='lat' dir='ltr'><strong>est,</strong></span> <span class='ocrx_word' id='word_1_134' title='bbox 644 1437 803 1493; x_wconf 84' lang='lat' dir='ltr'><strong>inquit3</strong></span> <span class='ocrx_word' id='word_1_135' title='bbox 837 1437 936 1493; x_wconf 86' lang='lat' dir='ltr'><strong>quia</strong></span> <span class='ocrx_word' id='word_1_136' title='bbox 955 1437 1073 1487; x_wconf 89' lang='lat' dir='ltr'><strong>tanti,</strong></span> <span class='ocrx_word' id='word_1_137' title='bbox 1095 1445 1302 1494; x_wconf 91' lang='lat' dir='ltr'><strong>quantum</strong></span> <span class='ocrx_word' id='word_1_138' title='bbox 1321 1437 1491 1488; x_wconf 84' lang='lat' dir='ltr'><strong>habeas,</strong></span> <span class='ocrx_word' id='word_1_139' title='bbox 1513 1438 1583 1479; x_wconf 90' lang='lat' dir='ltr'><strong>sis.</strong></span> 
     </span>
     <span class='ocr_line' id='line_1_24' title="bbox 332 1507 1442 1565; baseline 0.001 -14"><span class='ocrx_word' id='word_1_140' title='bbox 332 1508 451 1559; x_wconf 84' lang='lat' dir='ltr'><strong>Quid</strong></span> <span class='ocrx_word' id='word_1_141' title='bbox 469 1508 597 1550; x_wconf 82' lang='lat' dir='ltr'><strong>facias</strong></span> <span class='ocrx_word' id='word_1_142' title='bbox 617 1507 711 1550; x_wconf 83' lang='lat' dir='ltr'><strong>illi?</strong></span> <span class='ocrx_word' id='word_1_143' title='bbox 733 1509 884 1565; x_wconf 87' lang='lat' dir='ltr'><strong>jubeas</strong></span> <span class='ocrx_word' id='word_1_144' title='bbox 904 1509 1106 1551; x_wconf 89' lang='lat' dir='ltr'><strong>miserum</strong></span> <span class='ocrx_word' id='word_1_145' title='bbox 1126 1525 1230 1561; x_wconf 90' lang='lat' dir='ltr'><strong>esse,</strong></span> <span class='ocrx_word' id='word_1_146' title='bbox 1262 1510 1442 1552; x_wconf 86' lang='lat' dir='ltr'><strong>libenter</strong></span> 
     </span>
     <span class='ocr_line' id='line_1_25' title="bbox 333 1577 1514 1634; baseline 0.001 -15"><span class='ocrx_word' id='word_1_147' title='bbox 333 1577 555 1628; x_wconf 86' lang='lat' dir='ltr'><strong>Quatenus</strong></span> <span class='ocrx_word' id='word_1_148' title='bbox 574 1578 622 1620; x_wconf 92' lang='lat' dir='ltr'><strong>id</strong></span> <span class='ocrx_word' id='word_1_149' title='bbox 641 1577 763 1627; x_wconf 84' lang='lat' dir='ltr'><strong>facit3</strong></span> <span class='ocrx_word' id='word_1_150' title='bbox 795 1586 843 1620; x_wconf 90' lang='lat' dir='ltr'><strong>ut</strong></span> <span class='ocrx_word' id='word_1_151' title='bbox 863 1578 1035 1634; x_wconf 87' lang='lat' dir='ltr'><strong>quidam</strong></span> <span class='ocrx_word' id='word_1_152' title='bbox 1055 1587 1315 1621; x_wconf 86' lang='lat' dir='ltr'><strong>memoratur</strong></span> <span class='ocrx_word' id='word_1_153' title='bbox 1334 1578 1514 1622; x_wconf 87' lang='lat' dir='ltr'><strong>Athenis</strong></span> 
     </span>
    </p>
   </div>
   <div class='ocr_carea' id='block_1_15' title="bbox 209 1694 983 2522">
    <p class='ocr_par' dir='ltr' id='par_1_17' title="bbox 209 1694 980 2168">
     <span class='ocr_line' id='line_1_26' title="bbox 211 1694 978 1736; baseline -0.003 -8"><span class='ocrx_word' id='word_1_154' title='bbox 211 1695 351 1736; x_wconf 72' lang='lat' dir='ltr'><strong>copiam)</strong></span> <span class='ocrx_word' id='word_1_155' title='bbox 366 1704 431 1726; x_wconf 90' lang='lat' dir='ltr'><strong>non</strong></span> <span class='ocrx_word' id='word_1_156' title='bbox 452 1694 525 1735; x_wconf 87' lang='lat' dir='ltr'><strong>plus</strong></span> <span class='ocrx_word' id='word_1_157' title='bbox 538 1701 646 1727; x_wconf 79' lang='lat' dir='ltr'><strong>venter</strong></span> <span class='ocrx_word' id='word_1_158' title='bbox 658 1701 744 1733; x_wconf 84' lang='lat' dir='ltr'><strong>tuus,</strong></span> <span class='ocrx_word' id='word_1_159' title='bbox 767 1705 864 1736; x_wconf 85' lang='lat' dir='ltr'><strong>quam</strong></span> <span class='ocrx_word' id='word_1_160' title='bbox 877 1705 978 1732; x_wconf 81' lang='lat' dir='ltr'><strong>meus,</strong></span> 
     </span>
     <span class='ocr_line' id='line_1_27' title="bbox 211 1739 977 1789; baseline 0 -19"><span class='ocrx_word' id='word_1_161' title='bbox 211 1739 334 1779; x_wconf 74' lang='lat' dir='ltr'><strong>capiet3</strong></span> <span class='ocrx_word' id='word_1_162' title='bbox 345 1739 529 1789; x_wconf 80' lang='lat' dir='ltr'><strong>frumenta,</strong></span> <span class='ocrx_word' id='word_1_163' title='bbox 553 1749 625 1780; x_wconf 91' lang='lat' dir='ltr'><strong>quae</strong></span> <span class='ocrx_word' id='word_1_164' title='bbox 646 1740 827 1770; x_wconf 77' lang='lat' dir='ltr'><strong>terebantur</strong></span> <span class='ocrx_word' id='word_1_165' title='bbox 848 1739 882 1769; x_wconf 88' lang='lat' dir='ltr'><strong>in</strong></span> <span class='ocrx_word' id='word_1_166' title='bbox 896 1749 977 1774; x_wconf 79' lang='lat' dir='ltr'><strong>area,</strong></span> 
     </span>
     <span class='ocr_line' id='line_1_28' title="bbox 212 1781 980 1824; baseline -0.001 -11"><span class='ocrx_word' id='word_1_167' title='bbox 212 1784 244 1813; x_wconf 89' lang='lat' dir='ltr'><strong>h.</strong></span> <span class='ocrx_word' id='word_1_168' title='bbox 263 1793 290 1813; x_wconf 88' lang='lat' dir='ltr'><strong>e.</strong></span> <span class='ocrx_word' id='word_1_169' title='bbox 308 1781 343 1813; x_wconf 90' lang='lat' dir='ltr'><strong>in</strong></span> <span class='ocrx_word' id='word_1_170' title='bbox 364 1792 450 1824; x_wconf 79' lang='lat' dir='ltr'><strong>agro,</strong></span> <span class='ocrx_word' id='word_1_171' title='bbox 472 1782 530 1813; x_wconf 91' lang='lat' dir='ltr'><strong>ubi</strong></span> <span class='ocrx_word' id='word_1_172' title='bbox 551 1782 592 1813; x_wconf 82' lang='lat' dir='ltr'><strong>ad</strong></span> <span class='ocrx_word' id='word_1_173' title='bbox 613 1782 757 1813; x_wconf 71' lang='lat' dir='ltr'><strong>terendas</strong></span> <span class='ocrx_word' id='word_1_174' title='bbox 777 1782 886 1823; x_wconf 82' lang='lat' dir='ltr'><strong>fruges</strong></span> <span class='ocrx_word' id='word_1_175' title='bbox 907 1792 980 1813; x_wconf 80' lang='lat' dir='ltr'><strong>area</strong></span> 
     </span>
     <span class='ocr_line' id='line_1_29' title="bbox 211 1824 980 1867; baseline -0.004 -10"><span class='ocrx_word' id='word_1_176' title='bbox 211 1826 294 1857; x_wconf 67' lang='lat' dir='ltr'><strong>facta</strong></span> <span class='ocrx_word' id='word_1_177' title='bbox 309 1832 375 1864; x_wconf 80' lang='lat' dir='ltr'><strong>est3</strong></span> <span class='ocrx_word' id='word_1_178' title='bbox 398 1825 483 1856; x_wconf 85' lang='lat' dir='ltr'><strong>conf.</strong></span> <span class='ocrx_word' id='word_1_179' title='bbox 499 1825 649 1865; x_wconf 76' lang='lat' dir='ltr'><strong>supraad</strong></span> <span class='ocrx_word' id='word_1_180' title='bbox 665 1826 729 1857; x_wconf 84' lang='lat' dir='ltr'><strong>Od.</strong></span> <span class='ocrx_word' id='word_1_181' title='bbox 751 1824 980 1867; x_wconf 80' lang='lat' dir='ltr'><strong>1.1‚10.jam</strong></span> 
     </span>
     <span class='ocr_line' id='line_1_30' title="bbox 209 1836 976 1911; baseline -0.003 -10"><span class='ocrx_word' id='word_1_182' title='bbox 209 1871 278 1911; x_wconf 82' lang='lat' dir='ltr'><strong>ipsa</strong></span> <span class='ocrx_word' id='word_1_183' title='bbox 302 1881 377 1901; x_wconf 82' lang='lat' dir='ltr'><strong>area</strong></span> <span class='ocrx_word' id='word_1_184' title='bbox 402 1875 500 1901; x_wconf 72' lang='lat' dir='ltr'><strong>terere</strong></span> <span class='ocrx_word' id='word_1_185' title='bbox 524 1869 648 1900; x_wconf 87' lang='lat' dir='ltr'><strong>dicitur.</strong></span> <span class='ocrx_word' id='word_1_186' title='bbox 679 1869 800 1901; x_wconf 86' lang='lat' dir='ltr'><strong>Tibull.</strong></span> <span class='ocrx_word' id='word_1_187' title='bbox 827 1869 856 1900; x_wconf 98' lang='grc' dir='ltr'><strong>Ι.</strong></span> <span class='ocrx_word' id='word_1_188' title='bbox 873 1869 907 1906; x_wconf 89' lang='lat'><strong>5,</strong></span> <span class='ocrx_word' id='word_1_189' title='bbox 912 1836 976 1899; x_wconf 73' lang='lat' dir='ltr'><strong>J22.</strong></span> 
     </span>
     <span class='ocr_line' id='line_1_31' title="bbox 211 1913 977 1954; baseline -0.003 -9"><span class='ocrx_word' id='word_1_190' title='bbox 211 1915 299 1945; x_wconf 84' lang='lat' dir='ltr'><strong>Area</strong></span> <span class='ocrx_word' id='word_1_191' title='bbox 314 1915 393 1945; x_wconf 84' lang='lat' dir='ltr'><strong>dum</strong></span> <span class='ocrx_word' id='word_1_192' title='bbox 407 1923 517 1945; x_wconf 75' lang='lat' dir='ltr'><strong>messes</strong></span> <span class='ocrx_word' id='word_1_193' title='bbox 531 1915 590 1944; x_wconf 81' lang='lat' dir='ltr'><strong>sole</strong></span> <span class='ocrx_word' id='word_1_194' title='bbox 605 1915 723 1944; x_wconf 78' lang='lat' dir='ltr'><strong>calente</strong></span> <span class='ocrx_word' id='word_1_195' title='bbox 743 1919 830 1944; x_wconf 84' lang='lat' dir='ltr'><strong>teret.</strong></span> <span class='ocrx_word' id='word_1_196' title='bbox 860 1913 977 1954; x_wconf 85' lang='lat' dir='ltr'><strong>virgil.</strong></span> 
     </span>
     <span class='ocr_line' id='line_1_32' title="bbox 214 1954 979 1998; baseline 0 -11"><span class='ocrx_word' id='word_1_197' title='bbox 214 1956 334 1998; x_wconf 86' lang='lat' dir='ltr'><strong>Georg.</strong></span> <span class='ocrx_word' id='word_1_198' title='bbox 355 1957 383 1987; x_wconf 93' lang='lat'><strong>1.</strong></span> <span class='ocrx_word' id='word_1_199' title='bbox 404 1954 476 1986; x_wconf 86' lang='grc'><strong>192.</strong></span> <span class='ocrx_word' id='word_1_200' title='bbox 506 1958 729 1998; x_wconf 79' lang='lat' dir='ltr'><strong>Nequicquam</strong></span> <span class='ocrx_word' id='word_1_201' title='bbox 738 1958 872 1997; x_wconf 79' lang='lat' dir='ltr'><strong>pingues</strong></span> <span class='ocrx_word' id='word_1_202' title='bbox 887 1958 979 1997; x_wconf 81' lang='lat' dir='ltr'><strong>palea</strong></span> 
     </span>
     <span class='ocr_line' id='line_1_33' title="bbox 211 1999 978 2039; baseline 0 -8"><span class='ocrx_word' id='word_1_203' title='bbox 211 2006 288 2031; x_wconf 80' lang='lat' dir='ltr'><strong>teret</strong></span> <span class='ocrx_word' id='word_1_204' title='bbox 302 2011 375 2031; x_wconf 82' lang='lat' dir='ltr'><strong>area</strong></span> <span class='ocrx_word' id='word_1_205' title='bbox 390 2002 517 2031; x_wconf 78' lang='lat' dir='ltr'><strong>culmos.</strong></span> <span class='ocrx_word' id='word_1_206' title='bbox 563 2002 619 2031; x_wconf 79' lang='lat' dir='ltr'><strong>hoc</strong></span> <span class='ocrx_word' id='word_1_207' title='bbox 640 2009 714 2039; x_wconf 85' lang='lat' dir='ltr'><strong>pro:</strong></span> <span class='ocrx_word' id='word_1_208' title='bbox 745 2001 786 2030; x_wconf 91' lang='lat' dir='ltr'><strong>ob</strong></span> <span class='ocrx_word' id='word_1_209' title='bbox 800 2003 870 2037; x_wconf 81' lang='lat' dir='ltr'><strong>hoc,</strong></span> <span class='ocrx_word' id='word_1_210' title='bbox 896 1999 978 2037; x_wconf 85' lang='lat' dir='ltr'><strong>ideo,</strong></span> 
     </span>
     <span class='ocr_line' id='line_1_34' title="bbox 211 2042 975 2084; baseline 0 -10"><span class='ocrx_word' id='word_1_211' title='bbox 211 2043 327 2084; x_wconf 79' lang='lat' dir='ltr'><strong>passim</strong></span> <span class='ocrx_word' id='word_1_212' title='bbox 342 2043 427 2083; x_wconf 84' lang='lat' dir='ltr'><strong>apud</strong></span> <span class='ocrx_word' id='word_1_213' title='bbox 443 2043 606 2074; x_wconf 72' lang='lat' dir='ltr'><strong>Nostrum.</strong></span> <span class='ocrx_word' id='word_1_214' title='bbox 638 2043 702 2075; x_wconf 81' lang='lat' dir='ltr'><strong>Sat.</strong></span> <span class='ocrx_word' id='word_1_215' title='bbox 730 2043 758 2074; x_wconf 94' lang='lat'><strong>1.</strong></span> <span class='ocrx_word' id='word_1_216' title='bbox 777 2042 807 2077; x_wconf 91' lang='grc'><strong>2,</strong></span> <span class='ocrx_word' id='word_1_217' title='bbox 825 2042 878 2074; x_wconf 86' lang='grc'><strong>81.</strong></span> <span class='ocrx_word' id='word_1_218' title='bbox 912 2044 975 2074; x_wconf 82' lang='lat' dir='ltr'><strong>Sat.</strong></span> 
     </span>
     <span class='ocr_line' id='line_1_35' title="bbox 214 2085 976 2125; baseline 0.001 -8"><span class='ocrx_word' id='word_1_219' title='bbox 214 2087 244 2117; x_wconf 90' lang='lat'><strong>1.</strong></span> <span class='ocrx_word' id='word_1_220' title='bbox 263 2086 295 2124; x_wconf 89' lang='lat'><strong>3,</strong></span> <span class='ocrx_word' id='word_1_221' title='bbox 310 2086 364 2118; x_wconf 87' lang='lat'><strong>93.</strong></span> <span class='ocrx_word' id='word_1_222' title='bbox 392 2087 457 2118; x_wconf 86' lang='lat' dir='ltr'><strong>Sat.</strong></span> <span class='ocrx_word' id='word_1_223' title='bbox 483 2086 511 2117; x_wconf 94' lang='grc' dir='ltr'><strong>Ι.</strong></span> <span class='ocrx_word' id='word_1_224' title='bbox 529 2085 561 2125; x_wconf 78' lang='lat'><strong>4,</strong></span> <span class='ocrx_word' id='word_1_225' title='bbox 585 2086 615 2118; x_wconf 90' lang='lat'><strong>9.</strong></span> <span class='ocrx_word' id='word_1_226' title='bbox 632 2086 664 2123; x_wconf 85' lang='lat'><strong>6,</strong></span> <span class='ocrx_word' id='word_1_227' title='bbox 682 2085 736 2118; x_wconf 76' lang='lat'><strong>41.</strong></span> <span class='ocrx_word' id='word_1_228' title='bbox 754 2093 786 2118; x_wconf 84' lang='lat' dir='ltr'><strong>et</strong></span> <span class='ocrx_word' id='word_1_229' title='bbox 799 2086 852 2118; x_wconf 90' lang='grc'><strong>52.</strong></span> <span class='ocrx_word' id='word_1_230' title='bbox 871 2093 902 2118; x_wconf 90' lang='lat' dir='ltr'><strong>et</strong></span> <span class='ocrx_word' id='word_1_231' title='bbox 922 2085 976 2118; x_wconf 86' lang='grc'><strong>87.</strong></span> 
     </span>
     <span class='ocr_line' id='line_1_36' title="bbox 213 2130 292 2168; baseline 0 -7"><span class='ocrx_word' id='word_1_232' title='bbox 213 2130 245 2168; x_wconf 90' lang='grc'><strong>9,</strong></span> <span class='ocrx_word' id='word_1_233' title='bbox 260 2130 292 2161; x_wconf 89' lang='grc'><strong>8.</strong></span> 
     </span>
    </p>

    <p class='ocr_par' dir='ltr' id='par_1_18' title="bbox 211 2172 979 2249">
     <span class='ocr_line' id='line_1_37' title="bbox 256 2172 979 2214; baseline 0 -10"><span class='ocrx_word' id='word_1_234' title='bbox 256 2185 286 2206; x_wconf 88' lang='lat' dir='ltr'><strong>v.</strong></span> <span class='ocrx_word' id='word_1_235' title='bbox 310 2172 364 2204; x_wconf 79' lang='lat'><strong>47.</strong></span> <span class='ocrx_word' id='word_1_236' title='bbox 391 2175 567 2212; x_wconf 81' lang='lat' dir='ltr'><strong>reticulum,</strong></span> <span class='ocrx_word' id='word_1_237' title='bbox 589 2173 726 2205; x_wconf 85' lang='lat' dir='ltr'><strong>mantica</strong></span> <span class='ocrx_word' id='word_1_238' title='bbox 747 2174 811 2205; x_wconf 89' lang='lat' dir='ltr'><strong>sive</strong></span> <span class='ocrx_word' id='word_1_239' title='bbox 833 2184 917 2214; x_wconf 82' lang='lat' dir='ltr'><strong>pera,</strong></span> <span class='ocrx_word' id='word_1_240' title='bbox 940 2184 979 2204; x_wconf 83' lang='lat' dir='ltr'><strong>ex</strong></span> 
     </span>
     <span class='ocr_line' id='line_1_38' title="bbox 211 2218 439 2249; baseline 0 -1"><span class='ocrx_word' id='word_1_241' title='bbox 211 2218 272 2249; x_wconf 85' lang='lat' dir='ltr'><strong>reti</strong></span> <span class='ocrx_word' id='word_1_242' title='bbox 285 2223 439 2249; x_wconf 77' lang='lat' dir='ltr'><strong>contexta.</strong></span> 
     </span>
    </p>

    <p class='ocr_par' dir='ltr' id='par_1_19' title="bbox 213 2260 983 2522">
     <span class='ocr_line' id='line_1_39' title="bbox 257 2260 979 2301; baseline 0 -10"><span class='ocrx_word' id='word_1_243' title='bbox 257 2271 285 2292; x_wconf 81' lang='lat' dir='ltr'><strong>v.</strong></span> <span class='ocrx_word' id='word_1_244' title='bbox 302 2260 355 2292; x_wconf 90' lang='grc'><strong>50.</strong></span> <span class='ocrx_word' id='word_1_245' title='bbox 374 2261 494 2292; x_wconf 70' lang='lat' dir='ltr'><strong>viventi.</strong></span> <span class='ocrx_word' id='word_1_246' title='bbox 513 2260 563 2291; x_wconf 89' lang='lat' dir='ltr'><strong>vix</strong></span> <span class='ocrx_word' id='word_1_247' title='bbox 580 2261 679 2297; x_wconf 86' lang='lat' dir='ltr'><strong>locus,</strong></span> <span class='ocrx_word' id='word_1_248' title='bbox 694 2268 781 2301; x_wconf 87' lang='lat' dir='ltr'><strong>puto,</strong></span> <span class='ocrx_word' id='word_1_249' title='bbox 799 2260 979 2292; x_wconf 82' lang='lat' dir='ltr'><strong>idoneusex</strong></span> 
     </span>
     <span class='ocr_line' id='line_1_40' title="bbox 214 2303 978 2345; baseline -0.001 -10"><span class='ocrx_word' id='word_1_250' title='bbox 214 2305 362 2344; x_wconf 79' lang='lat' dir='ltr'><strong>scriptore</strong></span> <span class='ocrx_word' id='word_1_251' title='bbox 390 2303 506 2345; x_wconf 81' lang='lat' dir='ltr'><strong>aliquo,</strong></span> <span class='ocrx_word' id='word_1_252' title='bbox 537 2305 592 2345; x_wconf 92' lang='lat' dir='ltr'><strong>qui</strong></span> <span class='ocrx_word' id='word_1_253' title='bbox 622 2305 749 2336; x_wconf 82' lang='lat' dir='ltr'><strong>Horatii</strong></span> <span class='ocrx_word' id='word_1_254' title='bbox 775 2311 866 2335; x_wconf 84' lang='lat' dir='ltr'><strong>aetate</strong></span> <span class='ocrx_word' id='word_1_255' title='bbox 891 2304 978 2341; x_wconf 84' lang='lat' dir='ltr'><strong>vixit,</strong></span> 
     </span>
     <span class='ocr_line' id='line_1_41' title="bbox 213 2347 981 2399; baseline -0.001 -20"><span class='ocrx_word' id='word_1_256' title='bbox 213 2348 318 2379; x_wconf 84' lang='lat' dir='ltr'><strong>afferri</strong></span> <span class='ocrx_word' id='word_1_257' title='bbox 330 2347 452 2388; x_wconf 86' lang='lat' dir='ltr'><strong>poterit,</strong></span> <span class='ocrx_word' id='word_1_258' title='bbox 465 2347 519 2377; x_wconf 92' lang='lat' dir='ltr'><strong>ubi</strong></span> <span class='ocrx_word' id='word_1_259' title='bbox 531 2347 729 2388; x_wconf 79' lang='lat' dir='ltr'><strong>impersonali</strong></span> <span class='ocrx_word' id='word_1_260' title='bbox 743 2349 837 2391; x_wconf 62' lang='lat' dir='ltr'><strong>rffert</strong></span> <span class='ocrx_word' id='word_1_261' title='bbox 848 2348 981 2399; x_wconf 74' lang='lat' dir='ltr'><strong>junctus</strong></span> 
     </span>
     <span class='ocr_line' id='line_1_42' title="bbox 214 2390 981 2433; baseline 0 -10"><span class='ocrx_word' id='word_1_262' title='bbox 214 2392 255 2423; x_wconf 84' lang='lat' dir='ltr'><strong>sit</strong></span> <span class='ocrx_word' id='word_1_263' title='bbox 289 2391 423 2423; x_wconf 75' lang='lat' dir='ltr'><strong>dativus.</strong></span> <span class='ocrx_word' id='word_1_264' title='bbox 471 2390 615 2422; x_wconf 83' lang='lat' dir='ltr'><strong>Fuerunt</strong></span> <span class='ocrx_word' id='word_1_265' title='bbox 644 2391 750 2433; x_wconf 87' lang='lat' dir='ltr'><strong>igitur,</strong></span> <span class='ocrx_word' id='word_1_266' title='bbox 784 2392 838 2433; x_wconf 93' lang='lat' dir='ltr'><strong>qui</strong></span> <span class='ocrx_word' id='word_1_267' title='bbox 867 2393 981 2423; x_wconf 76' lang='lat' dir='ltr'><strong>viventi</strong></span> 
     </span>
     <span class='ocr_line' id='line_1_43' title="bbox 214 2434 983 2475; baseline -0.001 -9"><span class='ocrx_word' id='word_1_268' title='bbox 214 2441 374 2467; x_wconf 77' lang='lat' dir='ltr'><strong>mutarent</strong></span> <span class='ocrx_word' id='word_1_269' title='bbox 386 2434 419 2465; x_wconf 88' lang='lat' dir='ltr'><strong>in</strong></span> <span class='ocrx_word' id='word_1_270' title='bbox 434 2435 570 2466; x_wconf 73' lang='lat' dir='ltr'><strong>viventis.</strong></span> <span class='ocrx_word' id='word_1_271' title='bbox 599 2435 760 2475; x_wconf 87' lang='lat' dir='ltr'><strong>Equidem</strong></span> <span class='ocrx_word' id='word_1_272' title='bbox 775 2434 903 2465; x_wconf 87' lang='lat' dir='ltr'><strong>malim.</strong></span> <span class='ocrx_word' id='word_1_273' title='bbox 930 2436 983 2465; x_wconf 83' lang='lat' dir='ltr'><strong>Vel</strong></span> 
     </span>
     <span class='ocr_line' id='line_1_44' title="bbox 213 2479 980 2522; baseline -0.001 -12"><span class='ocrx_word' id='word_1_274' title='bbox 213 2481 274 2515; x_wconf 80' lang='lat' dir='ltr'><strong>dic,</strong></span> <span class='ocrx_word' id='word_1_275' title='bbox 290 2480 366 2521; x_wconf 78' lang='lat' dir='ltr'><strong>quid</strong></span> <span class='ocrx_word' id='word_1_276' title='bbox 379 2479 505 2522; x_wconf 58' lang='lat' dir='ltr'><strong>referat,</strong></span> <span class='ocrx_word' id='word_1_277' title='bbox 527 2479 613 2509; x_wconf 84' lang='lat' dir='ltr'><strong>intra</strong></span> <span class='ocrx_word' id='word_1_278' title='bbox 630 2480 772 2510; x_wconf 72' lang='lat' dir='ltr'><strong>Naturoe</strong></span> <span class='ocrx_word' id='word_1_279' title='bbox 775 2480 864 2521; x_wconf 78' lang='lat' dir='ltr'><strong>fines</strong></span> <span class='ocrx_word' id='word_1_280' title='bbox 878 2480 980 2510; x_wconf 82' lang='lat' dir='ltr'><strong>vivens</strong></span> 
     </span>
    </p>
   </div>
   <div class='ocr_carea' id='block_1_16' title="bbox 1020 1695 1799 2518">
    <p class='ocr_par' dir='ltr' id='par_1_20' title="bbox 1021 1695 1799 2130">
     <span class='ocr_line' id='line_1_45' title="bbox 1067 1695 1788 1730; baseline 0.004 -3"><span class='ocrx_word' id='word_1_281' title='bbox 1067 1706 1094 1726; x_wconf 86' lang='lat' dir='ltr'><strong>v.</strong></span> <span class='ocrx_word' id='word_1_282' title='bbox 1124 1695 1179 1727; x_wconf 88' lang='lat'><strong>53.</strong></span> <span class='ocrx_word' id='word_1_283' title='bbox 1211 1698 1352 1728; x_wconf 72' lang='lat' dir='ltr'><strong>cumeris.</strong></span> <span class='ocrx_word' id='word_1_284' title='bbox 1391 1695 1495 1728; x_wconf 83' lang='lat' dir='ltr'><strong>schol.</strong></span> <span class='ocrx_word' id='word_1_285' title='bbox 1524 1696 1601 1727; x_wconf 81' lang='lat' dir='ltr'><strong>Acr.</strong></span> <span class='ocrx_word' id='word_1_286' title='bbox 1627 1708 1788 1730; x_wconf 67' lang='lat' dir='ltr'><strong>emmeram</strong></span> 
     </span>
     <span class='ocr_line' id='line_1_46' title="bbox 1023 1741 1694 1781; baseline 0.001 -10"><span class='ocrx_word' id='word_1_287' title='bbox 1023 1741 1158 1771; x_wconf 73' lang='lat' dir='ltr'><strong>dicimus</strong></span> <span class='ocrx_word' id='word_1_288' title='bbox 1171 1751 1224 1772; x_wconf 77' lang='lat' dir='ltr'><strong>vas</strong></span> <span class='ocrx_word' id='word_1_289' title='bbox 1246 1742 1356 1781; x_wconf 81' lang='lat' dir='ltr'><strong>ingens</strong></span> <span class='ocrx_word' id='word_1_290' title='bbox 1374 1741 1554 1776; x_wconf 71' lang='lat' dir='ltr'><strong>vimineum,</strong></span> <span class='ocrx_word' id='word_1_291' title='bbox 1575 1742 1610 1772; x_wconf 80' lang='lat' dir='ltr'><strong>in</strong></span> <span class='ocrx_word' id='word_1_292' title='bbox 1633 1751 1694 1781; x_wconf 76' lang='lat' dir='ltr'><strong>quo</strong></span> 
     </span>
     <span class='ocr_line' id='line_1_47' title="bbox 1021 1784 1799 1826; baseline 0.003 -12"><span class='ocrx_word' id='word_1_293' title='bbox 1021 1789 1128 1814; x_wconf 74' lang='lat' dir='ltr'><strong>menta</strong></span> <span class='ocrx_word' id='word_1_294' title='bbox 1142 1785 1331 1815; x_wconf 62' lang='lat' dir='ltr'><strong>conduntur.</strong></span> <span class='ocrx_word' id='word_1_295' title='bbox 1380 1784 1433 1815; x_wconf 83' lang='lat' dir='ltr'><strong>Sic</strong></span> <span class='ocrx_word' id='word_1_296' title='bbox 1445 1784 1510 1823; x_wconf 77' lang='lat' dir='ltr'><strong>ipse</strong></span> <span class='ocrx_word' id='word_1_297' title='bbox 1523 1784 1595 1815; x_wconf 74' lang='lat' dir='ltr'><strong>alibi</strong></span> <span class='ocrx_word' id='word_1_298' title='bbox 1617 1784 1799 1826; x_wconf 53' lang='lat' dir='ltr'><strong>(Epist-1.</strong></span> 
     </span>
     <span class='ocr_line' id='line_1_48' title="bbox 1024 1825 1786 1871; baseline 0.005 -15"><span class='ocrx_word' id='word_1_299' title='bbox 1024 1825 1054 1862; x_wconf 90' lang='grc'><strong>7,</strong></span> <span class='ocrx_word' id='word_1_300' title='bbox 1067 1825 1117 1857; x_wconf 89' lang='grc'><strong>30.</strong></span> <span class='ocrx_word' id='word_1_301' title='bbox 1122 1826 1146 1866; x_wconf 93' lang='grc'><strong>).</strong></span> <span class='ocrx_word' id='word_1_302' title='bbox 1194 1828 1262 1858; x_wconf 79' lang='lat' dir='ltr'><strong>Sive</strong></span> <span class='ocrx_word' id='word_1_303' title='bbox 1273 1838 1409 1859; x_wconf 81' lang='lat' dir='ltr'><strong>cumerae</strong></span> <span class='ocrx_word' id='word_1_304' title='bbox 1422 1828 1573 1858; x_wconf 75' lang='lat' dir='ltr'><strong>dicuntur</strong></span> <span class='ocrx_word' id='word_1_305' title='bbox 1587 1829 1786 1871; x_wconf 69' lang='lat' dir='ltr'><strong>wmfictilia,</strong></span> 
     </span>
     <span class='ocr_line' id='line_1_49' title="bbox 1024 1871 1790 1912; baseline 0.004 -11"><span class='ocrx_word' id='word_1_306' title='bbox 1024 1871 1137 1901; x_wconf 81' lang='lat' dir='ltr'><strong>similia</strong></span> <span class='ocrx_word' id='word_1_307' title='bbox 1152 1871 1249 1907; x_wconf 78' lang='lat' dir='ltr'><strong>doliis,</strong></span> <span class='ocrx_word' id='word_1_308' title='bbox 1263 1871 1319 1902; x_wconf 81' lang='lat' dir='ltr'><strong>ubi</strong></span> <span class='ocrx_word' id='word_1_309' title='bbox 1329 1871 1543 1911; x_wconf 79' lang='lat' dir='ltr'><strong>smmentum</strong></span> <span class='ocrx_word' id='word_1_310' title='bbox 1556 1880 1651 1902; x_wconf 70' lang='lat' dir='ltr'><strong>suum</strong></span> <span class='ocrx_word' id='word_1_311' title='bbox 1662 1882 1790 1912; x_wconf 81' lang='lat' dir='ltr'><strong>repone-</strong></span> 
     </span>
     <span class='ocr_line' id='line_1_50' title="bbox 1023 1915 1789 1954; baseline 0.003 -10"><span class='ocrx_word' id='word_1_312' title='bbox 1023 1915 1098 1945; x_wconf 76' lang='lat' dir='ltr'><strong>bant</strong></span> <span class='ocrx_word' id='word_1_313' title='bbox 1114 1915 1265 1954; x_wconf 70' lang='lat' dir='ltr'><strong>agricole.</strong></span> <span class='ocrx_word' id='word_1_314' title='bbox 1293 1915 1397 1945; x_wconf 77' lang='lat' dir='ltr'><strong>Tertio</strong></span> <span class='ocrx_word' id='word_1_315' title='bbox 1407 1924 1541 1946; x_wconf 83' lang='lat' dir='ltr'><strong>cumerae</strong></span> <span class='ocrx_word' id='word_1_316' title='bbox 1550 1916 1702 1946; x_wconf 76' lang='lat' dir='ltr'><strong>dicuntur</strong></span> <span class='ocrx_word' id='word_1_317' title='bbox 1715 1926 1789 1947; x_wconf 71' lang='lat' dir='ltr'><strong>vasa</strong></span> 
     </span>
     <span class='ocr_line' id='line_1_51' title="bbox 1022 1958 1789 1999; baseline 0.004 -11"><span class='ocrx_word' id='word_1_318' title='bbox 1022 1958 1158 1994; x_wconf 84' lang='lat' dir='ltr'><strong>minora,</strong></span> <span class='ocrx_word' id='word_1_319' title='bbox 1173 1969 1244 1998; x_wconf 81' lang='lat' dir='ltr'><strong>quae</strong></span> <span class='ocrx_word' id='word_1_320' title='bbox 1265 1959 1395 1998; x_wconf 78' lang='lat' dir='ltr'><strong>capiunt</strong></span> <span class='ocrx_word' id='word_1_321' title='bbox 1415 1958 1551 1999; x_wconf 75' lang='lat' dir='ltr'><strong>quinque</strong></span> <span class='ocrx_word' id='word_1_322' title='bbox 1571 1959 1632 1989; x_wconf 78' lang='lat' dir='ltr'><strong>sive</strong></span> <span class='ocrx_word' id='word_1_323' title='bbox 1653 1969 1703 1990; x_wconf 70' lang='lat' dir='ltr'><strong>sex</strong></span> <span class='ocrx_word' id='word_1_324' title='bbox 1723 1970 1789 1991; x_wconf 78' lang='lat' dir='ltr'><strong>mo-</strong></span> 
     </span>
     <span class='ocr_line' id='line_1_52' title="bbox 1023 2002 1789 2043; baseline 0.004 -12"><span class='ocrx_word' id='word_1_325' title='bbox 1023 2002 1096 2036; x_wconf 75' lang='lat' dir='ltr'><strong>dios,</strong></span> <span class='ocrx_word' id='word_1_326' title='bbox 1112 2012 1182 2043; x_wconf 70' lang='lat' dir='ltr'><strong>qua</strong></span> <span class='ocrx_word' id='word_1_327' title='bbox 1195 2002 1306 2041; x_wconf 82' lang='lat' dir='ltr'><strong>lingua</strong></span> <span class='ocrx_word' id='word_1_328' title='bbox 1321 2002 1508 2032; x_wconf 77' lang='lat' dir='ltr'><strong>Sabinorum</strong></span> <span class='ocrx_word' id='word_1_329' title='bbox 1521 2002 1669 2033; x_wconf 65' lang='lat' dir='ltr'><strong>trimodia</strong></span> <span class='ocrx_word' id='word_1_330' title='bbox 1678 2004 1789 2034; x_wconf 75' lang='lat' dir='ltr'><strong>dicun-</strong></span> 
     </span>
     <span class='ocr_line' id='line_1_53' title="bbox 1022 2044 1787 2086; baseline 0.001 -11"><span class='ocrx_word' id='word_1_331' title='bbox 1022 2051 1086 2075; x_wconf 77' lang='lat' dir='ltr'><strong>tur.</strong></span> <span class='ocrx_word' id='word_1_332' title='bbox 1173 2046 1336 2084; x_wconf 79' lang='lat' dir='ltr'><strong>granaria,</strong></span> <span class='ocrx_word' id='word_1_333' title='bbox 1360 2045 1431 2086; x_wconf 89' lang='lat' dir='ltr'><strong>(ubi</strong></span> <span class='ocrx_word' id='word_1_334' title='bbox 1451 2053 1551 2085; x_wconf 81' lang='lat' dir='ltr'><strong>grana</strong></span> <span class='ocrx_word' id='word_1_335' title='bbox 1570 2044 1701 2086; x_wconf 81' lang='lat' dir='ltr'><strong>frugum</strong></span> <span class='ocrx_word' id='word_1_336' title='bbox 1722 2055 1787 2077; x_wconf 76' lang='lat' dir='ltr'><strong>ser-</strong></span> 
     </span>
     <span class='ocr_line' id='line_1_54' title="bbox 1023 2087 1786 2130; baseline 0.004 -13"><span class='ocrx_word' id='word_1_337' title='bbox 1023 2092 1150 2127; x_wconf 85' lang='lat' dir='ltr'><strong>vantur)</strong></span> <span class='ocrx_word' id='word_1_338' title='bbox 1164 2097 1235 2118; x_wconf 87' lang='lat' dir='ltr'><strong>nos:</strong></span> <span class='ocrx_word' id='word_1_339' title='bbox 1241 2087 1482 2130; x_wconf 71' lang='lat' dir='ltr'><strong>fiuckt-biiden.</strong></span> <span class='ocrx_word' id='word_1_340' title='bbox 1485 2088 1616 2130; x_wconf 77' lang='lat' dir='ltr'><strong>frucht-</strong></span> <span class='ocrx_word' id='word_1_341' title='bbox 1607 2091 1786 2129; x_wconf 63' lang='lat' dir='ltr'><strong>-magnzina</strong></span> 
     </span>
    </p>

    <p class='ocr_par' dir='ltr' id='par_1_21' title="bbox 1023 2129 1789 2259">
     <span class='ocr_line' id='line_1_55' title="bbox 1067 2129 1789 2173; baseline 0.004 -12"><span class='ocrx_word' id='word_1_342' title='bbox 1067 2141 1095 2160; x_wconf 86' lang='lat' dir='ltr'><strong>v.</strong></span> <span class='ocrx_word' id='word_1_343' title='bbox 1123 2129 1176 2161; x_wconf 73' lang='grc'><strong>54.</strong></span> <span class='ocrx_word' id='word_1_344' title='bbox 1205 2133 1317 2173; x_wconf 75' lang='lat' dir='ltr'><strong>liquidi</strong></span> <span class='ocrx_word' id='word_1_345' title='bbox 1339 2130 1492 2171; x_wconf 54' lang='lat' dir='ltr'><strong>(liquoris</strong></span> <span class='ocrx_word' id='word_1_346' title='bbox 1514 2131 1619 2171; x_wconf 75' lang='lat' dir='ltr'><strong>aquae)</strong></span> <span class='ocrx_word' id='word_1_347' title='bbox 1641 2143 1735 2169; x_wconf 80' lang='lat' dir='ltr'><strong>uma,</strong></span> <span class='ocrx_word' id='word_1_348' title='bbox 1751 2139 1789 2163; x_wconf 88' lang='lat' dir='ltr'><strong>ut</strong></span> 
     </span>
     <span class='ocr_line' id='line_1_56' title="bbox 1023 2172 1786 2216; baseline 0.004 -12"><span class='ocrx_word' id='word_1_349' title='bbox 1023 2174 1106 2205; x_wconf 79' lang='lat' dir='ltr'><strong>infra</strong></span> <span class='ocrx_word' id='word_1_350' title='bbox 1127 2176 1190 2206; x_wconf 84' lang='lat' dir='ltr'><strong>Sat.</strong></span> <span class='ocrx_word' id='word_1_351' title='bbox 1219 2175 1247 2205; x_wconf 91' lang='grc' dir='ltr'><strong>Ι.</strong></span> <span class='ocrx_word' id='word_1_352' title='bbox 1272 2174 1304 2211; x_wconf 88' lang='grc'><strong>5,</strong></span> <span class='ocrx_word' id='word_1_353' title='bbox 1328 2172 1381 2204; x_wconf 87' lang='lat'><strong>91.</strong></span> <span class='ocrx_word' id='word_1_354' title='bbox 1406 2185 1502 2210; x_wconf 78' lang='lat' dir='ltr'><strong>urna,</strong></span> <span class='ocrx_word' id='word_1_355' title='bbox 1526 2184 1581 2205; x_wconf 81' lang='lat' dir='ltr'><strong>vas</strong></span> <span class='ocrx_word' id='word_1_356' title='bbox 1603 2175 1786 2216; x_wconf 79' lang='lat' dir='ltr'><strong>aquarium3</strong></span> 
     </span>
     <span class='ocr_line' id='line_1_57' title="bbox 1024 2219 1568 2259; baseline 0 -10"><span class='ocrx_word' id='word_1_357' title='bbox 1024 2227 1100 2249; x_wconf 78' lang='lat' dir='ltr'><strong>nos:</strong></span> <span class='ocrx_word' id='word_1_358' title='bbox 1124 2219 1325 2259; x_wconf 74' lang='lat' dir='ltr'><strong>wasserlcrug,</strong></span> <span class='ocrx_word' id='word_1_359' title='bbox 1341 2228 1463 2249; x_wconf 72' lang='lat' dir='ltr'><strong>wasser·</strong></span> <span class='ocrx_word' id='word_1_360' title='bbox 1466 2219 1568 2249; x_wconf 80' lang='lat' dir='ltr'><strong>eimer.</strong></span> 
     </span>
    </p>

    <p class='ocr_par' dir='ltr' id='par_1_22' title="bbox 1020 2260 1789 2467">
     <span class='ocr_line' id='line_1_58' title="bbox 1066 2260 1788 2302; baseline 0.001 -10"><span class='ocrx_word' id='word_1_361' title='bbox 1066 2272 1095 2292; x_wconf 87' lang='lat' dir='ltr'><strong>v.</strong></span> <span class='ocrx_word' id='word_1_362' title='bbox 1114 2260 1167 2292; x_wconf 88' lang='grc'><strong>55.</strong></span> <span class='ocrx_word' id='word_1_363' title='bbox 1183 2263 1304 2302; x_wconf 75' lang='lat' dir='ltr'><strong>cyatho,</strong></span> <span class='ocrx_word' id='word_1_364' title='bbox 1322 2261 1389 2302; x_wconf 80' lang='lat' dir='ltr'><strong>jam</strong></span> <span class='ocrx_word' id='word_1_365' title='bbox 1403 2260 1444 2292; x_wconf 83' lang='lat' dir='ltr'><strong>de</strong></span> <span class='ocrx_word' id='word_1_366' title='bbox 1457 2270 1533 2291; x_wconf 79' lang='lat' dir='ltr'><strong>vase</strong></span> <span class='ocrx_word' id='word_1_367' title='bbox 1543 2261 1672 2302; x_wconf 75' lang='lat' dir='ltr'><strong>aquario</strong></span> <span class='ocrx_word' id='word_1_368' title='bbox 1684 2262 1788 2294; x_wconf 85' lang='lat' dir='ltr'><strong>mino-</strong></span> 
     </span>
     <span class='ocr_line' id='line_1_59' title="bbox 1023 2304 1789 2346; baseline 0.003 -11"><span class='ocrx_word' id='word_1_369' title='bbox 1023 2316 1066 2342; x_wconf 87' lang='lat' dir='ltr'><strong>re,</strong></span> <span class='ocrx_word' id='word_1_370' title='bbox 1093 2315 1167 2336; x_wconf 84' lang='lat' dir='ltr'><strong>nos:</strong></span> <span class='ocrx_word' id='word_1_371' title='bbox 1197 2306 1313 2343; x_wconf 79' lang='lat' dir='ltr'><strong>becher,</strong></span> <span class='ocrx_word' id='word_1_372' title='bbox 1334 2306 1423 2346; x_wconf 79' lang='lat' dir='ltr'><strong>glas;</strong></span> <span class='ocrx_word' id='word_1_373' title='bbox 1452 2304 1481 2334; x_wconf 82' lang='lat' dir='ltr'><strong>si</strong></span> <span class='ocrx_word' id='word_1_374' title='bbox 1512 2310 1632 2344; x_wconf 66' lang='lat' dir='ltr'><strong>spectes</strong></span> <span class='ocrx_word' id='word_1_375' title='bbox 1657 2315 1789 2337; x_wconf 81' lang='lat' dir='ltr'><strong>mensu-</strong></span> 
     </span>
     <span class='ocr_line' id='line_1_60' title="bbox 1022 2347 1788 2390; baseline -0.004 -12"><span class='ocrx_word' id='word_1_376' title='bbox 1022 2359 1099 2385; x_wconf 71' lang='lat' dir='ltr'><strong>ram,</strong></span> <span class='ocrx_word' id='word_1_377' title='bbox 1115 2360 1200 2380; x_wconf 81' lang='lat' dir='ltr'><strong>urna</strong></span> <span class='ocrx_word' id='word_1_378' title='bbox 1213 2348 1393 2380; x_wconf 79' lang='lat' dir='ltr'><strong>continebat</strong></span> <span class='ocrx_word' id='word_1_379' title='bbox 1405 2353 1539 2388; x_wconf 80' lang='lat' dir='ltr'><strong>quatuor</strong></span> <span class='ocrx_word' id='word_1_380' title='bbox 1553 2347 1691 2390; x_wconf 70' lang='lat' dir='ltr'><strong>congios,</strong></span> <span class='ocrx_word' id='word_1_381' title='bbox 1712 2361 1788 2382; x_wconf 70' lang='lat' dir='ltr'><strong>m-</strong></span> 
     </span>
     <span class='ocr_line' id='line_1_61' title="bbox 1020 2390 1787 2434; baseline 0.001 -12"><span class='ocrx_word' id='word_1_382' title='bbox 1020 2394 1091 2432; x_wconf 83' lang='lat' dir='ltr'><strong>gius</strong></span> <span class='ocrx_word' id='word_1_383' title='bbox 1106 2402 1160 2423; x_wconf 84' lang='lat' dir='ltr'><strong>sex</strong></span> <span class='ocrx_word' id='word_1_384' title='bbox 1174 2391 1333 2430; x_wconf 80' lang='lat' dir='ltr'><strong>sextarios,</strong></span> <span class='ocrx_word' id='word_1_385' title='bbox 1355 2390 1508 2423; x_wconf 77' lang='lat' dir='ltr'><strong>sextarius</strong></span> <span class='ocrx_word' id='word_1_386' title='bbox 1527 2390 1694 2423; x_wconf 75' lang='lat' dir='ltr'><strong>duodecim</strong></span> <span class='ocrx_word' id='word_1_387' title='bbox 1714 2404 1787 2434; x_wconf 79' lang='lat' dir='ltr'><strong>cya-</strong></span> 
     </span>
     <span class='ocr_line' id='line_1_62' title="bbox 1024 2438 1099 2467; baseline 0.015 -1"><span class='ocrx_word' id='word_1_388' title='bbox 1024 2438 1099 2467; x_wconf 77' lang='lat' dir='ltr'><strong>thos</strong></span> 
     </span>
    </p>

    <p class='ocr_par' dir='ltr' id='par_1_23' title="bbox 1066 2477 1786 2518">
     <span class='ocr_line' id='line_1_63' title="bbox 1066 2477 1786 2518; baseline 0.003 -10"><span class='ocrx_word' id='word_1_389' title='bbox 1066 2489 1094 2509; x_wconf 84' lang='lat' dir='ltr'><strong>v.</strong></span> <span class='ocrx_word' id='word_1_390' title='bbox 1119 2478 1171 2509; x_wconf 88' lang='lat'><strong>56.</strong></span> <span class='ocrx_word' id='word_1_391' title='bbox 1200 2490 1235 2510; x_wconf 73' lang='lat' dir='ltr'><strong>ea·</strong></span> <span class='ocrx_word' id='word_1_392' title='bbox 1258 2481 1322 2515; x_wconf 81' lang='lat' dir='ltr'><strong>hoc,</strong></span> <span class='ocrx_word' id='word_1_393' title='bbox 1337 2477 1519 2518; x_wconf 80' lang='lat' dir='ltr'><strong>antepedes</strong></span> <span class='ocrx_word' id='word_1_394' title='bbox 1533 2483 1690 2509; x_wconf 68' lang='lat' dir='ltr'><strong>manante·</strong></span> <span class='ocrx_word' id='word_1_395' title='bbox 1737 2480 1786 2510; x_wconf 85' lang='lat' dir='ltr'><strong>Eo</strong></span> 
     </span>
    </p>
   </div>
   <div class='ocr_carea' id='block_1_17' title="bbox 214 2521 1788 2564">
    <p class='ocr_par' dir='ltr' id='par_1_24' title="bbox 214 2521 1788 2564">
     <span class='ocr_line' id='line_1_64' title="bbox 214 2521 1788 2564; baseline -0.001 -9"><span class='ocrx_word' id='word_1_396' title='bbox 214 2534 296 2555; x_wconf 80' lang='lat' dir='ltr'><strong>num</strong></span> <span class='ocrx_word' id='word_1_397' title='bbox 300 2533 419 2563; x_wconf 62' lang='lat' dir='ltr'><strong>jugem</strong></span> <span class='ocrx_word' id='word_1_398' title='bbox 433 2527 569 2558; x_wconf 78' lang='lat' dir='ltr'><strong>centum,</strong></span> <span class='ocrx_word' id='word_1_399' title='bbox 581 2533 626 2552; x_wconf 84' lang='lat' dir='ltr'><strong>an</strong></span> <span class='ocrx_word' id='word_1_400' title='bbox 640 2523 729 2553; x_wconf 79' lang='lat' dir='ltr'><strong>Mille</strong></span> <span class='ocrx_word' id='word_1_401' title='bbox 743 2528 827 2553; x_wconf 80' lang='lat' dir='ltr'><strong>aret.</strong></span> <span class='ocrx_word' id='word_1_402' title='bbox 822 2521 838 2543; x_wconf 79' lang='lat'><strong>¹⁹</strong></span> <span class='ocrx_word' id='word_1_403' title='bbox 854 2521 904 2551; x_wconf 86' lang='lat' dir='ltr'><strong>vel</strong></span> <span class='ocrx_word' id='word_1_404' title='bbox 918 2521 979 2557; x_wconf 85' lang='lat' dir='ltr'><strong>dic,</strong></span> <span class='ocrx_word' id='word_1_405' title='bbox 1011 2523 1056 2564; x_wconf 78' lang='lat' dir='ltr'><strong>fit</strong></span> <span class='ocrx_word' id='word_1_406' title='bbox 1081 2528 1153 2553; x_wconf 80' lang='lat' dir='ltr'><strong>cett.</strong></span> <span class='ocrx_word' id='word_1_407' title='bbox 1182 2532 1307 2553; x_wconf 85' lang='lat' dir='ltr'><strong>sensus:</strong></span> <span class='ocrx_word' id='word_1_408' title='bbox 1336 2522 1411 2553; x_wconf 87' lang='lat' dir='ltr'><strong>hinc</strong></span> <span class='ocrx_word' id='word_1_409' title='bbox 1436 2521 1483 2559; x_wconf 80' lang='lat' dir='ltr'><strong>fit,</strong></span> <span class='ocrx_word' id='word_1_410' title='bbox 1504 2527 1543 2552; x_wconf 84' lang='lat' dir='ltr'><strong>ut</strong></span> <span class='ocrx_word' id='word_1_411' title='bbox 1562 2521 1596 2558; x_wconf 84' lang='lat' dir='ltr'><strong>ii,</strong></span> <span class='ocrx_word' id='word_1_412' title='bbox 1613 2521 1671 2562; x_wconf 89' lang='lat' dir='ltr'><strong>qui</strong></span> <span class='ocrx_word' id='word_1_413' title='bbox 1691 2531 1788 2562; x_wconf 75' lang='lat' dir='ltr'><strong>parvo</strong></span> 
     </span>
    </p>
   </div>
   <div class='ocr_carea' id='block_1_18' title="bbox 195 2564 980 2902">
    <p class='ocr_par' dir='ltr' id='par_1_25' title="bbox 195 2564 980 2902">
     <span class='ocr_line' id='line_1_65' title="bbox 214 2564 979 2607; baseline -0.004 -10"><span class='ocrx_word' id='word_1_414' title='bbox 214 2565 291 2607; x_wconf 86' lang='lat' dir='ltr'><strong>quid</strong></span> <span class='ocrx_word' id='word_1_415' title='bbox 305 2565 410 2606; x_wconf 75' lang='lat' dir='ltr'><strong>prosit.</strong></span> <span class='ocrx_word' id='word_1_416' title='bbox 433 2574 511 2595; x_wconf 89' lang='lat' dir='ltr'><strong>num</strong></span> <span class='ocrx_word' id='word_1_417' title='bbox 533 2571 671 2601; x_wconf 86' lang='lat' dir='ltr'><strong>centum,</strong></span> <span class='ocrx_word' id='word_1_418' title='bbox 694 2575 735 2595; x_wconf 86' lang='lat' dir='ltr'><strong>an</strong></span> <span class='ocrx_word' id='word_1_419' title='bbox 758 2564 847 2595; x_wconf 88' lang='lat' dir='ltr'><strong>mille</strong></span> <span class='ocrx_word' id='word_1_420' title='bbox 865 2565 979 2606; x_wconf 82' lang='lat' dir='ltr'><strong>jugera</strong></span> 
     </span>
     <span class='ocr_line' id='line_1_66' title="bbox 214 2607 979 2644; baseline -0.004 -4"><span class='ocrx_word' id='word_1_421' title='bbox 214 2616 281 2640; x_wconf 84' lang='lat' dir='ltr'><strong>aret</strong></span> <span class='ocrx_word' id='word_1_422' title='bbox 294 2610 377 2641; x_wconf 72' lang='lat' dir='ltr'><strong>intra</strong></span> <span class='ocrx_word' id='word_1_423' title='bbox 391 2614 511 2639; x_wconf 77' lang='lat' dir='ltr'><strong>naturae</strong></span> <span class='ocrx_word' id='word_1_424' title='bbox 532 2607 612 2638; x_wconf 65' lang='lat' dir='ltr'><strong>fines</strong></span> <span class='ocrx_word' id='word_1_425' title='bbox 635 2608 749 2644; x_wconf 83' lang='lat' dir='ltr'><strong>vivens,</strong></span> <span class='ocrx_word' id='word_1_426' title='bbox 775 2608 807 2638; x_wconf 92' lang='lat' dir='ltr'><strong>h.</strong></span> <span class='ocrx_word' id='word_1_427' title='bbox 823 2618 852 2638; x_wconf 87' lang='lat' dir='ltr'><strong>e.</strong></span> <span class='ocrx_word' id='word_1_428' title='bbox 870 2608 979 2638; x_wconf 86' lang='lat' dir='ltr'><strong>fruens</strong></span> 
     </span>
     <span class='ocr_line' id='line_1_67' title="bbox 215 2650 980 2694; baseline -0.005 -11"><span class='ocrx_word' id='word_1_429' title='bbox 215 2653 262 2690; x_wconf 85' lang='lat' dir='ltr'><strong>iis,</strong></span> <span class='ocrx_word' id='word_1_430' title='bbox 274 2663 347 2694; x_wconf 85' lang='lat' dir='ltr'><strong>quae</strong></span> <span class='ocrx_word' id='word_1_431' title='bbox 356 2658 468 2684; x_wconf 78' lang='lat' dir='ltr'><strong>natum</strong></span> <span class='ocrx_word' id='word_1_432' title='bbox 480 2650 636 2691; x_wconf 75' lang='lat' dir='ltr'><strong>postulat3</strong></span> <span class='ocrx_word' id='word_1_433' title='bbox 652 2662 828 2687; x_wconf 82' lang='lat' dir='ltr'><strong>num—an,</strong></span> <span class='ocrx_word' id='word_1_434' title='bbox 844 2657 882 2682; x_wconf 87' lang='lat' dir='ltr'><strong>ut</strong></span> <span class='ocrx_word' id='word_1_435' title='bbox 898 2650 980 2680; x_wconf 81' lang='lat' dir='ltr'><strong>infra</strong></span> 
     </span>
     <span class='ocr_line' id='line_1_68' title="bbox 195 2693 977 2736; baseline -0.005 -8"><span class='ocrx_word' id='word_1_436' title='bbox 195 2696 283 2727; x_wconf 32' lang='lat' dir='ltr'><strong>*Sat.</strong></span> <span class='ocrx_word' id='word_1_437' title='bbox 316 2696 367 2728; x_wconf 89' lang='lat'><strong>11.</strong></span> <span class='ocrx_word' id='word_1_438' title='bbox 399 2695 432 2734; x_wconf 85' lang='lat'><strong>5,</strong></span> <span class='ocrx_word' id='word_1_439' title='bbox 459 2693 514 2726; x_wconf 82' lang='grc'><strong>58.</strong></span> <span class='ocrx_word' id='word_1_440' title='bbox 541 2706 623 2727; x_wconf 74' lang='lat' dir='ltr'><strong>num</strong></span> <span class='ocrx_word' id='word_1_441' title='bbox 639 2695 732 2736; x_wconf 83' lang='lat' dir='ltr'><strong>suris</strong></span> <span class='ocrx_word' id='word_1_442' title='bbox 751 2711 796 2719; x_wconf 89' lang='lat'><em>—</em></span> <span class='ocrx_word' id='word_1_443' title='bbox 818 2706 862 2725; x_wconf 84' lang='lat' dir='ltr'><strong>nn</strong></span> <span class='ocrx_word' id='word_1_444' title='bbox 884 2695 977 2725; x_wconf 82' lang='lat' dir='ltr'><strong>ludis.</strong></span> 
     </span>
     <span class='ocr_line' id='line_1_69' title="bbox 217 2738 980 2777; baseline -0.005 -7"><span class='ocrx_word' id='word_1_445' title='bbox 217 2739 362 2771; x_wconf 79' lang='lat' dir='ltr'><strong>Fortasse</strong></span> <span class='ocrx_word' id='word_1_446' title='bbox 376 2741 488 2776; x_wconf 75' lang='lat' dir='ltr'><strong>vivens,</strong></span> <span class='ocrx_word' id='word_1_447' title='bbox 509 2747 584 2770; x_wconf 83' lang='lat' dir='ltr'><strong>cum</strong></span> <span class='ocrx_word' id='word_1_448' title='bbox 603 2743 674 2777; x_wconf 84' lang='lat' dir='ltr'><strong>post</strong></span> <span class='ocrx_word' id='word_1_449' title='bbox 693 2738 775 2768; x_wconf 86' lang='lat' dir='ltr'><strong>hanc</strong></span> <span class='ocrx_word' id='word_1_450' title='bbox 796 2747 902 2768; x_wconf 83' lang='lat' dir='ltr'><strong>vocem</strong></span> <span class='ocrx_word' id='word_1_451' title='bbox 924 2746 980 2767; x_wconf 84' lang='lat' dir='ltr'><strong>ex-</strong></span> 
     </span>
     <span class='ocr_line' id='line_1_70' title="bbox 215 2779 979 2821; baseline -0.005 -8"><span class='ocrx_word' id='word_1_452' title='bbox 215 2783 341 2814; x_wconf 83' lang='lat' dir='ltr'><strong>cidisset</strong></span> <span class='ocrx_word' id='word_1_453' title='bbox 355 2794 448 2821; x_wconf 78' lang='lat' dir='ltr'><strong>num,</strong></span> <span class='ocrx_word' id='word_1_454' title='bbox 463 2783 503 2814; x_wconf 79' lang='lat' dir='ltr'><strong>ab</strong></span> <span class='ocrx_word' id='word_1_455' title='bbox 515 2780 644 2813; x_wconf 85' lang='lat' dir='ltr'><strong>homine</strong></span> <span class='ocrx_word' id='word_1_456' title='bbox 657 2780 763 2821; x_wconf 80' lang='lat' dir='ltr'><strong>aliquo</strong></span> <span class='ocrx_word' id='word_1_457' title='bbox 779 2780 904 2811; x_wconf 84' lang='lat' dir='ltr'><strong>Latinae</strong></span> <span class='ocrx_word' id='word_1_458' title='bbox 918 2779 979 2809; x_wconf 91' lang='lat' dir='ltr'><strong>lin-</strong></span> 
     </span>
     <span class='ocr_line' id='line_1_71' title="bbox 215 2826 979 2868; baseline -0.005 -10"><span class='ocrx_word' id='word_1_459' title='bbox 215 2837 289 2868; x_wconf 81' lang='lat' dir='ltr'><strong>guae</strong></span> <span class='ocrx_word' id='word_1_460' title='bbox 303 2826 459 2867; x_wconf 87' lang='lat' dir='ltr'><strong>imperito,</strong></span> <span class='ocrx_word' id='word_1_461' title='bbox 481 2831 518 2857; x_wconf 84' lang='lat' dir='ltr'><strong>ut</strong></span> <span class='ocrx_word' id='word_1_462' title='bbox 538 2829 639 2856; x_wconf 78' lang='lat' dir='ltr'><strong>metro</strong></span> <span class='ocrx_word' id='word_1_463' title='bbox 652 2830 855 2861; x_wconf 74' lang='lat' dir='ltr'><strong>succurreret,</strong></span> <span class='ocrx_word' id='word_1_464' title='bbox 877 2829 979 2854; x_wconf 76' lang='lat' dir='ltr'><strong>muta-</strong></span> 
     </span>
     <span class='ocr_line' id='line_1_72' title="bbox 216 2870 534 2902; baseline 0.006 -3"><span class='ocrx_word' id='word_1_465' title='bbox 216 2878 286 2900; x_wconf 86' lang='lat' dir='ltr'><strong>tum</strong></span> <span class='ocrx_word' id='word_1_466' title='bbox 302 2876 349 2901; x_wconf 60' lang='grc' dir='ltr'><strong>αἱ.</strong></span> <span class='ocrx_word' id='word_1_467' title='bbox 364 2870 397 2901; x_wconf 90' lang='lat' dir='ltr'><strong>in</strong></span> <span class='ocrx_word' id='word_1_468' title='bbox 412 2871 534 2902; x_wconf 76' lang='lat' dir='ltr'><strong>viventi·</strong></span> 
     </span>
    </p>
   </div>
   <div class='ocr_carea' id='block_1_19' title="bbox 217 2910 980 2989">
    <p class='ocr_par' dir='ltr' id='par_1_26' title="bbox 217 2910 980 2989">
     <span class='ocr_line' id='line_1_73' title="bbox 259 2910 980 2952; baseline -0.001 -10"><span class='ocrx_word' id='word_1_469' title='bbox 259 2923 288 2943; x_wconf 82' lang='lat' dir='ltr'><strong>v.</strong></span> <span class='ocrx_word' id='word_1_470' title='bbox 307 2913 360 2946; x_wconf 90' lang='grc'><strong>52.</strong></span> <span class='ocrx_word' id='word_1_471' title='bbox 388 2915 586 2947; x_wconf 72' lang='lat' dir='ltr'><strong>tantumdem</strong></span> <span class='ocrx_word' id='word_1_472' title='bbox 607 2913 741 2950; x_wconf 77' lang='lat' dir='ltr'><strong>haurire,</strong></span> <span class='ocrx_word' id='word_1_473' title='bbox 765 2910 884 2950; x_wconf 84' lang='lat' dir='ltr'><strong>tollere,</strong></span> <span class='ocrx_word' id='word_1_474' title='bbox 910 2921 980 2952; x_wconf 81' lang='lat' dir='ltr'><strong>pro-</strong></span> 
     </span>
     <span class='ocr_line' id='line_1_74' title="bbox 217 2965 313 2989; baseline 0.042 -4"><span class='ocrx_word' id='word_1_475' title='bbox 217 2965 313 2989; x_wconf 83' lang='lat' dir='ltr'><strong>mere.</strong></span> 
     </span>
    </p>
   </div>
   <div class='ocr_carea' id='block_1_20' title="bbox 1022 2563 1795 2987">
    <p class='ocr_par' dir='ltr' id='par_1_27' title="bbox 1022 2563 1784 2605">
     <span class='ocr_line' id='line_1_75' title="bbox 1022 2563 1784 2605; baseline 0.003 -11"><span class='ocrx_word' id='word_1_476' title='bbox 1022 2565 1109 2595; x_wconf 82' lang='lat' dir='ltr'><strong>fonte</strong></span> <span class='ocrx_word' id='word_1_477' title='bbox 1123 2575 1187 2595; x_wconf 92' lang='lat' dir='ltr'><strong>non</strong></span> <span class='ocrx_word' id='word_1_478' title='bbox 1202 2566 1353 2603; x_wconf 83' lang='lat' dir='ltr'><strong>contenti,</strong></span> <span class='ocrx_word' id='word_1_479' title='bbox 1367 2575 1407 2595; x_wconf 88' lang='lat' dir='ltr'><strong>ex</strong></span> <span class='ocrx_word' id='word_1_480' title='bbox 1550 2563 1692 2601; x_wconf 82' lang='lat' dir='ltr'><strong>flumine,</strong></span> <span class='ocrx_word' id='word_1_481' title='bbox 1706 2574 1784 2605; x_wconf 83' lang='lat' dir='ltr'><strong>qua—</strong></span> 
     </span>
    </p>

    <p class='ocr_par' dir='ltr' id='par_1_28' title="bbox 1024 2606 1787 2650">
     <span class='ocr_line' id='line_1_76' title="bbox 1024 2606 1787 2650; baseline 0.003 -12"><span class='ocrx_word' id='word_1_482' title='bbox 1024 2607 1062 2637; x_wconf 87' lang='lat' dir='ltr'><strong>lis</strong></span> <span class='ocrx_word' id='word_1_483' title='bbox 1076 2614 1123 2638; x_wconf 86' lang='lat' dir='ltr'><strong>est</strong></span> <span class='ocrx_word' id='word_1_484' title='bbox 1140 2607 1288 2645; x_wconf 90' lang='lat' dir='ltr'><strong>Aufidus,</strong></span> <span class='ocrx_word' id='word_1_485' title='bbox 1310 2608 1435 2639; x_wconf 81' lang='lat' dir='ltr'><strong>haurire</strong></span> <span class='ocrx_word' id='word_1_486' title='bbox 1455 2606 1576 2645; x_wconf 77' lang='lat' dir='ltr'><strong>malint,</strong></span> <span class='ocrx_word' id='word_1_487' title='bbox 1599 2607 1693 2650; x_wconf 81' lang='lat' dir='ltr'><strong>hujus</strong></span> <span class='ocrx_word' id='word_1_488' title='bbox 1707 2607 1787 2640; x_wconf 89' lang='lat' dir='ltr'><strong>fluc-</strong></span> 
     </span>
    </p>

    <p class='ocr_par' dir='ltr' id='par_1_29' title="bbox 1023 2650 1784 2691">
     <span class='ocr_line' id='line_1_77' title="bbox 1023 2650 1784 2691; baseline 0.001 -10"><span class='ocrx_word' id='word_1_489' title='bbox 1023 2651 1108 2681; x_wconf 84' lang='lat' dir='ltr'><strong>tibus</strong></span> <span class='ocrx_word' id='word_1_490' title='bbox 1133 2651 1251 2691; x_wconf 86' lang='lat' dir='ltr'><strong>abrepti</strong></span> <span class='ocrx_word' id='word_1_491' title='bbox 1276 2653 1311 2681; x_wconf 90' lang='lat' dir='ltr'><strong>in</strong></span> <span class='ocrx_word' id='word_1_492' title='bbox 1333 2661 1416 2691; x_wconf 78' lang='lat' dir='ltr'><strong>aqua</strong></span> <span class='ocrx_word' id='word_1_493' title='bbox 1436 2656 1574 2691; x_wconf 75' lang='lat' dir='ltr'><strong>pereant,</strong></span> <span class='ocrx_word' id='word_1_494' title='bbox 1596 2650 1629 2681; x_wconf 80' lang='lat' dir='ltr'><strong>h.</strong></span> <span class='ocrx_word' id='word_1_495' title='bbox 1646 2661 1678 2683; x_wconf 87' lang='lat' dir='ltr'><strong>e.</strong></span> <span class='ocrx_word' id='word_1_496' title='bbox 1693 2658 1729 2683; x_wconf 89' lang='lat' dir='ltr'><strong>ut</strong></span> <span class='ocrx_word' id='word_1_497' title='bbox 1750 2652 1784 2689; x_wconf 86' lang='lat' dir='ltr'><strong>ii,</strong></span> 
     </span>
    </p>

    <p class='ocr_par' dir='ltr' id='par_1_30' title="bbox 1023 2692 1786 2779">
     <span class='ocr_line' id='line_1_78' title="bbox 1023 2692 1786 2737; baseline 0.004 -14"><span class='ocrx_word' id='word_1_498' title='bbox 1023 2694 1087 2735; x_wconf 88' lang='lat' dir='ltr'><strong>qui,</strong></span> <span class='ocrx_word' id='word_1_499' title='bbox 1103 2694 1204 2733; x_wconf 81' lang='lat' dir='ltr'><strong>parvis</strong></span> <span class='ocrx_word' id='word_1_500' title='bbox 1219 2704 1283 2724; x_wconf 89' lang='lat' dir='ltr'><strong>non</strong></span> <span class='ocrx_word' id='word_1_501' title='bbox 1297 2694 1445 2730; x_wconf 76' lang='lat' dir='ltr'><strong>contenti,</strong></span> <span class='ocrx_word' id='word_1_502' title='bbox 1461 2692 1613 2733; x_wconf 77' lang='lat' dir='ltr'><strong>ampliora</strong></span> <span class='ocrx_word' id='word_1_503' title='bbox 1626 2700 1659 2725; x_wconf 78' lang='lat' dir='ltr'><strong>et</strong></span> <span class='ocrx_word' id='word_1_504' title='bbox 1671 2694 1786 2737; x_wconf 79' lang='lat' dir='ltr'><strong>largio-</strong></span> 
     </span>
     <span class='ocr_line' id='line_1_79' title="bbox 1023 2736 1786 2779; baseline 0.003 -11"><span class='ocrx_word' id='word_1_505' title='bbox 1023 2747 1058 2768; x_wconf 80' lang='lat' dir='ltr'><strong>ra</strong></span> <span class='ocrx_word' id='word_1_506' title='bbox 1071 2747 1170 2778; x_wconf 84' lang='lat' dir='ltr'><strong>usque</strong></span> <span class='ocrx_word' id='word_1_507' title='bbox 1184 2743 1345 2777; x_wconf 84' lang='lat' dir='ltr'><strong>appetunt,</strong></span> <span class='ocrx_word' id='word_1_508' title='bbox 1360 2737 1456 2778; x_wconf 84' lang='lat' dir='ltr'><strong>hujus</strong></span> <span class='ocrx_word' id='word_1_509' title='bbox 1469 2736 1651 2769; x_wconf 74' lang='lat' dir='ltr'><strong>insatiabilis</strong></span> <span class='ocrx_word' id='word_1_510' title='bbox 1664 2738 1786 2779; x_wconf 85' lang='lat' dir='ltr'><strong>cupidi-</strong></span> 
     </span>
    </p>

    <p class='ocr_par' dir='ltr' id='par_1_31' title="bbox 1023 2779 1783 2822">
     <span class='ocr_line' id='line_1_80' title="bbox 1023 2779 1783 2822; baseline 0.003 -12"><span class='ocrx_word' id='word_1_511' title='bbox 1023 2779 1096 2811; x_wconf 75' lang='lat' dir='ltr'><strong>tatis</strong></span> <span class='ocrx_word' id='word_1_512' title='bbox 1109 2790 1216 2820; x_wconf 84' lang='lat' dir='ltr'><strong>poeuas</strong></span> <span class='ocrx_word' id='word_1_513' title='bbox 1230 2780 1338 2811; x_wconf 81' lang='lat' dir='ltr'><strong>luant·</strong></span> <span class='ocrx_word' id='word_1_514' title='bbox 1329 2781 1452 2822; x_wconf 45' lang='lat' dir='ltr'><strong>Mser-cu</strong></span> <span class='ocrx_word' id='word_1_515' title='bbox 1478 2779 1608 2814; x_wconf 77' lang='lat' dir='ltr'><strong>auferat.</strong></span> <span class='ocrx_word' id='word_1_516' title='bbox 1633 2782 1731 2813; x_wconf 70' lang='grc' dir='ltr'><strong>ὠή·</strong></span> <span class='ocrx_word' id='word_1_517' title='bbox 1701 2788 1783 2822; x_wconf 32' lang='lat' dir='ltr'><strong>piant</strong></span> 
     </span>
    </p>

    <p class='ocr_par' dir='ltr' id='par_1_32' title="bbox 1023 2822 1795 2957">
     <span class='ocr_line' id='line_1_81' title="bbox 1023 2822 1795 2867; baseline 0.001 -12"><span class='ocrx_word' id='word_1_518' title='bbox 1023 2825 1162 2867; x_wconf 77' lang='lat' dir='ltr'><strong>Aufidus</strong></span> <span class='ocrx_word' id='word_1_519' title='bbox 1186 2834 1267 2860; x_wconf 84' lang='lat' dir='ltr'><strong>acer,</strong></span> <span class='ocrx_word' id='word_1_520' title='bbox 1297 2822 1426 2864; x_wconf 77' lang='lat' dir='ltr'><strong>rapidus</strong></span> <span class='ocrx_word' id='word_1_521' title='bbox 1451 2823 1486 2854; x_wconf 86' lang='lat' dir='ltr'><strong>in</strong></span> <span class='ocrx_word' id='word_1_522' title='bbox 1513 2823 1634 2863; x_wconf 77' lang='lat' dir='ltr'><strong>Apulia</strong></span> <span class='ocrx_word' id='word_1_523' title='bbox 1661 2824 1795 2861; x_wconf 53' lang='lat' dir='ltr'><strong>fluvius&gt;</strong></span> 
     </span>
     <span class='ocr_line' id='line_1_82' title="bbox 1023 2866 1793 2909; baseline 0.004 -12"><span class='ocrx_word' id='word_1_524' title='bbox 1023 2877 1110 2898; x_wconf 89' lang='lat' dir='ltr'><strong>nunc</strong></span> <span class='ocrx_word' id='word_1_525' title='bbox 1134 2867 1268 2909; x_wconf 79' lang='lat' dir='ltr'><strong>Osanco;</strong></span> <span class='ocrx_word' id='word_1_526' title='bbox 1289 2877 1348 2907; x_wconf 84' lang='lat' dir='ltr'><strong>sup</strong></span> <span class='ocrx_word' id='word_1_527' title='bbox 1350 2877 1384 2897; x_wconf 78' lang='lat' dir='ltr'><strong>ra</strong></span> <span class='ocrx_word' id='word_1_528' title='bbox 1407 2866 1793 2906; x_wconf 66' lang='grc' dir='ltr'><strong>οι1.111.30,1(),ι1ὶ-ι</strong></span> 
     </span>
     <span class='ocr_line' id='line_1_83' title="bbox 1025 2908 1793 2957; baseline 0.005 -17"><span class='ocrx_word' id='word_1_529' title='bbox 1025 2910 1106 2941; x_wconf 82' lang='lat' dir='ltr'><strong>citur</strong></span> <span class='ocrx_word' id='word_1_530' title='bbox 1129 2912 1251 2950; x_wconf 76' lang='lat' dir='ltr'><strong>violens,</strong></span> <span class='ocrx_word' id='word_1_531' title='bbox 1276 2917 1306 2942; x_wconf 84' lang='lat' dir='ltr'><strong>et</strong></span> <span class='ocrx_word' id='word_1_532' title='bbox 1331 2910 1394 2942; x_wconf 84' lang='lat' dir='ltr'><strong>od.</strong></span> <span class='ocrx_word' id='word_1_533' title='bbox 1414 2910 1478 2943; x_wconf 88' lang='lat' dir='ltr'><strong>IV.</strong></span> <span class='ocrx_word' id='word_1_534' title='bbox 1499 2908 1550 2950; x_wconf 78' lang='lat'><strong>14,</strong></span> <span class='ocrx_word' id='word_1_535' title='bbox 1563 2909 1616 2943; x_wconf 90' lang='grc'><strong>25.</strong></span> <span class='ocrx_word' id='word_1_536' title='bbox 1634 2912 1793 2957; x_wconf 68' lang='lat' dir='ltr'><strong>eaury&#39;or:</strong></span> 
     </span>
    </p>

    <p class='ocr_par' dir='ltr' id='par_1_33' title="bbox 1025 2956 1091 2987">
     <span class='ocr_line' id='line_1_84' title="bbox 1025 2956 1091 2987; baseline -0.033 0"><span class='ocrx_word' id='word_1_537' title='bbox 1025 2956 1091 2987; x_wconf 75' lang='lat' dir='ltr'><strong>mis.</strong></span> 
     </span>
    </p>
   </div>
  </div>
 </body>
</html>
