1904 3250
221 173 305 212 238

844 173 1151 216 HORATII

1594 180 1703 229 [Lm.
1725 191 1782 220 lv.

278 298 304 336 5
337 295 393 338 Et
413 304 536 339 cantu
557 297 736 339 tremulo
756 305 856 352 pota
879 297 1132 353 Cupidinem

335 365 518 408 Lentum
540 366 751 407 soHicitas:

449 438 601 480 Doctae
621 437 799 494 psallere
822 437 942 480 Chiae

810 365 888 407 Ille
909 366 1078 408 virentis
1099 375 1141 408 et

566 510 759 552 Pulchris
779 511 959 553 excubat
977 512 1021 553 in
1040 512 1171 569 genis.

333 583 589 639 Inportunus
610 584 722 625 enim
742 584 970 626 transvolat
989 584 1127 626 aridas

251 658 300 696 10
333 655 540 706 Quaem,
562 663 604 698 et
623 656 778 714 refugit
796 665 850 708 te,
874 658 971 714 quia
990 657 1118 699 luridi

448 728 611 770 Dentes
632 737 685 780 te,
710 730 808 786 quia
827 745 944 788 rugae

563 800 758 858 Turpant
778 811 820 843 et
840 803 984 858 capitis
1005 804 1133 845 nives.

333 868 423 910 Nec
447 869 548 911 Coae
570 869 756 912 referunt
770 872 858 927 jam
879 871 955 913 tibi
974 887 1189 928 purpurae,

332 941 424 983 Nec
445 941 546 984 clari
564 942 724 999 lapides
745 951 946 1000 tempora,
970 960 1064 1001 quae
1086 944 1213 986 semel

250 1017 299 1056 15
448 1015 570 1058 Notis
592 1017 760 1059 condita
779 1017 893 1059 fastis

562 1088 739 1131 Inclusit
758 1090 938 1132 volucris
961 1090 1079 1132 Dies.

213 1227 271 1248 suo
285 1217 459 1259 indulgere,
474 1224 511 1249 ut
520 1220 635 1261 furere
649 1230 733 1260 supr.
755 1220 803 1251 II.
823 1220 853 1251 7.
872 1220 925 1252 28.
943 1227 974 1252 et

213 1263 334 1298 μανῆναι
351 1261 434 1301 apud
452 1263 681 1294 Anacreontem
698 1264 803 1295 XIII.
826 1263 875 1294 12.
939 1268 973 1296 in

213 1306 287 1342 loco,
317 1305 348 1336 h.
367 1315 394 1336 e.
423 1305 457 1336 in
481 1312 630 1345 tempore,
656 1309 679 1338 ἔν
705 1310 802 1351 καιρῷ,
829 1315 867 1338 ut
888 1308 973 1348 apud

215 1348 341 1379 Terent.
363 1348 498 1390 Adelph.
518 1350 567 1381 II.
586 1349 616 1382 40.
631 1350 663 1382 8.
684 1354 850 1392 pecuniam
864 1353 895 1383 in
911 1353 972 1384 loco

212 1393 369 1434 negligere·

421 1479 631 1512 CARMEN
658 1482 766 1513 XIII.

258 1566 535 1603 Quemadmodum
567 1568 721 1600 Horatius
742 1579 836 1609 supra
859 1569 887 1600 I.
915 1569 967 1600 25.

212 1611 336 1650 Lyden,
361 1617 392 1641 et
423 1610 496 1642 ΙΙΙ.
526 1610 576 1642 15.
615 1614 750 1650 Chlorin,
779 1612 823 1644 ita
848 1612 882 1643 in
910 1614 971 1644 hoc

211 1654 349 1685 carmine
363 1655 483 1695 Lycen,
499 1663 536 1686 ut
549 1655 697 1694 vetulam,
719 1664 750 1687 et
771 1656 903 1696 turpiter
916 1657 971 1688 ad-

211 1697 274 1728 huc
295 1697 450 1737 juveniles
472 1709 592 1730 amores
613 1706 791 1735 sectantem,
821 1706 971 1741 tanquam

209 1741 245 1772 iu
265 1741 372 1772 tabula
392 1742 556 1782 depictam,
578 1743 721 1774 omnium
743 1744 871 1783 exponit
889 1744 970 1774 deri-

210 1785 269 1816 sui.
282 1803 326 1811 —
343 1786 483 1826 Tempus
503 1785 641 1824 tandem,
661 1797 729 1828 quo
746 1786 872 1818 meritas
891 1787 970 1827 pris·

209 1830 285 1860 tinae
300 1830 451 1869 superbiae
465 1839 571 1869 poenas
584 1829 720 1861 exsolvat
741 1830 836 1871 Lyce,
851 1831 970 1861 venisse

209 1873 275 1911 ait3
297 1873 365 1904 fieri
379 1873 463 1903 enim
485 1873 581 1910 illam,
605 1873 689 1915 quod
704 1873 771 1915 jam
794 1873 849 1905 diu
871 1885 890 1905 a
911 1874 971 1905 diis

209 1916 430 1957 efflagitaverit,
453 1927 667 1955 numanum,
689 1923 729 1952 et,
754 1917 896 1958 quamvis
916 1917 970 1949 de-

150 1966 153 1967 ’
210 1960 338 2000 perditae
358 1960 468 1991 forma·
490 1960 657 2003 pigmentis
677 1966 709 1991 et
728 1960 847 1992 artibus
869 1971 969 1993 mere·

209 2004 307 2035 triciis
328 2014 506 2035 succurrere
520 2004 653 2042 studeat,
667 2004 818 2045 quamvis,
833 2011 871 2036 ut
884 2013 968 2041 ante,

209 2047 336 2079 delicias
360 2048 463 2084 faciat,
492 2047 660 2079 immodice
684 2047 779 2086 bibat,
804 2054 836 2079 et
863 2049 972 2089 quovis

209 2091 305 2122 modo
325 2091 366 2122 ad
391 2091 551 2123 libidinem
580 2091 779 2123 exstimulare
803 2098 902 2123 tentet
916 2092 971 2134 ju·

209 2145 312 2171 venes,
337 2134 436 2165 deseri
457 2141 562 2166 tamen
583 2142 616 2166 et
635 2134 793 2166 contemni
814 2137 854 2167 ab
868 2135 970 2167 omni-

208 2180 286 2217 bus;
309 2178 430 2218 puellas
443 2179 527 2210 enim
549 2179 696 2219 pulchras
717 2185 841 2210 tantum
862 2185 893 2210 et
914 2179 969 2210 ad-

208 2222 272 2254 huc
286 2221 421 2259 floridas,
437 2222 538 2263 qualis
555 2223 654 2254 Chloe
668 2222 714 2258 sit.
737 2222 801 2263 peti
821 2224 862 2254 ab
882 2233 969 2254 ama-

207 2266 337 2303 toribus,
358 2265 477 2296 vetulas
504 2273 535 2296 et
562 2266 724 2300 deformes,
754 2266 854 2307 qualis
881 2276 969 2297 nunc

211 2309 299 2350 Lyce
322 2309 372 2346 sit,
405 2319 519 2350 susque
547 2309 647 2351 deque
680 2309 806 2348 haberi3
843 2310 968 2350 periisse

209 2353 295 2384 illius
314 2353 434 2390 formae,
451 2363 514 2393 qua
534 2352 600 2392 ipse
620 2353 698 2384 olim
719 2360 830 2393 captus
850 2353 899 2391 sit,
914 2364 967 2384 ve-

209 2402 375 2432 nustatem,
389 2406 447 2426 nec
458 2406 526 2426 eam
540 2396 614 2427 Cois
624 2397 760 2428 vestibus
774 2403 806 2428 et
819 2397 968 2438 margari-

210 2439 252 2472 tis
264 2441 303 2472 ab
315 2439 371 2471 illa
391 2439 526 2479 reparari
546 2450 657 2479 posse3
681 2442 746 2471 imo
767 2441 832 2472 fata
858 2440 967 2481 Lycen

210 2493 344 2515 servasse
364 2481 462 2514 videri
490 2493 537 2520 eo,
565 2489 601 2513 ut
623 2484 706 2515 anile
728 2484 796 2525 ejus
825 2483 968 2525 placendi

209 2527 350 2558 studium
370 2526 498 2567 publico
520 2527 688 2567 juvenibus
716 2533 795 2558 esset
820 2527 964 2558 ludibrio.

209 2590 253 2596 —
270 2571 412 2602 Extitoee
431 2569 517 2601 haud
539 2569 632 2601 dubie
653 2571 745 2611 plura
762 2571 847 2611 apud
862 2578 969 2611 poetas

213 2615 341 2646 Graecos
364 2613 516 2655 ejunuodi
540 2613 836 2645 contumeliosorum
860 2614 894 2645 in
916 2625 968 2645 ve-

209 2658 292 2690 tulas
305 2658 479 2690 carminum
492 2656 643 2696 exempla,
666 2667 737 2698 quae
750 2658 867 2689 colores
883 2658 968 2689 Nos-

209 2708 260 2733 tro
282 2702 323 2733 ad
345 2701 541 2735 adumbratas
569 2706 634 2731 tam
661 2700 696 2730 in
724 2701 783 2731 hoc
810 2711 905 2742 quam
934 2701 968 2731 in

209 2745 334 2777 dnobus
361 2744 568 2786 superioribus
599 2743 789 2775 carminibus
816 2745 968 2786 imagines

209 2789 423 2830 suppeditasse
450 2787 604 2820 videntur.
663 2787 712 2818 Cl.
742 2789 865 2819 Mitsch.
893 2798 967 2818 cum

208 2833 269 2864 hoc
290 2832 427 2864 carmine
441 2838 597 2873 comparat
611 2829 750 2871 Meleag.
772 2831 962 2862 LXXVII.

211 2877 312 2908 Anth.
335 2877 391 2908 Gr.
412 2876 451 2907 T.
466 2876 495 2907 Ι.
513 2886 543 2916 p.
561 2873 613 2909 23·

251 2930 279 2950 v.
301 2919 415 2951 1-12.
441 2921 606 2956 Audivere}
621 2916 671 2950 Di
685 2919 836 2952 audivere,
853 2927 967 2958 magna

209 2971 281 2992 cum
306 2963 336 2993 vi
358 2965 397 2995 ab
418 2963 507 2994 initio
534 2961 638 2995 suzim
660 2961 748 3002 ponit
767 2960 962 2999 sententiam,

208 3004 330 3043 laetitiae,
357 3018 419 3049 qua
441 3007 555 3039 fmitur
575 3011 666 3047 poeta
686 3005 874 3048 xaeaginann,
890 3015 963 3036 cau-

1017 1231 1083 1252 sam
1097 1221 1318 1257 continentem,
1335 1231 1393 1253 nec
1413 1221 1534 1253 minore
1554 1231 1628 1254 cum
1641 1221 1680 1252 ‘vi
1701 1232 1774 1254 ean-

1017 1265 1090 1296 dem
1104 1265 1144 1296 de
1165 1276 1199 1295 re
1222 1265 1292 1296 laeta
1313 1265 1572 1305 triumphantium
1588 1275 1675 1297 more
1687 1276 1775 1306 repe-

1015 1308 1063 1340 tit.
1151 1311 1244 1347 ludis,
1259 1309 1434 1340 amantium
1456 1319 1543 1340 more
1559 1308 1682 1350 jocaris,
1697 1309 1776 1341 deli-

1015 1352 1079 1383 cias
1099 1352 1184 1383 facis.
1274 1354 1345 1384 bibis
1366 1354 1532 1393 inpudens,
1558 1352 1684 1393 qualem
1708 1353 1774 1384 fere

1015 1406 1109 1435 supra
1132 1396 1160 1427 Ι.
1178 1395 1231 1427 36.
1252 1395 1300 1427 13.
1326 1398 1418 1428 multi
1442 1397 1592 1428 Damalin
1615 1398 1694 1428 meri
1718 1396 1773 1427 de-

1014 1438 1128 1470 scribit.
1160 1441 1302 1478 tremulo,
1331 1439 1468 1479 epitheto
1494 1440 1534 1470 ad
1563 1440 1646 1470 vocis
1673 1439 1773 1476 anilis,

1014 1482 1145 1513 deficere
1169 1482 1355 1522 incipientis,
1382 1488 1526 1513 naturam
1547 1482 1773 1524 designandam

1013 1526 1342 1558 accommodatissime.
1407 1525 1556 1557 Similiter
1587 1535 1647 1556 vox
1685 1525 1776 1557 anilis

1013 1569 1098 1609 apud
1117 1570 1210 1601 Ovid.
1231 1570 1314 1600 Fast.
1334 1569 1397 1601 VI.
1412 1567 1488 1600 400.
1505 1575 1637 1602 tremens
1651 1569 1776 1601 dicitur.

1014 1613 1054 1644 cf.
1072 1612 1190 1644 Tibull.
1208 1614 1235 1644 1.
1251 1612 1281 1644 2.
1297 1612 1349 1644 91.
1386 1614 1569 1654 Cupidinem
1582 1615 1703 1646 lentum
1716 1615 1775 1645 sol-

1013 1659 1125 1694 licitas,
1166 1657 1356 1697 Cupidinem
1384 1655 1491 1687 minus
1518 1663 1551 1688 et
1577 1655 1684 1687 minus
1706 1657 1774 1698 jam

1013 1710 1119 1740 preces
1157 1706 1227 1731 tuas
1265 1699 1444 1732 audientem
1471 1699 1624 1739 advoens3
1658 1698 1775 1731 frustra

1013 1743 1130 1774 durum
1154 1743 1345 1784 Cupidinem
1368 1742 1512 1784 precibus
1539 1742 1603 1774 tu‘u
1628 1741 1774 1785 fungere

1014 1795 1046 1818 et
1059 1787 1116 1818 tibi
1129 1787 1297 1827 propitium
1311 1786 1440 1818 reddene
1452 1791 1562 1817 tentas.
1600 1787 1660 1819 Ille
1673 1788 1774 1819 viven-

1013 1832 1052 1862 tis
1066 1836 1137 1862 cett.
1153 1830 1208 1862 ille
1222 1829 1375 1871 propitius
1393 1829 1499 1870 potius
1518 1829 1606 1861 adest
1626 1829 1772 1862 somme

1013 1880 1045 1904 et
1065 1874 1099 1904 in
1121 1872 1197 1905 flore
1217 1874 1316 1905 aetatis
1329 1873 1507 1905 constitutae
1520 1872 1655 1914 psaltria
1671 1872 1769 1904 chia.

1016 1916 1141 1958 Cupido
1164 1924 1270 1949 autem
1301 1917 1390 1949 chiae
1417 1915 1570 1957 propitius
1598 1915 1712 1948 dicitur
1738 1916 1774 1947 in

1012 1961 1080 2002 ejus
1096 1963 1237 2002 pulchris
1247 1963 1334 2002 genis
1347 1962 1505 1997 excubare,
1520 1960 1668 2002 excubias
1685 1959 1774 2001 quasi

1012 2015 1113 2046 agere,
1132 2006 1222 2048 (nos-z
1247 2005 1374 2048 ausder
1386 2006 1477 2036 lauer
1489 2003 1601 2042 εἰικεπ)
1615 2004 1648 2034 h.
1663 2014 1691 2034 e.
1709 2003 1774 2034 vim

1014 2059 1104 2079 suam
1125 2048 1208 2085 inde,
1234 2049 1289 2079 ubi
1311 2047 1366 2078 ille
1386 2047 1482 2086 sedet,
1496 2047 1541 2078 its
1560 2057 1710 2089 exserere,
1726 2053 1772 2083 ut,

1014 2091 1194 2133 quicunque
1222 2091 1256 2122 in
1277 2091 1377 2123 ‘Chiae
1405 2097 1607 2130 conspectum
1634 2088 1772 2125 veniant.

1014 2135 1118 2166 statim
1133 2136 1202 2177 ejus
1215 2134 1385 2166 venustatis
1398 2133 1560 2165 lenociniis
1573 2139 1606 2164 et
1620 2132 1774 2165 illecebris

1013 2179 1183 2219 capiantur.
1204 2179 1395 2218 Comparant
1409 2176 1552 2218 Sophocl.
1569 2176 1680 2219 Antig.
1695 2174 1770 2208 796.

1005 2223 1096 2266 'Eget
1111 2240 1155 2248 —-
1168 2223 1196 2256 ἲς
1213 2224 1237 2254 ἰν
1251 2224 1408 2262 μαλακαῖς
1431 2233 1457 2253 ι’
1492 2222 1558 2255 υιῖσ
1574 2218 1687 2256 ἱκέτιδας
1703 2221 1774 2252 ἔην-

1011 2268 1115 2308 χεῦεις.
1133 2265 1174 2297 cf.
1194 2265 1322 2297 Pindar.
1342 2264 1437 2296 Nem.
1490 2263 1561 2295 III.
1579 2262 1611 2295 3·
1629 2270 1662 2295 et
1680 2262 1774 2304 plut}

1011 2310 1045 2339 in
1073 2309 1154 2340 hanc
1180 2319 1248 2340 rem
1275 2307 1361 2349 apud
1381 2309 1507 2340 Musca.
1602 2308 1770 2348 Inportun-

1013 2352 1125 2384 Facete
1149 2351 1283 2392 Cupido,
1309 2350 1396 2393 quod
1423 2349 1583 2382 difficilem
1606 2356 1640 2382 et
1659 2360 1771 2390 parum

1011 2395 1212 2427 commodum
1233 2406 1266 2426 se
1289 2396 1408 2435 praebet
1429 2394 1604 2426 vetularum
1618 2393 1770 2434 precibus,

1009 2441 1198 2480 inportunus
1221 2445 1358 2475 vocatur,
1382 2437 1472 2479 quasi
1498 2437 1522 2468 ii
1550 2446 1686 2479 quoque,
1714 2436 1771 2478 qui

1010 2483 1109 2514 vocati
1131 2493 1196 2514 non
1218 2482 1357 2519 veniunt,
1372 2482 1536 2523 inportuni
1548 2481 1618 2513 sint.
1658 2510 1662 2514 .
1705 2482 1771 2512 ari-

1010 2529 1067 2558 das
1081 2537 1223 2568 quercus,
1238 2525 1367 2563 vetulas,
1383 2535 1422 2555 ex
1437 2530 1511 2556 nota
1525 2519 1673 2566 imagine.
1721 2522 1771 2554 Si-

1010 2570 1126 2601 militer
1145 2580 1239 2610 supra
1255 2569 1284 2600 1.
1303 2567 1355 2600 25.
1377 2567 1428 2599 17.
1452 2569 1561 2600 vetula
1581 2575 1656 2598 cum
1675 2568 1770 2599 aridis

1007 2614 1313 2655 frondibus,1noellae
1331 2619 1447 2645 lenerae
1466 2620 1539 2642 vero
1559 2619 1634 2642 cum
1654 2611 1770 2642 virente

1010 2663 1108 2699 myrto
1135 2664 1167 2688 et
1187 2659 1297 2689 hedera
1317 2659 1546 2696 comparantur.
1576 2652 1619 2684 cf.
1641 2654 1766 2685 -ΜίιεεΙι,

1010 2703 1117 2742 capitis
1131 2702 1222 2738 nives,
1232 2699 1328 2741 lyrica
1337 2697 1467 2731 audacia
1479 2706 1550 2738 pro:
1575 2702 1670 2736 caput
1683 2696 1777 2738 ennizt

1009 2754 1219 2784 conspersum.
1266 2742 1316 2774 Cl.
1335 2743 1459 2774 fflesclt.
1472 2747 1631 2780 comparat
1651 2739 1762 2780 Antip.

1012 2787 1151 2819 Thessal.
1187 2786 1291 2818 XXI.
1318 2783 1350 2816 5.
1384 2783 1484 2816 Anth.
1511 2783 1569 2814 Gr.
1596 2783 1634 2826 Te
1661 2782 1712 2815 IL
1731 2793 1763 2824 p.

1013 2830 1084 2862 100.
1102 2849 1148 2856 —
1163 2831 1239 2862 τίθει
1253 2828 1281 2860 δέ
1294 2842 1352 2868 μιν,
1369 2827 1405 2863 ἇς
1427 2827 1482 2870 (εἰ
1501 2839 1537 2867 γι
1553 2829 1633 2864 πῖον,
1649 2828 1697 2863 Ὦς
1711 2825 1767 2859 ιῖ-

1011 2889 1054 2909 *ras
1071 2877 1163 2915 πολιῷ
1178 2873 1271 2916 γῆριῖ
1287 2871 1432 2912 uvimun-
1477 2869 1628 2901 Laudant
1640 2880 1767 2912 quoque

1010 2918 1123 2960 Epigr.
1143 2917 1279 2958 Diogen.
1299 2914 1405 2946 laen.
1425 2913 1461 2944 1.
1473 2911 1527 2945 85.
1545 2924 1576 2954 p.
1594 2913 1648 2946 53.
1695 2911 1766 2956 '1531

1008 2962 1118 2992 Βίαντι
1139 2960 1277 2996 sinuosa,
1303 2958 1350 2990 σὺ
1371 2957 1502 3002 &egistus
1525 2957 1638 3000 ἤγαγεν
1657 2957 1770 3000 ‘Euais-

1010 3005 1057 3040 Εἷς
1072 3003 1170 3038 Ἀΐδην
1185 3004 1275 3044 roh&
1291 3001 1385 3045 γῦμῖ
1396 3001 1538 3043 rapimur·
