1904 3250
234 133 326 177 528.

864 131 1174 176 HORATII

1619 137 1729 187 [Lm.
1751 149 1810 178 11.v

352 258 535 300 Carmen
555 259 748 314 majestas
769 258 919 313 recipit
938 266 1024 308 tua,
1046 273 1126 299 nec
1143 271 1262 300 meus
1283 259 1411 301 audet

351 330 459 373 Rem
480 338 641 372 tentare
661 330 815 385 pudor,
838 345 965 386 quam
985 331 1093 372 vires
1114 329 1224 372 ferre
1244 340 1452 374 recusent.

231 404 317 442 260

351 400 559 443 Sedulitas
580 407 734 450 autem,
757 399 896 450 stulte,
920 415 1046 456 quem
1066 398 1216 457 diligit,
1238 409 1376 459 urget,

351 469 572 524 Praecipue
594 483 691 510 cum
712 484 756 510 se
776 469 962 510 numeris
984 468 1253 511 commendat
1272 477 1315 511 et
1334 478 1446 512 arte:

349 538 490 580 Discit
509 538 622 579 enim
642 539 763 580 citius
784 538 1056 595 meminitque
1076 537 1273 580 libentius
1294 538 1413 590 illud,

351 607 480 656 Quod
502 608 594 664 quis
616 607 793 658 deridet,
816 622 943 664 quam
964 606 1079 664 quod
1098 607 1252 663 probat
1271 615 1314 649 et
1333 618 1568 653 veneratur.

349 677 423 718 Nil
443 693 587 720 moror
607 679 805 729 officium,
829 678 943 735 quod
963 693 1031 720 me
1051 687 1211 736 gravat,
1234 695 1283 721 ac
1303 694 1440 736 neque
1460 680 1560 722 ficto

349 749 401 790 In
421 751 540 807 pejus
561 750 680 792 vultu
700 751 883 806 proponi
905 765 1049 792 cereus
1070 765 1264 806 usquam,
1301 774 1308 778 -

350 819 442 860 Nec
461 835 591 875 prave
610 819 730 861 factis
751 819 944 861 decorari
964 819 1153 863 versibus
1175 827 1277 875 opto
1294 836 1303 861 ε

349 888 418 931 Ne
438 890 614 932 rubeam
632 891 783 948 pingui
802 890 982 932 donatus
1003 905 1191 942 munere,
1214 899 1257 933 et
1277 906 1364 932 una

351 963 462 1004 Cum
483 964 688 1020 scriptore
708 979 804 1005 meo
825 979 952 1019 capsa
970 972 1191 1020 porrectus
1212 972 1359 1021 aperta

349 1035 531 1078 Deferar
551 1037 596 1077 in
616 1037 768 1087 vicum,
790 1036 1040 1078 vendentem
1063 1036 1161 1078 thus
1183 1045 1225 1078 et
1245 1037 1413 1086 odores,

234 1108 319 1147 270

352 1105 408 1147 Et
428 1107 562 1162 piper,
585 1115 627 1148 et
647 1106 854 1163 quidquid
875 1106 1030 1148 chartis
1051 1106 1244 1148 amicitur
1265 1107 1430 1163 ineptis.

822 1320 1133 1364 EPISTOLA
1166 1321 1225 1363 II.

760 1472 830 1502 AD
852 1472 1044 1504 JULIUM
1070 1472 1291 1504 FLORUM.

350 1603 518 1653 FLORE,
540 1603 654 1644 bono
675 1602 874 1659 claroque
894 1602 1031 1644 fidelis
1053 1603 1183 1644 amice
1207 1602 1382 1653 Neroni,

350 1677 396 1718 Si
417 1677 510 1734 quis
530 1675 639 1718 forte
658 1675 760 1717 velit
778 1690 959 1732 puerum
979 1676 1057 1717 tibi
1076 1674 1259 1717 vendere
1279 1683 1426 1718 natum

230 1827 373 1859 similiter
386 1827 420 1858 in
435 1826 563 1858 laudem
581 1826 723 1867 Augusti
743 1827 849 1857 Carm.
867 1827 945 1857 Saec.
964 1836 994 1857 v.

230 1871 284 1903 54·-
310 1874 436 1909 Medus,
459 1871 491 1901 h.
511 1870 539 1901 e'.
564 1870 711 1905 Parthus,
734 1881 850 1902 manus
859 1875 999 1911 potentes

230 1924 259 1948 et
275 1918 418 1948 Albanas
432 1925 554 1946 secures
567 1916 675 1945 timere
688 1915 813 1945 dicitur.

274 1970 308 1991 u.
325 1958 400 1990 258.
425 1960 544 1999 recipit,
570 1957 717 1996 admittit,
739 1956 821 1988 tradi
842 1957 900 1988 tibi
919 1956 999 1997 pati-

229 2010 292 2035 tur.
779 2021 781 2024 -

275 2058 304 2078 v.
323 2045 398 2078 259.
423 2051 578 2082 recusent,
600 2054 666 2076 non
680 2044 810 2084 possint,
827 2044 879 2076 cui
893 2044 996 2075 feren.

230 2090 281 2122 dae
302 2091 383 2122 vires
403 2090 539 2129 impares
560 2089 633 2124 sint,
657 2094 695 2119 ut
716 2099 811 2128 supra
825 2099 852 2119 v.
872 2086 948 2119 208.
967 2094 999 2119 et

230 2135 314 2165 infra
335 2134 369 2166 in
393 2134 501 2173 Epist.=
514 2132 555 2163 ad
579 2133 644 2163 Pis.
663 2131 717 2163 39.
743 2138 772 2164 et
794 2139 911 2164 versate
932 2134 998 2169 diu,

230 2180 307 2220 quid
309 2179 402 2221 ferre
415 2182 570 2213 recusent,
590 2178 672 2211 Quid
687 2178 811 2207 valeant
825 2178 956 2208 humeri.

240 2235 243 2238 >
272 2233 301 2252 v.
316 2220 500 2252 260—270.
519 2221 671 2251 Sedulieas
685 2226 802 2257 autem,
817 2226 890 2251 cett.
919 2220 997 2250 Sen-

232 2276 304 2297 sus:
334 2266 438 2297 Stulta
451 2270 558 2295 autem
581 2270 628 2294 est
649 2263 789 2294 officiosa
810 2263 868 2294 ista
883 2263 999 2294 seduli-

231 2316 287 2346 tas,
320 2313 410 2353 (nosz
452 2306 732 2348 zudringliclzlceit‚)
762 2317 826 2347 qua
853 2306 925 2348 quis
960 2307 1000 2344 ei,

230 2364 324 2394 quem
352 2354 463 2393 diligit,
502 2352 648 2393 (patrono
677 2350 749 2391 suo)
780 2361 814 2381 se
845 2349 994 2386 obtrudit,

231 2396 392 2437 praecipue
412 2405 487 2427 cum
509 2405 542 2425 se
563 2394 740 2424 carminum
761 2393 996 2433 componendo-

231 2451 304 2471 rum
319 2447 386 2471 arte
400 2437 622 2476 commendat;
645 2444 797 2477 patronus
814 2438 909 2474 enim,
926 2447 998 2478 quae

231 2490 307 2515 sunt
334 2483 468 2514 ridicula
495 2481 528 2511 in
553 2481 707 2523 ejusmodi
731 2481 880 2518 carmine,
906 2481 999 2511 citius

233 2526 354 2571 (discit)
383 2526 502 2566 arripit,
533 2530 565 2555 et
593 2524 754 2556 lubentius
783 2524 818 2554 in
846 2523 1000 2554 memoria

231 2577 329 2608 tenet,
358 2580 453 2610 quam
481 2579 527 2606 ea,
559 2578 632 2609 quae
666 2570 778 2608 probat
813 2574 844 2598 et
874 2568 991 2598 laudat.

232 2615 323 2657 (Jam
342 2613 499 2645 Horatius
521 2612 730 2643 Maecenatem
750 2611 800 2641 vel
819 2612 917 2641 alium
940 2622 995 2651 pa-

231 2664 372 2694 tronum,
388 2657 439 2688 cui
454 2655 586 2687 molesta
605 2662 652 2686 est
672 2655 732 2686 ista
753 2655 943 2686 carminibus
964 2665 997 2686 se

230 2700 524 2732 commendantium
551 2697 710 2734 sedulitas,
741 2698 922 2740 loquentem
947 2698 997 2728 in-

231 2744 361 2785 ducitz)
401 2745 515 2785 Apage
551 2741 748 2773 sedulitatem
784 2742 888 2779 istam,
923 2752 996 2783 quae

232 2789 311 2819 mihi
326 2788 459 2819 molesta
472 2794 538 2825 θεῖς
558 2785 606 2816 uti
625 2795 686 2828 ego
698 2795 763 2816 non
777 2785 869 2816 vultu
885 2784 995 2824 depra-

232 2838 305 2863 vato
318 2832 353 2863 in
367 2842 439 2863 cera
452 2829 562 2872 effingi
572 2836 604 2861 et
616 2830 759 2869 proponi,
770 2828 814 2859 ita
828 2838 887 2859 nec
901 2839 995 2868 prave

232 2876 323 2906 factis
348 2875 489 2906 versibus
513 2873 661 2905 celebrari
684 2871 767 2910 volo,
793 2882 835 2903 ne
859 2871 995 2903 donatus

232 2921 357 2960 (pingui
381 2918 527 2960 munere)
552 2916 690 2951 carmine
711 2915 826 2960 pingui
848 2915 995 2948 Minerva

1040 1827 1134 1863 facto,
1158 1837 1226 1857 rem
1248 1826 1431 1866 pudendm
1455 1828 1607 1868 experiar,
1629 1835 1660 1860 et
1680 1829 1715 1861 in
1735 1838 1807 1862 aren

1041 1878 1148 1910 aperta
1160 1876 1322 1910 porrectus
1334 1880 1401 1901 una
1410 1880 1484 1902 cum
1498 1878 1591 1912 poem
1604 1882 1676 1904 meo
1686 1873 1807 1906 deferar

1041 1913 1076 1943 in
1091 1913 1205 1948 vicum.
1221 1914 1274 1944 ubi
1289 1913 1324 1944 in
1346 1914 1482 1945 tabernis
1504 1915 1714 1958 (kramliiden)
1730 1928 1805 1949 ven-

1042 1957 1164 1988 duntur
1183 1957 1258 1999 thus
1279 1963 1311 1988 et
1334 1967 1385 1989 res
1405 1957 1578 1997 odoriferae,
1601 1967 1631 1991 et
1649 1960 1750 2001 piper,
1774 1968 1807 1993 et

1039 2000 1194 2042 quidquid
1208 2001 1362 2032 mercium
1384 2002 1499 2033 chartis
1517 2003 1683 2036 inutilibus
1701 2004 1804 2036 invol-

1039 2051 1133 2076 vitur.

1084 2099 1113 2119 v.
1132 2087 1206 2119 260.
1232 2090 1333 2127 stulte,
1357 2099 1422 2120 non
1436 2089 1476 2120 ad
1491 2091 1601 2131 diligit,
1616 2090 1671 2122 sed
1692 2091 1732 2122 ad
1746 2103 1804 2123 ur-

1038 2139 1091 2173 get
1113 2132 1312 2163 referendum
1337 2132 1479 2171 videtum
1501 2135 1592 2173 posui
1614 2134 1713 2175 igitur
1733 2141 1805 2175 post

1038 2177 1130 2208 stulte
1144 2175 1375 2207 distinctionem
1389 2176 1553 2208 minorem.

1083 2230 1111 2250 v.
1132 2218 1207 2250 268.
1228 2225 1398 2260 porrectus,
1415 2230 1481 2251 nou
1494 2219 1577 2251 male
1593 2219 1666 2251 Vet-
1681 2221 1799 2253 Schol.:

1044 2266 1170 2304 “quasi
1194 2270 1336 2295 mortuus
1358 2265 1394 2295 in
1405 2264 1566 2306 feretro,”
1591 2263 1645 2295 sed
1666 2265 1745 2295 mihi
1768 2265 1803 2296 in

1043 2317 1119 2337 voce
1137 2312 1296 2348 porrectus
1311 2307 1414 2347 lepida
1428 2308 1534 2349 imago
1547 2307 1643 2350 latere
1658 2307 1800 2347 videtur;

1039 2350 1186 2382 laudatus
1207 2361 1227 2381 a
1240 2350 1326 2381 malo
1346 2357 1439 2390 poeta
1458 2361 1524 2382 une
1544 2361 1619 2382 cum
1640 2351 1803 2383 laudatore

1040 2404 1099 2425 suo
1113 2395 1145 2424 in
1161 2392 1267 2434 aperta
1281 2404 1351 2424 arca
1360 2394 1444 2435 jacet
1452 2401 1624 2435 porrectus,
1635 2394 1666 2425 h.
1679 2399 1714 2425 'e-
1731 2405 1802 2426 om-

1040 2437 1130 2468 nium
1146 2437 1334 2477 conspectui,
1359 2443 1497 2478 quantus
1519 2443 1655 2479 quantus
1672 2444 1727 2473 est,
1745 2448 1801 2469 ex-

1040 2481 1181 2521 positus3
1205 2487 1237 2512 et
1253 2480 1327 2511 hinc
1347 2491 1424 2520 pro:
1450 2487 1562 2521 operta,
1578 2480 1663 2521 quod
1679 2482 1714 2511 in
1729 2482 1803 2522 plu-

1041 2525 1127 2555 ribus
1141 2524 1228 2555 editt.
1239 2523 1413 2561 exhibetur,
1424 2524 1538 2556 rectius
1553 2524 1668 2566 legitur
1682 2532 1808 2566 aperta,

1038 2574 1076 2599 ut
1089 2574 1135 2599 est
1157 2568 1190 2598 in
1211 2567 1355 2607 plurimis
1379 2566 1480 2598 Codd.
1496 2568 1581 2607 apud
1604 2570 1704 2601 Feam
1715 2585 1728 2606 ‚·
1751 2579 1802 2601 res

1038 2612 1124 2642 enim
1140 2611 1266 2642 inutiles
1287 2616 1318 2641 et
1331 2610 1452 2641 nullius
1471 2611 1538 2642 fere
1559 2613 1712 2643 momenti
1725 2612 1804 2654 poni

1040 2661 1073 2686 et
1085 2655 1199 2695 portari
1213 2654 1316 2685 solent
1327 2653 1362 2684 in
1376 2656 1475 2695 capsis
1488 2657 1612 2696 apertis.

1082 2709 1111 2729 v.
1129 2697 1204 2729 270.
1222 2700 1320 2730 chart.
1337 2699 1445 2738 inepe„
1460 2698 1671 2740 significanter
1685 2702 1803 2732 charite

1038 2741 1186 2773 dicuntur
1198 2743 1320 2782 ineptae,
1337 2751 1418 2782 quae,
1436 2742 1511 2783 quia
1531 2742 1664 2783 ineptias
1677 2753 1749 2774 suas
1762 2744 1801 2774 iis

1037 2785 1199 2817 mandavit
1211 2785 1314 2816 malus
1328 2792 1429 2825 poeta,
1449 2785 1605 2816 mercibus
1617 2785 1800 2818 amiciendis

1036 2829 1218 2860 inserviunt.
1276 2828 1358 2860 Sunt
1393 2828 1492 2871 igitur
1526 2831 1642 2863 chartoe
1676 2832 1798 2873 ineptae,

1037 2872 1124 2915 quod
1136 2882 1195 2906 nos
1209 2882 1375 2906 vocamus:
1401 2874 1587 2907 maculatur.
