<?xml version="1.0" encoding="UTF-8"?>
<!DOCTYPE html PUBLIC "-//W3C//DTD XHTML 1.0 Transitional//EN"
    "http://www.w3.org/TR/xhtml1/DTD/xhtml1-transitional.dtd">
<html xmlns="http://www.w3.org/1999/xhtml" xml:lang="en" lang="en">
 <head>
  <title>
</title>
<meta http-equiv="Content-Type" content="text/html;charset=utf-8" />
  <meta name='ocr-system' content='tesseract 3.04.00' />
  <meta name='ocr-capabilities' content='ocr_page ocr_carea ocr_par ocr_line ocrx_word'/>
</head>
<body>
  <div class='ocr_page' id='page_1' title='image "./operaomniacumind00horauoft_0482.png"; bbox 0 0 1904 3250; ppageno 0'>
   <div class='ocr_carea' id='block_1_1' title="bbox 199 195 286 234">
    <p class='ocr_par' dir='ltr' id='par_1_1' title="bbox 199 195 286 234">
     <span class='ocr_line' id='line_1_1' title="bbox 199 195 286 234; baseline 0.023 -2"><span class='ocrx_word' id='word_1_1' title='bbox 199 195 286 234; x_wconf 83' lang='lat'>442</span> 
     </span>
    </p>
   </div>
   <div class='ocr_carea' id='block_1_2' title="bbox 837 189 1146 234">
    <p class='ocr_par' dir='ltr' id='par_1_2' title="bbox 837 189 1146 234">
     <span class='ocr_line' id='line_1_2' title="bbox 837 189 1146 234; baseline 0.003 -2"><span class='ocrx_word' id='word_1_2' title='bbox 837 189 1146 234; x_wconf 89' lang='lat' dir='ltr'><strong>HORATII</strong></span> 
     </span>
    </p>
   </div>
   <div class='ocr_carea' id='block_1_3' title="bbox 1618 199 1780 248">
    <p class='ocr_par' dir='ltr' id='par_1_3' title="bbox 1618 199 1780 248">
     <span class='ocr_line' id='line_1_3' title="bbox 1618 199 1780 248; baseline 0.006 -11"><span class='ocrx_word' id='word_1_3' title='bbox 1618 199 1726 248; x_wconf 78' lang='lat' dir='ltr'>[Lm.</span> <span class='ocrx_word' id='word_1_4' title='bbox 1750 210 1780 238; x_wconf 87' lang='lat'>1.</span> 
     </span>
    </p>
   </div>
   <div class='ocr_carea' id='block_1_4' title="bbox 313 315 1466 589">
    <p class='ocr_par' dir='ltr' id='par_1_4' title="bbox 314 315 1278 376">
     <span class='ocr_line' id='line_1_4' title="bbox 314 315 1278 376; baseline 0.003 -18"><span class='ocrx_word' id='word_1_5' title='bbox 314 316 490 358; x_wconf 87' lang='lat' dir='ltr'>Nodosa</span> <span class='ocrx_word' id='word_1_6' title='bbox 511 331 664 372; x_wconf 84' lang='lat' dir='ltr'>corpus</span> <span class='ocrx_word' id='word_1_7' title='bbox 686 315 793 357; x_wconf 91' lang='lat' dir='ltr'>nolis</span> <span class='ocrx_word' id='word_1_8' title='bbox 814 315 1042 371; x_wconf 88' lang='lat' dir='ltr'>prohibere</span> <span class='ocrx_word' id='word_1_9' title='bbox 1063 316 1278 376; x_wconf 72' lang='lat' dir='ltr'>cheragra.</span> 
     </span>
    </p>

    <p class='ocr_par' dir='ltr' id='par_1_5' title="bbox 313 387 1466 589">
     <span class='ocr_line' id='line_1_5' title="bbox 313 387 1399 446; baseline 0.003 -15"><span class='ocrx_word' id='word_1_10' title='bbox 313 389 391 431; x_wconf 90' lang='lat' dir='ltr'>Est</span> <span class='ocrx_word' id='word_1_11' title='bbox 411 388 594 446; x_wconf 84' lang='lat' dir='ltr'>quadam</span> <span class='ocrx_word' id='word_1_12' title='bbox 614 387 787 443; x_wconf 88' lang='lat' dir='ltr'>prodire</span> <span class='ocrx_word' id='word_1_13' title='bbox 807 396 943 439; x_wconf 89' lang='lat' dir='ltr'>tenus,</span> <span class='ocrx_word' id='word_1_14' title='bbox 966 389 1002 429; x_wconf 91' lang='lat' dir='ltr'>si</span> <span class='ocrx_word' id='word_1_15' title='bbox 1022 403 1108 430; x_wconf 91' lang='lat' dir='ltr'>non</span> <span class='ocrx_word' id='word_1_16' title='bbox 1129 388 1254 432; x_wconf 86' lang='lat' dir='ltr'>datur</span> <span class='ocrx_word' id='word_1_17' title='bbox 1274 391 1399 434; x_wconf 86' lang='lat' dir='ltr'>ultra.</span> 
     </span>
     <span class='ocr_line' id='line_1_6' title="bbox 314 460 1340 517; baseline 0.001 -14"><span class='ocrx_word' id='word_1_18' title='bbox 314 462 468 503; x_wconf 82' lang='lat' dir='ltr'><strong>Fervet</strong></span> <span class='ocrx_word' id='word_1_19' title='bbox 486 461 660 501; x_wconf 84' lang='lat' dir='ltr'>avaritia</span> <span class='ocrx_word' id='word_1_20' title='bbox 680 460 919 517; x_wconf 89' lang='lat' dir='ltr'>miseroque</span> <span class='ocrx_word' id='word_1_21' title='bbox 941 461 1340 517; x_wconf 81' lang='lat' dir='ltr'>cupidinepectus‘?</span> 
     </span>
     <span class='ocr_line' id='line_1_7' title="bbox 313 532 1466 589; baseline 0.001 -14"><span class='ocrx_word' id='word_1_22' title='bbox 313 534 422 576; x_wconf 86' lang='lat' dir='ltr'>Sunt</span> <span class='ocrx_word' id='word_1_23' title='bbox 442 532 571 573; x_wconf 87' lang='lat' dir='ltr'>verba</span> <span class='ocrx_word' id='word_1_24' title='bbox 592 539 634 573; x_wconf 86' lang='lat' dir='ltr'>et</span> <span class='ocrx_word' id='word_1_25' title='bbox 656 547 791 583; x_wconf 91' lang='lat' dir='ltr'>voces,</span> <span class='ocrx_word' id='word_1_26' title='bbox 815 533 967 589; x_wconf 92' lang='lat' dir='ltr'>quibus</span> <span class='ocrx_word' id='word_1_27' title='bbox 988 532 1104 574; x_wconf 86' lang='lat' dir='ltr'>hunc</span> <span class='ocrx_word' id='word_1_28' title='bbox 1123 532 1256 575; x_wconf 89' lang='lat' dir='ltr'>lenire</span> <span class='ocrx_word' id='word_1_29' title='bbox 1275 533 1466 577; x_wconf 87' lang='lat' dir='ltr'>dolorem</span> 
     </span>
    </p>
   </div>
   <div class='ocr_carea' id='block_1_5' title="bbox 257 602 1347 659">
    <p class='ocr_par' dir='ltr' id='par_1_6' title="bbox 257 602 1347 659">
     <span class='ocr_line' id='line_1_8' title="bbox 257 602 1347 659; baseline 0.001 -15"><span class='ocrx_word' id='word_1_30' title='bbox 257 617 261 627; x_wconf 65' lang='grc'>’</span> <span class='ocrx_word' id='word_1_31' title='bbox 313 602 469 652; x_wconf 84' lang='lat' dir='ltr'>Possis,</span> <span class='ocrx_word' id='word_1_32' title='bbox 492 610 534 642; x_wconf 88' lang='lat' dir='ltr'>et</span> <span class='ocrx_word' id='word_1_33' title='bbox 554 617 753 659; x_wconf 84' lang='lat' dir='ltr'>magnam</span> <span class='ocrx_word' id='word_1_34' title='bbox 773 602 912 644; x_wconf 87' lang='lat' dir='ltr'>morbi</span> <span class='ocrx_word' id='word_1_35' title='bbox 934 602 1148 658; x_wconf 86' lang='lat' dir='ltr'>deponere</span> <span class='ocrx_word' id='word_1_36' title='bbox 1168 611 1347 659; x_wconf 84' lang='lat' dir='ltr'>partem.</span> 
     </span>
    </p>
   </div>
   <div class='ocr_carea' id='block_1_6' title="bbox 310 674 1485 945">
    <p class='ocr_par' dir='ltr' id='par_1_7' title="bbox 311 674 1485 803">
     <span class='ocr_line' id='line_1_9' title="bbox 311 674 1485 734; baseline 0.003 -19"><span class='ocrx_word' id='word_1_37' title='bbox 311 674 473 716; x_wconf 83' lang='lat' dir='ltr'><strong>Laudis</strong></span> <span class='ocrx_word' id='word_1_38' title='bbox 494 690 638 716; x_wconf 87' lang='lat' dir='ltr'>amore</span> <span class='ocrx_word' id='word_1_39' title='bbox 659 674 832 717; x_wconf 83' lang='lat' dir='ltr'>tumes?</span> <span class='ocrx_word' id='word_1_40' title='bbox 862 684 960 718; x_wconf 91' lang='lat' dir='ltr'>sunt</span> <span class='ocrx_word' id='word_1_41' title='bbox 981 684 1096 718; x_wconf 84' lang='lat' dir='ltr'>certa</span> <span class='ocrx_word' id='word_1_42' title='bbox 1113 676 1294 732; x_wconf 73' lang='lat' dir='ltr'>piacula,</span> <span class='ocrx_word' id='word_1_43' title='bbox 1324 691 1420 734; x_wconf 87' lang='lat' dir='ltr'>quae</span> <span class='ocrx_word' id='word_1_44' title='bbox 1442 685 1485 719; x_wconf 88' lang='lat' dir='ltr'>te</span> 
     </span>
     <span class='ocr_line' id='line_1_10' title="bbox 312 746 1269 803; baseline 0.003 -17"><span class='ocrx_word' id='word_1_45' title='bbox 312 746 401 787; x_wconf 90' lang='lat' dir='ltr'>Ter</span> <span class='ocrx_word' id='word_1_46' title='bbox 421 761 527 802; x_wconf 91' lang='lat' dir='ltr'>pure</span> <span class='ocrx_word' id='word_1_47' title='bbox 548 747 659 789; x_wconf 89' lang='lat' dir='ltr'>lecto</span> <span class='ocrx_word' id='word_1_48' title='bbox 679 756 881 803; x_wconf 89' lang='lat' dir='ltr'>poterunt</span> <span class='ocrx_word' id='word_1_49' title='bbox 901 763 1092 790; x_wconf 85' lang='lat' dir='ltr'>recreare</span> <span class='ocrx_word' id='word_1_50' title='bbox 1113 747 1269 790; x_wconf 85' lang='lat' dir='ltr'>libello.</span> 
     </span>
    </p>

    <p class='ocr_par' dir='ltr' id='par_1_8' title="bbox 310 818 1395 945">
     <span class='ocr_line' id='line_1_11' title="bbox 311 818 1341 871; baseline 0.002 -12"><span class='ocrx_word' id='word_1_51' title='bbox 311 818 500 870; x_wconf 85' lang='lat' dir='ltr'>Invidus,</span> <span class='ocrx_word' id='word_1_52' title='bbox 524 819 766 870; x_wconf 89' lang='lat' dir='ltr'>iracundus,</span> <span class='ocrx_word' id='word_1_53' title='bbox 790 820 916 871; x_wconf 87' lang='lat' dir='ltr'>iners,</span> <span class='ocrx_word' id='word_1_54' title='bbox 939 821 1124 871; x_wconf 84' lang='lat' dir='ltr'>vinosus,</span> <span class='ocrx_word' id='word_1_55' title='bbox 1146 819 1341 862; x_wconf 85' lang='lat' dir='ltr'>amator?</span> 
     </span>
     <span class='ocr_line' id='line_1_12' title="bbox 310 888 1395 945; baseline 0.001 -15"><span class='ocrx_word' id='word_1_56' title='bbox 310 888 450 930; x_wconf 87' lang='lat' dir='ltr'>Nemo</span> <span class='ocrx_word' id='word_1_57' title='bbox 471 889 577 931; x_wconf 82' lang='lat' dir='ltr'>adeo</span> <span class='ocrx_word' id='word_1_58' title='bbox 598 889 711 931; x_wconf 90' lang='lat' dir='ltr'>ferus</span> <span class='ocrx_word' id='word_1_59' title='bbox 734 898 811 940; x_wconf 86' lang='lat' dir='ltr'>est,</span> <span class='ocrx_word' id='word_1_60' title='bbox 834 899 881 932; x_wconf 92' lang='lat' dir='ltr'>ut</span> <span class='ocrx_word' id='word_1_61' title='bbox 901 905 987 931; x_wconf 93' lang='lat' dir='ltr'>non</span> <span class='ocrx_word' id='word_1_62' title='bbox 1008 890 1228 931; x_wconf 86' lang='lat' dir='ltr'>mitescere</span> <span class='ocrx_word' id='word_1_63' title='bbox 1249 891 1395 945; x_wconf 88' lang='lat' dir='ltr'><strong>possit,</strong></span> 
     </span>
    </p>
   </div>
   <div class='ocr_carea' id='block_1_7' title="bbox 221 966 277 1002">
    <p class='ocr_par' dir='ltr' id='par_1_9' title="bbox 221 966 277 1002">
     <span class='ocr_line' id='line_1_13' title="bbox 221 966 277 1002; baseline 0 0"><span class='ocrx_word' id='word_1_64' title='bbox 221 966 277 1002; x_wconf 81' lang='lat'>40</span> 
     </span>
    </p>
   </div>
   <div class='ocr_carea' id='block_1_8' title="bbox 312 961 1399 1018">
    <p class='ocr_par' dir='ltr' id='par_1_10' title="bbox 312 961 1399 1018">
     <span class='ocr_line' id='line_1_14' title="bbox 312 961 1399 1018; baseline 0.002 -16"><span class='ocrx_word' id='word_1_65' title='bbox 312 962 357 1003; x_wconf 91' lang='lat' dir='ltr'>Si</span> <span class='ocrx_word' id='word_1_66' title='bbox 378 961 507 1003; x_wconf 92' lang='lat' dir='ltr'>modo</span> <span class='ocrx_word' id='word_1_67' title='bbox 528 962 706 1004; x_wconf 81' lang='lat' dir='ltr'>culturae</span> <span class='ocrx_word' id='word_1_68' title='bbox 726 963 956 1018; x_wconf 87' lang='lat' dir='ltr'>patientem</span> <span class='ocrx_word' id='word_1_69' title='bbox 978 962 1218 1004; x_wconf 85' lang='lat' dir='ltr'>commodet</span> <span class='ocrx_word' id='word_1_70' title='bbox 1239 977 1399 1004; x_wconf 84' lang='lat' dir='ltr'>aurem.</span> 
     </span>
    </p>
   </div>
   <div class='ocr_carea' id='block_1_9' title="bbox 309 1034 1340 1092">
    <p class='ocr_par' dir='ltr' id='par_1_11' title="bbox 309 1034 1340 1092">
     <span class='ocr_line' id='line_1_15' title="bbox 309 1034 1340 1092; baseline 0.002 -17"><span class='ocrx_word' id='word_1_71' title='bbox 309 1034 457 1076; x_wconf 88' lang='lat' dir='ltr'>Virtus</span> <span class='ocrx_word' id='word_1_72' title='bbox 479 1043 542 1076; x_wconf 92' lang='lat' dir='ltr'>est</span> <span class='ocrx_word' id='word_1_73' title='bbox 563 1035 711 1076; x_wconf 85' lang='lat' dir='ltr'>vitium</span> <span class='ocrx_word' id='word_1_74' title='bbox 731 1034 891 1092; x_wconf 87' lang='lat' dir='ltr'>fugere,</span> <span class='ocrx_word' id='word_1_75' title='bbox 915 1044 958 1077; x_wconf 92' lang='lat' dir='ltr'>et</span> <span class='ocrx_word' id='word_1_76' title='bbox 977 1036 1184 1091; x_wconf 85' lang='lat' dir='ltr'>sapientia</span> <span class='ocrx_word' id='word_1_77' title='bbox 1202 1036 1340 1091; x_wconf 88' lang='lat' dir='ltr'>prima</span> 
     </span>
    </p>
   </div>
   <div class='ocr_carea' id='block_1_10' title="bbox 312 1107 714 1149">
    <p class='ocr_par' dir='ltr' id='par_1_12' title="bbox 312 1107 714 1149">
     <span class='ocr_line' id='line_1_16' title="bbox 312 1107 714 1149; baseline 0.002 -1"><span class='ocrx_word' id='word_1_78' title='bbox 312 1107 498 1149; x_wconf 87' lang='lat' dir='ltr'>Stultitia</span> <span class='ocrx_word' id='word_1_79' title='bbox 518 1108 714 1149; x_wconf 87' lang='lat' dir='ltr'>caruisse.</span> 
     </span>
    </p>
   </div>
   <div class='ocr_carea' id='block_1_11' title="bbox 779 1108 1406 1165">
    <p class='ocr_par' dir='ltr' id='par_1_13' title="bbox 779 1108 1406 1165">
     <span class='ocr_line' id='line_1_17' title="bbox 779 1108 1406 1165; baseline 0.003 -17"><span class='ocrx_word' id='word_1_80' title='bbox 779 1108 923 1159; x_wconf 86' lang='lat' dir='ltr'>Vides,</span> <span class='ocrx_word' id='word_1_81' title='bbox 947 1124 1043 1165; x_wconf 87' lang='lat' dir='ltr'>quae</span> <span class='ocrx_word' id='word_1_82' title='bbox 1063 1109 1250 1150; x_wconf 83' lang='lat' dir='ltr'>maxima</span> <span class='ocrx_word' id='word_1_83' title='bbox 1269 1108 1406 1150; x_wconf 87' lang='lat' dir='ltr'>credis</span> 
     </span>
    </p>
   </div>
   <div class='ocr_carea' id='block_1_12' title="bbox 310 1179 1517 1239">
    <p class='ocr_par' dir='ltr' id='par_1_14' title="bbox 310 1179 1517 1239">
     <span class='ocr_line' id='line_1_18' title="bbox 310 1179 1517 1239; baseline 0.002 -18"><span class='ocrx_word' id='word_1_84' title='bbox 310 1179 417 1222; x_wconf 88' lang='lat' dir='ltr'>Esse</span> <span class='ocrx_word' id='word_1_85' title='bbox 437 1181 560 1231; x_wconf 69' lang='lat' dir='ltr'>mala,</span> <span class='ocrx_word' id='word_1_86' title='bbox 584 1181 787 1239; x_wconf 87' lang='lat' dir='ltr'>exiguum</span> <span class='ocrx_word' id='word_1_87' title='bbox 808 1197 995 1233; x_wconf 88' lang='lat' dir='ltr'>censum,</span> <span class='ocrx_word' id='word_1_88' title='bbox 1018 1190 1270 1238; x_wconf 85' lang='lat' dir='ltr'>turpemque</span> <span class='ocrx_word' id='word_1_89' title='bbox 1291 1181 1517 1238; x_wconf 88' lang='lat' dir='ltr'>repulsam,</span> 
     </span>
    </p>
   </div>
   <div class='ocr_carea' id='block_1_13' title="bbox 187 1297 965 1774">
    <p class='ocr_par' dir='ltr' id='par_1_15' title="bbox 189 1297 965 1459">
     <span class='ocr_line' id='line_1_19' title="bbox 189 1297 964 1339; baseline 0 -10"><span class='ocrx_word' id='word_1_90' title='bbox 189 1303 349 1338; x_wconf 80' lang='lat' dir='ltr'>quantum</span> <span class='ocrx_word' id='word_1_91' title='bbox 371 1297 451 1329; x_wconf 87' lang='lat' dir='ltr'>erit:</span> <span class='ocrx_word' id='word_1_92' title='bbox 477 1297 607 1328; x_wconf 81' lang='lat' dir='ltr'>intentis</span> <span class='ocrx_word' id='word_1_93' title='bbox 628 1297 729 1329; x_wconf 87' lang='lat' dir='ltr'>oculis</span> <span class='ocrx_word' id='word_1_94' title='bbox 750 1299 872 1339; x_wconf 80' lang='lat' dir='ltr'>assequi</span> <span class='ocrx_word' id='word_1_95' title='bbox 894 1304 964 1329; x_wconf 82' lang='lat' dir='ltr'>tan-</span> 
     </span>
     <span class='ocr_line' id='line_1_20' title="bbox 190 1341 964 1382; baseline 0.001 -11"><span class='ocrx_word' id='word_1_96' title='bbox 190 1348 274 1379; x_wconf 87' lang='lat' dir='ltr'>tum,</span> <span class='ocrx_word' id='word_1_97' title='bbox 290 1348 446 1382; x_wconf 83' lang='lat' dir='ltr'>quantum</span> <span class='ocrx_word' id='word_1_98' title='bbox 465 1341 614 1382; x_wconf 84' lang='lat' dir='ltr'>Lynceus</span> <span class='ocrx_word' id='word_1_99' title='bbox 628 1348 790 1372; x_wconf 86' lang='lat' dir='ltr'>assecutus</span> <span class='ocrx_word' id='word_1_100' title='bbox 804 1353 872 1372; x_wconf 84' lang='lat' dir='ltr'>esse</span> <span class='ocrx_word' id='word_1_101' title='bbox 886 1342 964 1372; x_wconf 81' lang='lat' dir='ltr'>dici-</span> 
     </span>
     <span class='ocr_line' id='line_1_21' title="bbox 190 1390 965 1427; baseline 0.003 -13"><span class='ocrx_word' id='word_1_102' title='bbox 190 1390 263 1422; x_wconf 87' lang='lat' dir='ltr'>tur;</span> <span class='ocrx_word' id='word_1_103' title='bbox 291 1394 353 1415; x_wconf 88' lang='lat' dir='ltr'>vox</span> <span class='ocrx_word' id='word_1_104' title='bbox 378 1391 507 1416; x_wconf 80' lang='lat' dir='ltr'>tantum</span> <span class='ocrx_word' id='word_1_105' title='bbox 532 1391 607 1416; x_wconf 74' lang='lat' dir='ltr'>ante</span> <span class='ocrx_word' id='word_1_106' title='bbox 627 1392 784 1427; x_wconf 80' lang='lat' dir='ltr'>quantum</span> <span class='ocrx_word' id='word_1_107' title='bbox 807 1396 872 1416; x_wconf 89' lang='lat' dir='ltr'>non</span> <span class='ocrx_word' id='word_1_108' title='bbox 894 1396 965 1416; x_wconf 83' lang='lat' dir='ltr'>raro</span> 
     </span>
     <span class='ocr_line' id='line_1_22' title="bbox 189 1427 356 1459; baseline 0 -1"><span class='ocrx_word' id='word_1_109' title='bbox 189 1427 356 1459; x_wconf 84' lang='lat' dir='ltr'>omittitur.</span> 
     </span>
    </p>

    <p class='ocr_par' dir='ltr' id='par_1_16' title="bbox 187 1470 962 1774">
     <span class='ocr_line' id='line_1_23' title="bbox 233 1470 960 1507; baseline 0.001 -6"><span class='ocrx_word' id='word_1_110' title='bbox 233 1482 262 1502; x_wconf 86' lang='lat' dir='ltr'>v.</span> <span class='ocrx_word' id='word_1_111' title='bbox 289 1470 343 1502; x_wconf 87' lang='lat'>29.</span> <span class='ocrx_word' id='word_1_112' title='bbox 370 1473 452 1504; x_wconf 81' lang='lat' dir='ltr'>Non</span> <span class='ocrx_word' id='word_1_113' title='bbox 476 1478 582 1504; x_wconf 78' lang='lat' dir='ltr'>tamen</span> <span class='ocrx_word' id='word_1_114' title='bbox 606 1474 730 1507; x_wconf 80' lang='lat' dir='ltr'>idcirco,</span> <span class='ocrx_word' id='word_1_115' title='bbox 761 1483 827 1504; x_wconf 89' lang='lat' dir='ltr'>non</span> <span class='ocrx_word' id='word_1_116' title='bbox 853 1478 960 1503; x_wconf 80' lang='lat' dir='ltr'>tamen</span> 
     </span>
     <span class='ocr_line' id='line_1_24' title="bbox 189 1514 959 1557; baseline 0.001 -12"><span class='ocrx_word' id='word_1_117' title='bbox 189 1514 272 1551; x_wconf 82' lang='lat' dir='ltr'>ideo,</span> <span class='ocrx_word' id='word_1_118' title='bbox 297 1515 374 1556; x_wconf 81' lang='lat' dir='ltr'>quia</span> <span class='ocrx_word' id='word_1_119' title='bbox 400 1516 550 1555; x_wconf 81' lang='lat' dir='ltr'>Lynceus</span> <span class='ocrx_word' id='word_1_120' title='bbox 574 1522 606 1546; x_wconf 87' lang='lat' dir='ltr'>te</span> <span class='ocrx_word' id='word_1_121' title='bbox 631 1516 700 1546; x_wconf 88' lang='lat' dir='ltr'>visu</span> <span class='ocrx_word' id='word_1_122' title='bbox 730 1515 826 1557; x_wconf 87' lang='lat' dir='ltr'>longe</span> <span class='ocrx_word' id='word_1_123' title='bbox 854 1516 959 1551; x_wconf 87' lang='lat' dir='ltr'>vincit,</span> 
     </span>
     <span class='ocr_line' id='line_1_25' title="bbox 189 1558 959 1596; baseline 0.001 -7"><span class='ocrx_word' id='word_1_124' title='bbox 189 1558 356 1590; x_wconf 83' lang='lat' dir='ltr'>oculorum</span> <span class='ocrx_word' id='word_1_125' title='bbox 371 1565 509 1596; x_wconf 88' lang='lat' dir='ltr'>tuorum,</span> <span class='ocrx_word' id='word_1_126' title='bbox 526 1559 634 1590; x_wconf 86' lang='lat' dir='ltr'>minus</span> <span class='ocrx_word' id='word_1_127' title='bbox 649 1566 825 1596; x_wconf 84' lang='lat' dir='ltr'>acutorum,</span> <span class='ocrx_word' id='word_1_128' title='bbox 851 1569 959 1590; x_wconf 85' lang='lat' dir='ltr'>curam</span> 
     </span>
     <span class='ocr_line' id='line_1_26' title="bbox 188 1602 961 1644; baseline 0 -12"><span class='ocrx_word' id='word_1_129' title='bbox 188 1602 323 1642; x_wconf 83' lang='lat' dir='ltr'>abjicies.</span> <span class='ocrx_word' id='word_1_130' title='bbox 374 1602 428 1633; x_wconf 93' lang='lat' dir='ltr'>De</span> <span class='ocrx_word' id='word_1_131' title='bbox 442 1604 581 1644; x_wconf 82' lang='lat' dir='ltr'>Lynceo,</span> <span class='ocrx_word' id='word_1_132' title='bbox 604 1603 784 1633; x_wconf 80' lang='lat' dir='ltr'>acutissima</span> <span class='ocrx_word' id='word_1_133' title='bbox 794 1602 961 1634; x_wconf 88' lang='lat' dir='ltr'>oculorum</span> 
     </span>
     <span class='ocr_line' id='line_1_27' title="bbox 187 1645 962 1686; baseline 0.003 -11"><span class='ocrx_word' id='word_1_134' title='bbox 187 1646 255 1677; x_wconf 84' lang='lat' dir='ltr'>acie</span> <span class='ocrx_word' id='word_1_135' title='bbox 266 1646 524 1683; x_wconf 77' lang='lat' dir='ltr'>celebratissima,</span> <span class='ocrx_word' id='word_1_136' title='bbox 540 1645 601 1677; x_wconf 84' lang='lat' dir='ltr'>vid.</span> <span class='ocrx_word' id='word_1_137' title='bbox 619 1657 714 1686; x_wconf 76' lang='lat' dir='ltr'>supra</span> <span class='ocrx_word' id='word_1_138' title='bbox 727 1646 768 1678; x_wconf 82' lang='lat' dir='ltr'>ad</span> <span class='ocrx_word' id='word_1_139' title='bbox 793 1647 858 1677; x_wconf 85' lang='lat' dir='ltr'>Sat.</span> <span class='ocrx_word' id='word_1_140' title='bbox 878 1646 908 1677; x_wconf 94' lang='lat'>1.</span> <span class='ocrx_word' id='word_1_141' title='bbox 930 1646 962 1677; x_wconf 83' lang='lat'>2.</span> 
     </span>
     <span class='ocr_line' id='line_1_28' title="bbox 188 1688 960 1731; baseline 0.003 -12"><span class='ocrx_word' id='word_1_142' title='bbox 188 1688 243 1721; x_wconf 89' lang='grc'>90.</span> <span class='ocrx_word' id='word_1_143' title='bbox 327 1691 450 1729; x_wconf 82' lang='lat' dir='ltr'>inungi,</span> <span class='ocrx_word' id='word_1_144' title='bbox 466 1700 509 1720; x_wconf 86' lang='lat' dir='ltr'>sc.</span> <span class='ocrx_word' id='word_1_145' title='bbox 527 1689 674 1730; x_wconf 81' lang='lat' dir='ltr'>collyriis.</span> <span class='ocrx_word' id='word_1_146' title='bbox 766 1701 821 1730; x_wconf 86' lang='lat' dir='ltr'>per</span> <span class='ocrx_word' id='word_1_147' title='bbox 839 1692 960 1731; x_wconf 79' lang='lat' dir='ltr'>lippum</span> 
     </span>
     <span class='ocr_line' id='line_1_29' title="bbox 187 1732 960 1774; baseline 0.001 -12"><span class='ocrx_word' id='word_1_148' title='bbox 187 1742 254 1763; x_wconf 84' lang='lat' dir='ltr'>non</span> <span class='ocrx_word' id='word_1_149' title='bbox 268 1732 415 1774; x_wconf 80' lang='lat' dir='ltr'>intelligo</span> <span class='ocrx_word' id='word_1_150' title='bbox 429 1733 554 1773; x_wconf 83' lang='lat' dir='ltr'>proprie</span> <span class='ocrx_word' id='word_1_151' title='bbox 574 1733 619 1764; x_wconf 85' lang='lat' dir='ltr'>ita</span> <span class='ocrx_word' id='word_1_152' title='bbox 640 1735 680 1765; x_wconf 80' lang='lat' dir='ltr'>ab</span> <span class='ocrx_word' id='word_1_153' title='bbox 693 1733 860 1765; x_wconf 89' lang='lat' dir='ltr'>oculorum</span> <span class='ocrx_word' id='word_1_154' title='bbox 875 1743 960 1764; x_wconf 89' lang='lat' dir='ltr'>mor-</span> 
     </span>
    </p>
   </div>
   <div class='ocr_carea' id='block_1_14' title="bbox 131 1775 960 1814">
    <p class='ocr_par' dir='ltr' id='par_1_17' title="bbox 131 1775 960 1814">
     <span class='ocr_line' id='line_1_30' title="bbox 131 1775 960 1814; baseline 0.001 -7"><span class='ocrx_word' id='word_1_155' title='bbox 131 1812 133 1814; x_wconf 41' lang='lat'>,</span> <span class='ocrx_word' id='word_1_156' title='bbox 187 1777 230 1807; x_wconf 86' lang='lat' dir='ltr'>bo</span> <span class='ocrx_word' id='word_1_157' title='bbox 243 1775 376 1814; x_wconf 87' lang='lat' dir='ltr'>dictum,</span> <span class='ocrx_word' id='word_1_158' title='bbox 391 1776 446 1807; x_wconf 89' lang='lat' dir='ltr'>sed</span> <span class='ocrx_word' id='word_1_159' title='bbox 461 1777 568 1807; x_wconf 83' lang='lat' dir='ltr'>minus</span> <span class='ocrx_word' id='word_1_160' title='bbox 582 1784 708 1808; x_wconf 76' lang='lat' dir='ltr'>tantum</span> <span class='ocrx_word' id='word_1_161' title='bbox 723 1784 816 1808; x_wconf 84' lang='lat' dir='ltr'>acute</span> <span class='ocrx_word' id='word_1_162' title='bbox 830 1787 960 1808; x_wconf 82' lang='lat' dir='ltr'>cernen-</span> 
     </span>
    </p>
   </div>
   <div class='ocr_carea' id='block_1_15' title="bbox 181 1820 961 3036">
    <p class='ocr_par' dir='ltr' id='par_1_18' title="bbox 185 1820 961 2121">
     <span class='ocr_line' id='line_1_31' title="bbox 186 1820 959 1862; baseline 0 -11"><span class='ocrx_word' id='word_1_163' title='bbox 186 1827 251 1851; x_wconf 85' lang='lat' dir='ltr'>tem</span> <span class='ocrx_word' id='word_1_164' title='bbox 265 1831 275 1855; x_wconf 87' lang='grc'>;</span> <span class='ocrx_word' id='word_1_165' title='bbox 340 1821 444 1861; x_wconf 80' lang='lat' dir='ltr'>lippus</span> <span class='ocrx_word' id='word_1_166' title='bbox 457 1820 544 1850; x_wconf 89' lang='lat' dir='ltr'>enim</span> <span class='ocrx_word' id='word_1_167' title='bbox 555 1821 622 1862; x_wconf 82' lang='lat' dir='ltr'>jam</span> <span class='ocrx_word' id='word_1_168' title='bbox 637 1820 808 1860; x_wconf 85' lang='lat' dir='ltr'>opponitur</span> <span class='ocrx_word' id='word_1_169' title='bbox 822 1822 959 1862; x_wconf 81' lang='lat' dir='ltr'>Lynceo.</span> 
     </span>
     <span class='ocr_line' id='line_1_32' title="bbox 186 1863 958 1904; baseline 0.001 -10"><span class='ocrx_word' id='word_1_170' title='bbox 186 1881 231 1888; x_wconf 88' lang='lat'>—-</span> <span class='ocrx_word' id='word_1_171' title='bbox 248 1863 374 1894; x_wconf 82' lang='lat' dir='ltr'>Scilicet</span> <span class='ocrx_word' id='word_1_172' title='bbox 390 1863 557 1901; x_wconf 76' lang='lat' dir='ltr'>Horatius,</span> <span class='ocrx_word' id='word_1_173' title='bbox 580 1870 618 1894; x_wconf 91' lang='lat' dir='ltr'>ut</span> <span class='ocrx_word' id='word_1_174' title='bbox 635 1864 703 1903; x_wconf 85' lang='lat' dir='ltr'>jam</span> <span class='ocrx_word' id='word_1_175' title='bbox 723 1874 820 1904; x_wconf 84' lang='lat' dir='ltr'>supra</span> <span class='ocrx_word' id='word_1_176' title='bbox 833 1865 875 1894; x_wconf 87' lang='lat' dir='ltr'>ad</span> <span class='ocrx_word' id='word_1_177' title='bbox 894 1865 958 1895; x_wconf 82' lang='lat' dir='ltr'>Sat.</span> 
     </span>
     <span class='ocr_line' id='line_1_33' title="bbox 188 1905 959 1947; baseline -0.001 -9"><span class='ocrx_word' id='word_1_178' title='bbox 188 1906 217 1938; x_wconf 91' lang='lat' dir='ltr'>I.</span> <span class='ocrx_word' id='word_1_179' title='bbox 238 1905 267 1937; x_wconf 87' lang='lat' dir='ltr'>l.</span> <span class='ocrx_word' id='word_1_180' title='bbox 289 1905 362 1937; x_wconf 79' lang='lat'>120.</span> <span class='ocrx_word' id='word_1_181' title='bbox 378 1913 410 1938; x_wconf 88' lang='lat' dir='ltr'>et</span> <span class='ocrx_word' id='word_1_182' title='bbox 427 1907 491 1938; x_wconf 72' lang='lat' dir='ltr'>Sat.</span> <span class='ocrx_word' id='word_1_183' title='bbox 513 1907 541 1938; x_wconf 93' lang='lat'>1.</span> <span class='ocrx_word' id='word_1_184' title='bbox 557 1906 588 1938; x_wconf 89' lang='lat'>5.</span> <span class='ocrx_word' id='word_1_185' title='bbox 604 1907 659 1938; x_wconf 83' lang='lat'>30.</span> <span class='ocrx_word' id='word_1_186' title='bbox 676 1908 824 1947; x_wconf 77' lang='lat' dir='ltr'>suspicati</span> <span class='ocrx_word' id='word_1_187' title='bbox 838 1918 959 1945; x_wconf 89' lang='lat' dir='ltr'>sumus,</span> 
     </span>
     <span class='ocr_line' id='line_1_34' title="bbox 186 1950 961 1991; baseline 0.001 -11"><span class='ocrx_word' id='word_1_188' title='bbox 186 1961 225 1980; x_wconf 82' lang='lat' dir='ltr'>ex</span> <span class='ocrx_word' id='word_1_189' title='bbox 242 1950 333 1981; x_wconf 88' lang='lat' dir='ltr'>nulla</span> <span class='ocrx_word' id='word_1_190' title='bbox 346 1951 409 1982; x_wconf 84' lang='lat' dir='ltr'>alia</span> <span class='ocrx_word' id='word_1_191' title='bbox 424 1961 518 1981; x_wconf 81' lang='lat' dir='ltr'>causa</span> <span class='ocrx_word' id='word_1_192' title='bbox 527 1956 591 1981; x_wconf 76' lang='lat' dir='ltr'>tam</span> <span class='ocrx_word' id='word_1_193' title='bbox 605 1961 688 1990; x_wconf 84' lang='lat' dir='ltr'>saepe</span> <span class='ocrx_word' id='word_1_194' title='bbox 700 1953 855 1991; x_wconf 59' lang='lat' dir='ltr'>lipporum</span> <span class='ocrx_word' id='word_1_195' title='bbox 870 1961 961 1981; x_wconf 84' lang='lat' dir='ltr'>men·</span> 
     </span>
     <span class='ocr_line' id='line_1_35' title="bbox 185 1993 960 2035; baseline 0 -11"><span class='ocrx_word' id='word_1_196' title='bbox 185 1994 306 2024; x_wconf 88' lang='lat' dir='ltr'>tionem</span> <span class='ocrx_word' id='word_1_197' title='bbox 320 1994 430 2025; x_wconf 82' lang='lat' dir='ltr'>fecisse</span> <span class='ocrx_word' id='word_1_198' title='bbox 445 1993 580 2031; x_wconf 81' lang='lat' dir='ltr'>videtur,</span> <span class='ocrx_word' id='word_1_199' title='bbox 595 2005 690 2035; x_wconf 78' lang='lat' dir='ltr'>quam</span> <span class='ocrx_word' id='word_1_200' title='bbox 706 2001 744 2025; x_wconf 86' lang='lat' dir='ltr'>ut</span> <span class='ocrx_word' id='word_1_201' title='bbox 758 1994 960 2031; x_wconf 77' lang='lat' dir='ltr'>adversarios,</span> 
     </span>
     <span class='ocr_line' id='line_1_36' title="bbox 187 2037 960 2077; baseline 0.003 -10"><span class='ocrx_word' id='word_1_202' title='bbox 187 2037 387 2076; x_wconf 86' lang='lat' dir='ltr'>lippitudinis</span> <span class='ocrx_word' id='word_1_203' title='bbox 401 2037 515 2068; x_wconf 82' lang='lat' dir='ltr'>vitium</span> <span class='ocrx_word' id='word_1_204' title='bbox 527 2037 586 2077; x_wconf 88' lang='lat' dir='ltr'>ipsi</span> <span class='ocrx_word' id='word_1_205' title='bbox 598 2039 831 2077; x_wconf 80' lang='lat' dir='ltr'>exprobrantes,</span> <span class='ocrx_word' id='word_1_206' title='bbox 849 2037 888 2068; x_wconf 88' lang='lat' dir='ltr'>de</span> <span class='ocrx_word' id='word_1_207' title='bbox 900 2038 960 2069; x_wconf 85' lang='lat' dir='ltr'>hoc</span> 
     </span>
     <span class='ocr_line' id='line_1_37' title="bbox 185 2080 741 2121; baseline 0 -9"><span class='ocrx_word' id='word_1_208' title='bbox 185 2080 322 2112; x_wconf 78' lang='lat' dir='ltr'>absurdo</span> <span class='ocrx_word' id='word_1_209' title='bbox 336 2081 468 2112; x_wconf 76' lang='lat' dir='ltr'>convicii</span> <span class='ocrx_word' id='word_1_210' title='bbox 483 2091 601 2121; x_wconf 86' lang='lat' dir='ltr'>genere</span> <span class='ocrx_word' id='word_1_211' title='bbox 615 2081 741 2112; x_wconf 83' lang='lat' dir='ltr'>rideret.</span> 
     </span>
    </p>

    <p class='ocr_par' dir='ltr' id='par_1_19' title="bbox 185 2123 961 2243">
     <span class='ocr_line' id='line_1_38' title="bbox 228 2123 961 2166; baseline 0.004 -13"><span class='ocrx_word' id='word_1_212' title='bbox 228 2135 256 2154; x_wconf 91' lang='lat' dir='ltr'>v.</span> <span class='ocrx_word' id='word_1_213' title='bbox 285 2123 341 2155; x_wconf 88' lang='grc'>30.</span> <span class='ocrx_word' id='word_1_214' title='bbox 371 2127 435 2156; x_wconf 82' lang='lat' dir='ltr'>inv.</span> <span class='ocrx_word' id='word_1_215' title='bbox 470 2126 572 2165; x_wconf 63' lang='lat' dir='ltr'>Glyc„</span> <span class='ocrx_word' id='word_1_216' title='bbox 597 2125 721 2156; x_wconf 81' lang='lat' dir='ltr'>videtur</span> <span class='ocrx_word' id='word_1_217' title='bbox 746 2126 841 2166; x_wconf 79' lang='lat' dir='ltr'>Glyco</span> <span class='ocrx_word' id='word_1_218' title='bbox 862 2125 961 2156; x_wconf 79' lang='lat' dir='ltr'>fuisse</span> 
     </span>
     <span class='ocr_line' id='line_1_39' title="bbox 187 2167 957 2208; baseline 0.001 -9"><span class='ocrx_word' id='word_1_219' title='bbox 187 2167 302 2199; x_wconf 88' lang='lat' dir='ltr'>nobilis</span> <span class='ocrx_word' id='word_1_220' title='bbox 315 2168 442 2204; x_wconf 76' lang='lat' dir='ltr'>athleta,</span> <span class='ocrx_word' id='word_1_221' title='bbox 459 2169 500 2198; x_wconf 91' lang='lat' dir='ltr'>ob</span> <span class='ocrx_word' id='word_1_222' title='bbox 515 2169 653 2208; x_wconf 84' lang='lat' dir='ltr'>corporis</span> <span class='ocrx_word' id='word_1_223' title='bbox 674 2170 771 2200; x_wconf 88' lang='lat' dir='ltr'>robur</span> <span class='ocrx_word' id='word_1_224' title='bbox 784 2175 817 2199; x_wconf 87' lang='lat' dir='ltr'>et</span> <span class='ocrx_word' id='word_1_225' title='bbox 831 2169 957 2200; x_wconf 80' lang='lat' dir='ltr'>vastita-</span> 
     </span>
     <span class='ocr_line' id='line_1_40' title="bbox 185 2212 412 2243; baseline -0.004 -1"><span class='ocrx_word' id='word_1_226' title='bbox 185 2219 251 2242; x_wconf 77' lang='lat' dir='ltr'>tem</span> <span class='ocrx_word' id='word_1_227' title='bbox 266 2212 412 2243; x_wconf 87' lang='lat' dir='ltr'>invictus.</span> 
     </span>
    </p>

    <p class='ocr_par' dir='ltr' id='par_1_20' title="bbox 188 2254 955 2340">
     <span class='ocr_line' id='line_1_41' title="bbox 229 2254 955 2294; baseline 0.001 -8"><span class='ocrx_word' id='word_1_228' title='bbox 229 2266 257 2286; x_wconf 89' lang='lat' dir='ltr'>v.</span> <span class='ocrx_word' id='word_1_229' title='bbox 277 2254 331 2286; x_wconf 89' lang='lat'>31.</span> <span class='ocrx_word' id='word_1_230' title='bbox 352 2257 490 2290; x_wconf 74' lang='lat' dir='ltr'>Nodum,</span> <span class='ocrx_word' id='word_1_231' title='bbox 514 2257 671 2293; x_wconf 87' lang='lat' dir='ltr'>tuberosa,</span> <span class='ocrx_word' id='word_1_232' title='bbox 695 2256 740 2287; x_wconf 88' lang='lat' dir='ltr'>sic</span> <span class='ocrx_word' id='word_1_233' title='bbox 755 2255 841 2294; x_wconf 85' lang='lat' dir='ltr'>apud</span> <span class='ocrx_word' id='word_1_234' title='bbox 859 2255 955 2287; x_wconf 88' lang='lat' dir='ltr'>Ovid.</span> 
     </span>
     <span class='ocr_line' id='line_1_42' title="bbox 188 2297 955 2340; baseline 0 -10"><span class='ocrx_word' id='word_1_235' title='bbox 188 2299 241 2330; x_wconf 86' lang='lat' dir='ltr'>Ex</span> <span class='ocrx_word' id='word_1_236' title='bbox 260 2299 354 2330; x_wconf 89' lang='lat' dir='ltr'>Pont.</span> <span class='ocrx_word' id='word_1_237' title='bbox 374 2299 403 2330; x_wconf 86' lang='grc' dir='ltr'>Ι.</span> <span class='ocrx_word' id='word_1_238' title='bbox 423 2298 454 2330; x_wconf 90' lang='grc'>3.</span> <span class='ocrx_word' id='word_1_239' title='bbox 473 2297 525 2329; x_wconf 87' lang='lat'>23.</span> <span class='ocrx_word' id='word_1_240' title='bbox 541 2302 678 2340; x_wconf 77' lang='lat' dir='ltr'>podagra</span> <span class='ocrx_word' id='word_1_241' title='bbox 701 2298 817 2330; x_wconf 74' lang='lat' dir='ltr'>dicitur</span> <span class='ocrx_word' id='word_1_242' title='bbox 830 2302 955 2331; x_wconf 81' lang='lat' dir='ltr'>nodosa.</span> 
     </span>
    </p>

    <p class='ocr_par' dir='ltr' id='par_1_21' title="bbox 181 2342 958 2820">
     <span class='ocr_line' id='line_1_43' title="bbox 230 2342 956 2385; baseline 0.003 -13"><span class='ocrx_word' id='word_1_243' title='bbox 230 2354 258 2373; x_wconf 89' lang='lat' dir='ltr'>v.</span> <span class='ocrx_word' id='word_1_244' title='bbox 276 2342 330 2374; x_wconf 88' lang='lat'>32.</span> <span class='ocrx_word' id='word_1_245' title='bbox 350 2344 412 2374; x_wconf 72' lang='lat' dir='ltr'>Est</span> <span class='ocrx_word' id='word_1_246' title='bbox 423 2345 518 2384; x_wconf 78' lang='lat' dir='ltr'>quad.</span> <span class='ocrx_word' id='word_1_247' title='bbox 533 2345 660 2382; x_wconf 79' lang='lat' dir='ltr'>prodire</span> <span class='ocrx_word' id='word_1_248' title='bbox 674 2349 761 2379; x_wconf 68' lang='lat' dir='ltr'>cett„</span> <span class='ocrx_word' id='word_1_249' title='bbox 779 2343 852 2374; x_wconf 77' lang='lat' dir='ltr'>lIcet</span> <span class='ocrx_word' id='word_1_250' title='bbox 869 2346 956 2385; x_wconf 78' lang='lat' dir='ltr'>(Est,</span> 
     </span>
     <span class='ocr_line' id='line_1_44' title="bbox 186 2386 956 2428; baseline -0.003 -10"><span class='ocrx_word' id='word_1_251' title='bbox 186 2388 250 2418; x_wconf 64' lang='grc' dir='ltr'><strong>ἔστι</strong></span> <span class='ocrx_word' id='word_1_252' title='bbox 262 2397 336 2426; x_wconf 89' lang='lat' dir='ltr'>pro:</span> <span class='ocrx_word' id='word_1_253' title='bbox 355 2386 463 2425; x_wconf 71' lang='grc' dir='ltr'><strong>ἔξεστι)</strong></span> <span class='ocrx_word' id='word_1_254' title='bbox 474 2386 514 2417; x_wconf 84' lang='lat' dir='ltr'>ad</span> <span class='ocrx_word' id='word_1_255' title='bbox 525 2393 646 2416; x_wconf 88' lang='lat' dir='ltr'>certum</span> <span class='ocrx_word' id='word_1_256' title='bbox 658 2397 758 2428; x_wconf 89' lang='lat' dir='ltr'>usque</span> <span class='ocrx_word' id='word_1_257' title='bbox 774 2386 868 2417; x_wconf 81' lang='lat' dir='ltr'>finem</span> <span class='ocrx_word' id='word_1_258' title='bbox 884 2397 956 2427; x_wconf 88' lang='lat' dir='ltr'>pro-</span> 
     </span>
     <span class='ocr_line' id='line_1_45' title="bbox 181 2429 957 2472; baseline 0.001 -12"><span class='ocrx_word' id='word_1_259' title='bbox 181 2430 288 2472; x_wconf 82' lang='lat' dir='ltr'>gredi,</span> <span class='ocrx_word' id='word_1_260' title='bbox 302 2430 329 2461; x_wconf 83' lang='lat' dir='ltr'>si</span> <span class='ocrx_word' id='word_1_261' title='bbox 345 2429 479 2461; x_wconf 85' lang='lat' dir='ltr'>ulterius</span> <span class='ocrx_word' id='word_1_262' title='bbox 492 2429 639 2470; x_wconf 81' lang='lat' dir='ltr'>progredi</span> <span class='ocrx_word' id='word_1_263' title='bbox 655 2440 719 2460; x_wconf 87' lang='lat' dir='ltr'>non</span> <span class='ocrx_word' id='word_1_264' title='bbox 734 2430 807 2460; x_wconf 88' lang='lat' dir='ltr'>licet</span> <span class='ocrx_word' id='word_1_265' title='bbox 817 2442 827 2468; x_wconf 89' lang='lat'>;</span> <span class='ocrx_word' id='word_1_266' title='bbox 839 2447 884 2455; x_wconf 94' lang='lat'><em>-</em></span> <span class='ocrx_word' id='word_1_267' title='bbox 894 2430 957 2461; x_wconf 88' lang='lat' dir='ltr'>lec-</span> 
     </span>
     <span class='ocr_line' id='line_1_46' title="bbox 186 2473 957 2516; baseline 0.001 -13"><span class='ocrx_word' id='word_1_268' title='bbox 186 2477 305 2505; x_wconf 80' lang='lat' dir='ltr'>tionem</span> <span class='ocrx_word' id='word_1_269' title='bbox 321 2475 460 2516; x_wconf 80' lang='lat' dir='ltr'>quadam</span> <span class='ocrx_word' id='word_1_270' title='bbox 481 2480 573 2504; x_wconf 80' lang='lat' dir='ltr'>tenus</span> <span class='ocrx_word' id='word_1_271' title='bbox 594 2484 652 2512; x_wconf 89' lang='lat' dir='ltr'>pro</span> <span class='ocrx_word' id='word_1_272' title='bbox 676 2473 797 2514; x_wconf 82' lang='lat' dir='ltr'>vulgari</span> <span class='ocrx_word' id='word_1_273' title='bbox 823 2474 957 2504; x_wconf 83' lang='lat' dir='ltr'>lectione</span> 
     </span>
     <span class='ocr_line' id='line_1_47' title="bbox 185 2517 958 2559; baseline -0.003 -10"><span class='ocrx_word' id='word_1_274' title='bbox 185 2521 320 2559; x_wconf 69' lang='lat' dir='ltr'>quodam</span> <span class='ocrx_word' id='word_1_275' title='bbox 339 2517 391 2548; x_wconf 86' lang='lat' dir='ltr'>vel</span> <span class='ocrx_word' id='word_1_276' title='bbox 412 2519 569 2558; x_wconf 75' lang='lat' dir='ltr'>quoddam</span> <span class='ocrx_word' id='word_1_277' title='bbox 584 2535 627 2540; x_wconf 98' lang='lat'><strong>—</strong></span> <span class='ocrx_word' id='word_1_278' title='bbox 642 2524 734 2548; x_wconf 79' lang='lat' dir='ltr'>tenus</span> <span class='ocrx_word' id='word_1_279' title='bbox 749 2523 833 2547; x_wconf 88' lang='lat' dir='ltr'>recte</span> <span class='ocrx_word' id='word_1_280' title='bbox 846 2517 958 2548; x_wconf 86' lang='lat' dir='ltr'>defen-</span> 
     </span>
     <span class='ocr_line' id='line_1_48' title="bbox 185 2560 956 2599; baseline -0.003 -7"><span class='ocrx_word' id='word_1_281' title='bbox 185 2561 232 2592; x_wconf 86' lang='lat' dir='ltr'>dit</span> <span class='ocrx_word' id='word_1_282' title='bbox 257 2563 439 2598; x_wconf 62' lang='lat' dir='ltr'>Bentlciusf</span> <span class='ocrx_word' id='word_1_283' title='bbox 465 2567 557 2592; x_wconf 78' lang='lat' dir='ltr'>lenus</span> <span class='ocrx_word' id='word_1_284' title='bbox 579 2560 673 2596; x_wconf 83' lang='lat' dir='ltr'>enim,</span> <span class='ocrx_word' id='word_1_285' title='bbox 691 2560 746 2590; x_wconf 89' lang='lat' dir='ltr'>ubi</span> <span class='ocrx_word' id='word_1_286' title='bbox 762 2560 956 2599; x_wconf 87' lang='lat' dir='ltr'>pronomini-</span> 
     </span>
     <span class='ocr_line' id='line_1_49' title="bbox 185 2603 957 2646; baseline -0.004 -10"><span class='ocrx_word' id='word_1_287' title='bbox 185 2606 245 2636; x_wconf 91' lang='lat' dir='ltr'>bus</span> <span class='ocrx_word' id='word_1_288' title='bbox 254 2605 413 2646; x_wconf 84' lang='lat' dir='ltr'>jungitur,</span> <span class='ocrx_word' id='word_1_289' title='bbox 428 2603 600 2635; x_wconf 71' lang='lat' dir='ltr'>ablativum</span> <span class='ocrx_word' id='word_1_290' title='bbox 623 2604 656 2633; x_wconf 92' lang='lat' dir='ltr'>in</span> <span class='ocrx_word' id='word_1_291' title='bbox 674 2614 789 2644; x_wconf 89' lang='lat' dir='ltr'>genere</span> <span class='ocrx_word' id='word_1_292' title='bbox 804 2603 957 2634; x_wconf 87' lang='lat' dir='ltr'>feminino</span> 
     </span>
     <span class='ocr_line' id='line_1_50' title="bbox 185 2649 953 2689; baseline -0.001 -10"><span class='ocrx_word' id='word_1_293' title='bbox 185 2649 295 2689; x_wconf 81' lang='lat' dir='ltr'>exigit,</span> <span class='ocrx_word' id='word_1_294' title='bbox 322 2656 359 2680; x_wconf 88' lang='lat' dir='ltr'>ut</span> <span class='ocrx_word' id='word_1_295' title='bbox 385 2649 418 2678; x_wconf 91' lang='lat' dir='ltr'>in</span> <span class='ocrx_word' id='word_1_296' title='bbox 440 2650 602 2683; x_wconf 69' lang='lat' dir='ltr'>hactenus,</span> <span class='ocrx_word' id='word_1_297' title='bbox 617 2653 757 2683; x_wconf 76' lang='lat' dir='ltr'>eatenus,</span> <span class='ocrx_word' id='word_1_298' title='bbox 786 2653 953 2688; x_wconf 78' lang='lat' dir='ltr'>quatenus,</span> 
     </span>
     <span class='ocr_line' id='line_1_51' title="bbox 185 2690 957 2733; baseline -0.003 -9"><span class='ocrx_word' id='word_1_299' title='bbox 185 2695 404 2733; x_wconf 75' lang='lat' dir='ltr'>aliquatenu3;</span> <span class='ocrx_word' id='word_1_300' title='bbox 398 2691 502 2722; x_wconf 86' lang='lat' dir='ltr'>·—de</span> <span class='ocrx_word' id='word_1_301' title='bbox 510 2693 741 2732; x_wconf 79' lang='lat' dir='ltr'>quadamtenus</span> <span class='ocrx_word' id='word_1_302' title='bbox 750 2690 840 2720; x_wconf 79' lang='lat' dir='ltr'>affert</span> <span class='ocrx_word' id='word_1_303' title='bbox 851 2693 957 2722; x_wconf 79' lang='lat' dir='ltr'>Bentl-</span> 
     </span>
     <span class='ocr_line' id='line_1_52' title="bbox 185 2732 954 2776; baseline -0.003 -10"><span class='ocrx_word' id='word_1_304' title='bbox 185 2736 368 2775; x_wconf 88' lang='lat' dir='ltr'>exemplum</span> <span class='ocrx_word' id='word_1_305' title='bbox 381 2734 466 2766; x_wconf 87' lang='lat' dir='ltr'>Plin.</span> <span class='ocrx_word' id='word_1_306' title='bbox 482 2734 592 2766; x_wconf 84' lang='lat' dir='ltr'>XIII.</span> <span class='ocrx_word' id='word_1_307' title='bbox 606 2732 636 2764; x_wconf 89' lang='lat'>7.</span> <span class='ocrx_word' id='word_1_308' title='bbox 657 2735 746 2765; x_wconf 84' lang='lat' dir='ltr'>Huic</span> <span class='ocrx_word' id='word_1_309' title='bbox 757 2735 864 2764; x_wconf 73' lang='lat' dir='ltr'>similis</span> <span class='ocrx_word' id='word_1_310' title='bbox 875 2745 954 2776; x_wconf 81' lang='lat' dir='ltr'>qua-</span> 
     </span>
     <span class='ocr_line' id='line_1_53' title="bbox 184 2779 821 2820; baseline -0.005 -9"><span class='ocrx_word' id='word_1_311' title='bbox 184 2782 361 2816; x_wconf 77' lang='lat' dir='ltr'>damtenus,</span> <span class='ocrx_word' id='word_1_312' title='bbox 377 2790 447 2820; x_wconf 79' lang='lat' dir='ltr'>quae</span> <span class='ocrx_word' id='word_1_313' title='bbox 460 2786 588 2810; x_wconf 72' lang='lat' dir='ltr'>vocatur</span> <span class='ocrx_word' id='word_1_314' title='bbox 605 2779 821 2820; x_wconf 59' lang='lat' dir='ltr'>Cypdaficus.</span> 
     </span>
    </p>

    <p class='ocr_par' dir='ltr' id='par_1_22' title="bbox 184 2820 955 3036">
     <span class='ocr_line' id='line_1_54' title="bbox 227 2820 955 2860; baseline -0.004 -8"><span class='ocrx_word' id='word_1_315' title='bbox 227 2834 255 2853; x_wconf 83' lang='lat' dir='ltr'>v.</span> <span class='ocrx_word' id='word_1_316' title='bbox 280 2821 336 2854; x_wconf 70' lang='lat'>34«.</span> <span class='ocrx_word' id='word_1_317' title='bbox 362 2825 452 2855; x_wconf 83' lang='lat' dir='ltr'>verba</span> <span class='ocrx_word' id='word_1_318' title='bbox 480 2829 510 2853; x_wconf 78' lang='lat' dir='ltr'>ee</span> <span class='ocrx_word' id='word_1_319' title='bbox 531 2832 624 2858; x_wconf 74' lang='lat' dir='ltr'>voces,</span> <span class='ocrx_word' id='word_1_320' title='bbox 647 2820 852 2860; x_wconf 85' lang='lat' dir='ltr'>philosophiae</span> <span class='ocrx_word' id='word_1_321' title='bbox 874 2830 955 2858; x_wconf 82' lang='lat' dir='ltr'>prae-</span> 
     </span>
     <span class='ocr_line' id='line_1_55' title="bbox 185 2864 953 2908; baseline -0.005 -11"><span class='ocrx_word' id='word_1_322' title='bbox 185 2874 285 2905; x_wconf 84' lang='lat' dir='ltr'>cepta,</span> <span class='ocrx_word' id='word_1_323' title='bbox 300 2866 417 2908; x_wconf 89' lang='lat' dir='ltr'>quibus</span> <span class='ocrx_word' id='word_1_324' title='bbox 438 2866 583 2896; x_wconf 82' lang='lat' dir='ltr'>homines</span> <span class='ocrx_word' id='word_1_325' title='bbox 604 2864 764 2895; x_wconf 79' lang='lat' dir='ltr'>avaritiam</span> <span class='ocrx_word' id='word_1_326' title='bbox 785 2874 822 2894; x_wconf 85' lang='lat' dir='ltr'>ex</span> <span class='ocrx_word' id='word_1_327' title='bbox 846 2864 953 2894; x_wconf 82' lang='lat' dir='ltr'>animo</span> 
     </span>
     <span class='ocr_line' id='line_1_56' title="bbox 184 2909 951 2951; baseline -0.003 -12"><span class='ocrx_word' id='word_1_328' title='bbox 184 2910 300 2948; x_wconf 86' lang='lat' dir='ltr'>pellere</span> <span class='ocrx_word' id='word_1_329' title='bbox 319 2911 483 2951; x_wconf 85' lang='lat' dir='ltr'>jubentur,</span> <span class='ocrx_word' id='word_1_330' title='bbox 506 2910 574 2950; x_wconf 83' lang='lat' dir='ltr'>jam</span> <span class='ocrx_word' id='word_1_331' title='bbox 589 2914 740 2939; x_wconf 84' lang='lat' dir='ltr'>vocantur</span> <span class='ocrx_word' id='word_1_332' title='bbox 753 2909 843 2939; x_wconf 76' lang='lat' dir='ltr'>verba</span> <span class='ocrx_word' id='word_1_333' title='bbox 858 2914 886 2938; x_wconf 82' lang='grc' dir='ltr'>ει</span> <span class='ocrx_word' id='word_1_334' title='bbox 902 2919 951 2937; x_wconf 81' lang='lat' dir='ltr'>vo-</span> 
     </span>
     <span class='ocr_line' id='line_1_57' title="bbox 187 2951 953 2992; baseline -0.003 -10"><span class='ocrx_word' id='word_1_335' title='bbox 187 2964 244 2988; x_wconf 76' lang='lat' dir='ltr'>ces,</span> <span class='ocrx_word' id='word_1_336' title='bbox 262 2961 413 2992; x_wconf 79' lang='lat' dir='ltr'>respectu,</span> <span class='ocrx_word' id='word_1_337' title='bbox 438 2960 475 2984; x_wconf 83' lang='lat' dir='ltr'>ut</span> <span class='ocrx_word' id='word_1_338' title='bbox 489 2955 652 2984; x_wconf 77' lang='lat' dir='ltr'>observant</span> <span class='ocrx_word' id='word_1_339' title='bbox 677 2951 876 2990; x_wconf 72' lang='lat' dir='ltr'>lnaerpreaes,</span> <span class='ocrx_word' id='word_1_340' title='bbox 898 2951 953 2981; x_wconf 67' lang='lat' dir='ltr'>ha·</span> 
     </span>
     <span class='ocr_line' id='line_1_58' title="bbox 186 2995 948 3036; baseline 0 -11"><span class='ocrx_word' id='word_1_341' title='bbox 186 2995 251 3027; x_wconf 88' lang='lat' dir='ltr'>bito</span> <span class='ocrx_word' id='word_1_342' title='bbox 265 2999 445 3030; x_wconf 78' lang='lat' dir='ltr'>carminum</span> <span class='ocrx_word' id='word_1_343' title='bbox 461 3004 493 3028; x_wconf 82' lang='lat' dir='ltr'>et</span> <span class='ocrx_word' id='word_1_344' title='bbox 503 2998 730 3033; x_wconf 74' lang='lat' dir='ltr'>mutationum,</span> <span class='ocrx_word' id='word_1_345' title='bbox 742 2995 857 3036; x_wconf 81' lang='lat' dir='ltr'>quibus</span> <span class='ocrx_word' id='word_1_346' title='bbox 868 3004 948 3026; x_wconf 84' lang='lat' dir='ltr'>mor-</span> 
     </span>
    </p>
   </div>
   <div class='ocr_carea' id='block_1_16' title="bbox 995 1297 1778 2948">
    <p class='ocr_par' dir='ltr' id='par_1_23' title="bbox 1003 1297 1778 1515">
     <span class='ocr_line' id='line_1_59' title="bbox 1007 1297 1777 1340; baseline 0.004 -12"><span class='ocrx_word' id='word_1_347' title='bbox 1007 1297 1039 1329; x_wconf 84' lang='lat' dir='ltr'>bi</span> <span class='ocrx_word' id='word_1_348' title='bbox 1054 1309 1092 1329; x_wconf 88' lang='lat' dir='ltr'>ex</span> <span class='ocrx_word' id='word_1_349' title='bbox 1108 1297 1293 1338; x_wconf 84' lang='lat' dir='ltr'>corporibus</span> <span class='ocrx_word' id='word_1_350' title='bbox 1313 1297 1400 1339; x_wconf 85' lang='lat' dir='ltr'>abigi</span> <span class='ocrx_word' id='word_1_351' title='bbox 1419 1305 1516 1340; x_wconf 77' lang='lat' dir='ltr'>atque</span> <span class='ocrx_word' id='word_1_352' title='bbox 1536 1298 1672 1330; x_wconf 79' lang='lat' dir='ltr'>emoveri</span> <span class='ocrx_word' id='word_1_353' title='bbox 1686 1310 1777 1339; x_wconf 75' lang='lat' dir='ltr'>posse</span> 
     </span>
     <span class='ocr_line' id='line_1_60' title="bbox 1007 1341 1778 1382; baseline -0.003 -10"><span class='ocrx_word' id='word_1_354' title='bbox 1007 1343 1219 1382; x_wconf 75' lang='lat' dir='ltr'>putabantu13</span> <span class='ocrx_word' id='word_1_355' title='bbox 1244 1341 1306 1372; x_wconf 85' lang='lat' dir='ltr'>vid.</span> <span class='ocrx_word' id='word_1_356' title='bbox 1326 1343 1531 1378; x_wconf 53' lang='lat' dir='ltr'>Lambrhum,</span> <span class='ocrx_word' id='word_1_357' title='bbox 1545 1342 1601 1382; x_wconf 89' lang='lat' dir='ltr'>qui</span> <span class='ocrx_word' id='word_1_358' title='bbox 1615 1352 1778 1381; x_wconf 79' lang='lat' dir='ltr'>compara-</span> 
     </span>
     <span class='ocr_line' id='line_1_61' title="bbox 1003 1385 1776 1466; baseline 0.001 -51"><span class='ocrx_word' id='word_1_359' title='bbox 1003 1385 1193 1459; x_wconf 46' lang='lat' dir='ltr'>gglqutgqpe</span> <span class='ocrx_word' id='word_1_360' title='bbox 1203 1385 1776 1466; x_wconf 38' lang='lat' dir='ltr'>esumaeflazmtipmsstaripidersngippol.</span> 
     </span>
     <span class='ocr_line' id='line_1_62' title="bbox 1300 1443 1774 1462; baseline 0.006 -3"><span class='ocrx_word' id='word_1_361' title='bbox 1300 1443 1320 1459; x_wconf 64' lang='lat' dir='ltr'><strong>U</strong></span> <span class='ocrx_word' id='word_1_362' title='bbox 1508 1443 1521 1459; x_wconf 77' lang='lat'><em>0</em></span> <span class='ocrx_word' id='word_1_363' title='bbox 1547 1443 1570 1460; x_wconf 72' lang='grc' dir='ltr'><em>Μ</em></span> <span class='ocrx_word' id='word_1_364' title='bbox 1678 1443 1714 1462; x_wconf 58' lang='grc' dir='ltr'><strong><em>η</em></strong></span> <span class='ocrx_word' id='word_1_365' title='bbox 1730 1444 1774 1461; x_wconf 71' lang='grc' dir='ltr'>[Μ’</span> 
     </span>
     <span class='ocr_line' id='line_1_63' title="bbox 1005 1442 1730 1522; baseline -0.001 -19"><span class='ocrx_word' id='word_1_366' title='bbox 1005 1471 1167 1503; x_wconf 59' lang='lat' dir='ltr'>§avalon-21¹</span> <span class='ocrx_word' id='word_1_367' title='bbox 1181 1485 1213 1503; x_wconf 78' lang='lat' dir='ltr'>‘rt</span> <span class='ocrx_word' id='word_1_368' title='bbox 1229 1461 1314 1506; x_wconf 54' lang='lat' dir='ltr'>‘ridi</span> <span class='ocrx_word' id='word_1_369' title='bbox 1329 1473 1484 1522; x_wconf 68' lang='grc' dir='ltr'>φάρμακον</span> <span class='ocrx_word' id='word_1_370' title='bbox 1499 1442 1585 1503; x_wconf 61' lang='grc' dir='ltr'><strong>νίζον.</strong></span> <span class='ocrx_word' id='word_1_371' title='bbox 1714 1443 1730 1473; x_wconf 63' lang='lat' dir='ltr'>e</span> 
     </span>
    </p>

    <p class='ocr_par' dir='ltr' id='par_1_24' title="bbox 1003 1514 1773 1633">
     <span class='ocr_line' id='line_1_64' title="bbox 1047 1514 1773 1554; baseline 0.003 -9"><span class='ocrx_word' id='word_1_372' title='bbox 1047 1526 1077 1546; x_wconf 85' lang='lat' dir='ltr'>v.</span> <span class='ocrx_word' id='word_1_373' title='bbox 1095 1514 1149 1546; x_wconf 89' lang='lat'>35.</span> <span class='ocrx_word' id='word_1_374' title='bbox 1168 1517 1275 1552; x_wconf 78' lang='lat' dir='ltr'>morbi,</span> <span class='ocrx_word' id='word_1_375' title='bbox 1298 1515 1454 1553; x_wconf 76' lang='lat' dir='ltr'>avaritiae3</span> <span class='ocrx_word' id='word_1_376' title='bbox 1478 1517 1612 1550; x_wconf 72' lang='lat' dir='ltr'>morbus,</span> <span class='ocrx_word' id='word_1_377' title='bbox 1636 1521 1672 1546; x_wconf 86' lang='lat' dir='ltr'>ut</span> <span class='ocrx_word' id='word_1_378' title='bbox 1687 1530 1713 1546; x_wconf 76' lang='grc' dir='ltr'>νο</span> <span class='ocrx_word' id='word_1_379' title='bbox 1704 1516 1773 1554; x_wconf 67' lang='lat'>¹105,</span> 
     </span>
     <span class='ocr_line' id='line_1_65' title="bbox 1003 1558 1771 1599; baseline 0.003 -10"><span class='ocrx_word' id='word_1_380' title='bbox 1003 1558 1044 1589; x_wconf 89' lang='lat' dir='ltr'>de</span> <span class='ocrx_word' id='word_1_381' title='bbox 1058 1559 1143 1589; x_wconf 90' lang='lat' dir='ltr'>vitiis</span> <span class='ocrx_word' id='word_1_382' title='bbox 1156 1558 1349 1598; x_wconf 83' lang='lat' dir='ltr'>hominum3</span> <span class='ocrx_word' id='word_1_383' title='bbox 1371 1558 1455 1590; x_wconf 82' lang='lat' dir='ltr'>conf.</span> <span class='ocrx_word' id='word_1_384' title='bbox 1472 1569 1567 1599; x_wconf 79' lang='lat' dir='ltr'>supra</span> <span class='ocrx_word' id='word_1_385' title='bbox 1583 1559 1647 1590; x_wconf 81' lang='lat' dir='ltr'>Sat.</span> <span class='ocrx_word' id='word_1_386' title='bbox 1668 1559 1719 1590; x_wconf 90' lang='lat'>11.</span> <span class='ocrx_word' id='word_1_387' title='bbox 1738 1559 1771 1591; x_wconf 85' lang='lat'>3.</span> 
     </span>
     <span class='ocr_line' id='line_1_66' title="bbox 1004 1600 1197 1633; baseline -0.005 0"><span class='ocrx_word' id='word_1_388' title='bbox 1004 1602 1057 1633; x_wconf 91' lang='lat'>27.</span> <span class='ocrx_word' id='word_1_389' title='bbox 1076 1609 1108 1633; x_wconf 90' lang='lat' dir='ltr'>et</span> <span class='ocrx_word' id='word_1_390' title='bbox 1122 1600 1197 1632; x_wconf 72' lang='lat'>254«.</span> 
     </span>
    </p>

    <p class='ocr_par' dir='ltr' id='par_1_25' title="bbox 1002 1645 1775 2122">
     <span class='ocr_line' id='line_1_67' title="bbox 1047 1645 1774 1687; baseline 0.004 -12"><span class='ocrx_word' id='word_1_391' title='bbox 1047 1657 1077 1677; x_wconf 90' lang='lat' dir='ltr'>v.</span> <span class='ocrx_word' id='word_1_392' title='bbox 1096 1645 1150 1682; x_wconf 89' lang='lat'>36,</span> <span class='ocrx_word' id='word_1_393' title='bbox 1174 1645 1228 1676; x_wconf 86' lang='lat'>37.</span> <span class='ocrx_word' id='word_1_394' title='bbox 1255 1646 1386 1678; x_wconf 72' lang='lat' dir='ltr'>tumes?</span> <span class='ocrx_word' id='word_1_395' title='bbox 1410 1655 1469 1685; x_wconf 84' lang='lat' dir='ltr'>pro</span> <span class='ocrx_word' id='word_1_396' title='bbox 1493 1645 1634 1687; x_wconf 74' lang='lat' dir='ltr'>vulgari:</span> <span class='ocrx_word' id='word_1_397' title='bbox 1661 1647 1774 1686; x_wconf 83' lang='lat' dir='ltr'>plenus</span> 
     </span>
     <span class='ocr_line' id='line_1_68' title="bbox 1003 1688 1775 1732; baseline 0.001 -12"><span class='ocrx_word' id='word_1_398' title='bbox 1003 1690 1060 1720; x_wconf 85' lang='lat' dir='ltr'>es?</span> <span class='ocrx_word' id='word_1_399' title='bbox 1083 1689 1234 1731; x_wconf 79' lang='lat' dir='ltr'>agitaris?</span> <span class='ocrx_word' id='word_1_400' title='bbox 1252 1696 1285 1720; x_wconf 89' lang='lat' dir='ltr'>et</span> <span class='ocrx_word' id='word_1_401' title='bbox 1298 1690 1343 1720; x_wconf 90' lang='lat' dir='ltr'>sic</span> <span class='ocrx_word' id='word_1_402' title='bbox 1357 1696 1462 1721; x_wconf 76' lang='lat' dir='ltr'>tumor</span> <span class='ocrx_word' id='word_1_403' title='bbox 1475 1688 1516 1719; x_wconf 91' lang='lat' dir='ltr'>de</span> <span class='ocrx_word' id='word_1_404' title='bbox 1529 1689 1639 1730; x_wconf 77' lang='lat' dir='ltr'>quavis</span> <span class='ocrx_word' id='word_1_405' title='bbox 1652 1690 1775 1732; x_wconf 76' lang='lat' dir='ltr'>gravio·</span> 
     </span>
     <span class='ocr_line' id='line_1_69' title="bbox 1003 1732 1774 1773; baseline 0.001 -9"><span class='ocrx_word' id='word_1_406' title='bbox 1003 1743 1039 1764; x_wconf 89' lang='lat' dir='ltr'>re</span> <span class='ocrx_word' id='word_1_407' title='bbox 1052 1732 1219 1764; x_wconf 79' lang='lat' dir='ltr'>affectione</span> <span class='ocrx_word' id='word_1_408' title='bbox 1229 1739 1262 1763; x_wconf 89' lang='lat' dir='ltr'>et</span> <span class='ocrx_word' id='word_1_409' title='bbox 1275 1732 1456 1773; x_wconf 79' lang='lat' dir='ltr'>cupiditate,</span> <span class='ocrx_word' id='word_1_410' title='bbox 1471 1742 1535 1772; x_wconf 77' lang='lat' dir='ltr'>qua</span> <span class='ocrx_word' id='word_1_411' title='bbox 1548 1739 1635 1763; x_wconf 83' lang='lat' dir='ltr'>totus</span> <span class='ocrx_word' id='word_1_412' title='bbox 1647 1733 1774 1765; x_wconf 71' lang='lat' dir='ltr'>animm</span> 
     </span>
     <span class='ocr_line' id='line_1_70' title="bbox 1005 1775 1775 1816; baseline 0 -8"><span class='ocrx_word' id='word_1_413' title='bbox 1005 1778 1183 1808; x_wconf 74' lang='lat' dir='ltr'>intumescit</span> <span class='ocrx_word' id='word_1_414' title='bbox 1194 1792 1205 1812; x_wconf 88' lang='lat'>‚·</span> <span class='ocrx_word' id='word_1_415' title='bbox 1228 1776 1293 1807; x_wconf 78' lang='lat' dir='ltr'>vid.</span> <span class='ocrx_word' id='word_1_416' title='bbox 1319 1777 1428 1808; x_wconf 74' lang='lat' dir='ltr'>Bentl.</span> <span class='ocrx_word' id='word_1_417' title='bbox 1443 1775 1528 1806; x_wconf 80' lang='lat' dir='ltr'>infra</span> <span class='ocrx_word' id='word_1_418' title='bbox 1547 1775 1590 1806; x_wconf 77' lang='lat' dir='ltr'>ad</span> <span class='ocrx_word' id='word_1_419' title='bbox 1612 1775 1716 1816; x_wconf 67' lang='lat' dir='ltr'>Epist.</span> <span class='ocrx_word' id='word_1_420' title='bbox 1733 1777 1775 1808; x_wconf 74' lang='lat' dir='ltr'>ad</span> 
     </span>
     <span class='ocr_line' id='line_1_71' title="bbox 1008 1819 1775 1861; baseline 0.001 -10"><span class='ocrx_word' id='word_1_421' title='bbox 1008 1820 1075 1851; x_wconf 88' lang='lat' dir='ltr'>Pis.</span> <span class='ocrx_word' id='word_1_422' title='bbox 1091 1830 1121 1850; x_wconf 85' lang='lat' dir='ltr'>v.</span> <span class='ocrx_word' id='word_1_423' title='bbox 1142 1819 1214 1851; x_wconf 88' lang='grc'><strong>197.</strong></span> <span class='ocrx_word' id='word_1_424' title='bbox 1303 1825 1380 1851; x_wconf 73' lang='lat' dir='ltr'>sunt</span> <span class='ocrx_word' id='word_1_425' title='bbox 1396 1825 1481 1851; x_wconf 79' lang='lat' dir='ltr'>certa</span> <span class='ocrx_word' id='word_1_426' title='bbox 1497 1821 1636 1860; x_wconf 61' lang='lat' dir='ltr'>ydaculn,</span> <span class='ocrx_word' id='word_1_427' title='bbox 1659 1831 1732 1861; x_wconf 77' lang='lat' dir='ltr'>quoe</span> <span class='ocrx_word' id='word_1_428' title='bbox 1744 1827 1775 1854; x_wconf 73' lang='lat' dir='ltr'>te</span> 
     </span>
     <span class='ocr_line' id='line_1_72' title="bbox 1005 1862 1774 1904; baseline 0.001 -10"><span class='ocrx_word' id='word_1_429' title='bbox 1005 1870 1093 1900; x_wconf 66' lang='lat' dir='ltr'>cett„</span> <span class='ocrx_word' id='word_1_430' title='bbox 1110 1870 1186 1894; x_wconf 86' lang='lat' dir='ltr'>sunt</span> <span class='ocrx_word' id='word_1_431' title='bbox 1198 1870 1283 1894; x_wconf 79' lang='lat' dir='ltr'>certa</span> <span class='ocrx_word' id='word_1_432' title='bbox 1297 1862 1447 1898; x_wconf 73' lang='lat' dir='ltr'>remedia,</span> <span class='ocrx_word' id='word_1_433' title='bbox 1468 1863 1586 1904; x_wconf 83' lang='lat' dir='ltr'>quibus</span> <span class='ocrx_word' id='word_1_434' title='bbox 1599 1862 1703 1894; x_wconf 83' lang='lat' dir='ltr'>laudis</span> <span class='ocrx_word' id='word_1_435' title='bbox 1716 1874 1774 1895; x_wconf 89' lang='lat' dir='ltr'>cu-</span> 
     </span>
     <span class='ocr_line' id='line_1_73' title="bbox 1004 1906 1774 1948; baseline 0.001 -11"><span class='ocrx_word' id='word_1_436' title='bbox 1004 1906 1179 1946; x_wconf 78' lang='lat' dir='ltr'>piditatem,</span> <span class='ocrx_word' id='word_1_437' title='bbox 1196 1917 1261 1948; x_wconf 73' lang='lat' dir='ltr'>qua</span> <span class='ocrx_word' id='word_1_438' title='bbox 1274 1913 1385 1946; x_wconf 80' lang='lat' dir='ltr'>pectus</span> <span class='ocrx_word' id='word_1_439' title='bbox 1398 1912 1490 1938; x_wconf 85' lang='lat' dir='ltr'>tuum</span> <span class='ocrx_word' id='word_1_440' title='bbox 1505 1912 1621 1947; x_wconf 82' lang='lat' dir='ltr'>turget,</span> <span class='ocrx_word' id='word_1_441' title='bbox 1633 1916 1774 1946; x_wconf 71' lang='lat' dir='ltr'>compes-</span> 
     </span>
     <span class='ocr_line' id='line_1_74' title="bbox 1005 1949 1774 1990; baseline 0 -9"><span class='ocrx_word' id='word_1_442' title='bbox 1005 1960 1075 1981; x_wconf 85' lang='lat' dir='ltr'>cere</span> <span class='ocrx_word' id='word_1_443' title='bbox 1090 1957 1123 1981; x_wconf 86' lang='lat' dir='ltr'>et</span> <span class='ocrx_word' id='word_1_444' title='bbox 1137 1951 1344 1990; x_wconf 86' lang='lat' dir='ltr'>comprimere</span> <span class='ocrx_word' id='word_1_445' title='bbox 1357 1955 1457 1990; x_wconf 80' lang='lat' dir='ltr'>potes,</span> <span class='ocrx_word' id='word_1_446' title='bbox 1479 1949 1594 1988; x_wconf 72' lang='lat' dir='ltr'>saepius</span> <span class='ocrx_word' id='word_1_447' title='bbox 1608 1950 1728 1982; x_wconf 76' lang='lat' dir='ltr'>scilieet</span> <span class='ocrx_word' id='word_1_448' title='bbox 1741 1957 1774 1983; x_wconf 77' lang='lat' dir='ltr'>et</span> 
     </span>
     <span class='ocr_line' id='line_1_75' title="bbox 1004 1987 1772 2035; baseline 0 -11"><span class='ocrx_word' id='word_1_449' title='bbox 1004 2003 1085 2033; x_wconf 88' lang='lat' dir='ltr'>puro</span> <span class='ocrx_word' id='word_1_450' title='bbox 1099 1994 1208 2024; x_wconf 82' lang='lat' dir='ltr'>animo</span> <span class='ocrx_word' id='word_1_451' title='bbox 1224 1993 1358 2035; x_wconf 80' lang='lat' dir='ltr'>legendo</span> <span class='ocrx_word' id='word_1_452' title='bbox 1373 1992 1494 2023; x_wconf 86' lang='lat' dir='ltr'>libellos</span> <span class='ocrx_word' id='word_1_453' title='bbox 1504 1987 1772 2034; x_wconf 68' lang='lat' dir='ltr'>pbilosophorum.</span> 
     </span>
     <span class='ocr_line' id='line_1_76' title="bbox 1003 2036 1773 2079; baseline 0.003 -12"><span class='ocrx_word' id='word_1_454' title='bbox 1003 2047 1140 2078; x_wconf 86' lang='lat' dir='ltr'>quorum</span> <span class='ocrx_word' id='word_1_455' title='bbox 1155 2037 1318 2077; x_wconf 87' lang='lat' dir='ltr'>praeceptis</span> <span class='ocrx_word' id='word_1_456' title='bbox 1332 2047 1424 2078; x_wconf 82' lang='lat' dir='ltr'>oeque</span> <span class='ocrx_word' id='word_1_457' title='bbox 1437 2046 1474 2067; x_wconf 75' lang='lat' dir='ltr'>ac</span> <span class='ocrx_word' id='word_1_458' title='bbox 1492 2036 1625 2076; x_wconf 73' lang='lat' dir='ltr'>piaculis</span> <span class='ocrx_word' id='word_1_459' title='bbox 1645 2037 1773 2079; x_wconf 70' lang='lat' dir='ltr'>purgari</span> 
     </span>
     <span class='ocr_line' id='line_1_77' title="bbox 1002 2081 1343 2122; baseline -0.003 -11"><span class='ocrx_word' id='word_1_460' title='bbox 1002 2087 1097 2122; x_wconf 83' lang='lat' dir='ltr'>atque</span> <span class='ocrx_word' id='word_1_461' title='bbox 1111 2081 1229 2120; x_wconf 81' lang='lat' dir='ltr'>expiari</span> <span class='ocrx_word' id='word_1_462' title='bbox 1243 2086 1343 2120; x_wconf 83' lang='lat' dir='ltr'>potes.</span> 
     </span>
    </p>

    <p class='ocr_par' dir='ltr' id='par_1_26' title="bbox 1002 2123 1771 2198">
     <span class='ocr_line' id='line_1_78' title="bbox 1047 2123 1771 2164; baseline 0.001 -11"><span class='ocrx_word' id='word_1_463' title='bbox 1047 2135 1075 2154; x_wconf 92' lang='lat' dir='ltr'>v.</span> <span class='ocrx_word' id='word_1_464' title='bbox 1094 2123 1299 2161; x_wconf 75' lang='lat' dir='ltr'>38.ama10r,</span> <span class='ocrx_word' id='word_1_465' title='bbox 1314 2123 1371 2164; x_wconf 87' lang='lat' dir='ltr'>qui</span> <span class='ocrx_word' id='word_1_466' title='bbox 1385 2123 1534 2154; x_wconf 83' lang='lat' dir='ltr'>mulieres</span> <span class='ocrx_word' id='word_1_467' title='bbox 1546 2129 1692 2160; x_wconf 76' lang='lat' dir='ltr'>sectatur,</span> <span class='ocrx_word' id='word_1_468' title='bbox 1713 2124 1771 2155; x_wconf 86' lang='lat' dir='ltr'>ho-</span> 
     </span>
     <span class='ocr_line' id='line_1_79' title="bbox 1002 2168 1268 2198; baseline 0 0"><span class='ocrx_word' id='word_1_469' title='bbox 1002 2178 1057 2198; x_wconf 90' lang='lat' dir='ltr'>mo</span> <span class='ocrx_word' id='word_1_470' title='bbox 1071 2168 1268 2198; x_wconf 67' lang='lat' dir='ltr'>libidinosus</span> 
     </span>
    </p>

    <p class='ocr_par' dir='ltr' id='par_1_27' title="bbox 1000 2209 1771 2286">
     <span class='ocr_line' id='line_1_80' title="bbox 1045 2209 1771 2251; baseline -0.001 -10"><span class='ocrx_word' id='word_1_471' title='bbox 1045 2222 1074 2241; x_wconf 91' lang='lat' dir='ltr'>v.</span> <span class='ocrx_word' id='word_1_472' title='bbox 1092 2210 1146 2242; x_wconf 84' lang='lat'>40.</span> <span class='ocrx_word' id='word_1_473' title='bbox 1165 2213 1310 2248; x_wconf 81' lang='lat' dir='ltr'>culturoe,</span> <span class='ocrx_word' id='word_1_474' title='bbox 1326 2209 1498 2251; x_wconf 71' lang='lat' dir='ltr'>praeceptis,</span> <span class='ocrx_word' id='word_1_475' title='bbox 1513 2209 1630 2251; x_wconf 82' lang='lat' dir='ltr'>quibus</span> <span class='ocrx_word' id='word_1_476' title='bbox 1642 2209 1771 2241; x_wconf 70' lang='lat' dir='ltr'>animus</span> 
     </span>
     <span class='ocr_line' id='line_1_81' title="bbox 1000 2255 1173 2286; baseline 0.012 -2"><span class='ocrx_word' id='word_1_477' title='bbox 1000 2255 1173 2286; x_wconf 82' lang='lat' dir='ltr'>excolatur.</span> 
     </span>
    </p>

    <p class='ocr_par' dir='ltr' id='par_1_28' title="bbox 999 2296 1766 2424">
     <span class='ocr_line' id='line_1_82' title="bbox 1043 2296 1766 2339; baseline -0.001 -10"><span class='ocrx_word' id='word_1_478' title='bbox 1043 2309 1072 2329; x_wconf 93' lang='lat' dir='ltr'>v.</span> <span class='ocrx_word' id='word_1_479' title='bbox 1091 2297 1145 2330; x_wconf 87' lang='lat'>43.</span> <span class='ocrx_word' id='word_1_480' title='bbox 1162 2301 1307 2339; x_wconf 69' lang='lat' dir='ltr'>exiguum</span> <span class='ocrx_word' id='word_1_481' title='bbox 1328 2308 1468 2335; x_wconf 76' lang='lat' dir='ltr'>censum,</span> <span class='ocrx_word' id='word_1_482' title='bbox 1490 2296 1644 2336; x_wconf 84' lang='lat' dir='ltr'>exiguum</span> <span class='ocrx_word' id='word_1_483' title='bbox 1658 2297 1702 2328; x_wconf 85' lang='lat' dir='ltr'>rei</span> <span class='ocrx_word' id='word_1_484' title='bbox 1718 2297 1766 2328; x_wconf 78' lang='lat' dir='ltr'>fa-</span> 
     </span>
     <span class='ocr_line' id='line_1_83' title="bbox 999 2341 1762 2378; baseline 0 -6"><span class='ocrx_word' id='word_1_485' title='bbox 999 2341 1132 2373; x_wconf 84' lang='lat' dir='ltr'>miliaris</span> <span class='ocrx_word' id='word_1_486' title='bbox 1154 2343 1298 2372; x_wconf 84' lang='lat' dir='ltr'>modum.</span> <span class='ocrx_word' id='word_1_487' title='bbox 1328 2351 1439 2372; x_wconf 70' lang='lat' dir='ltr'>census</span> <span class='ocrx_word' id='word_1_488' title='bbox 1463 2341 1561 2371; x_wconf 73' lang='lat' dir='ltr'>brevis</span> <span class='ocrx_word' id='word_1_489' title='bbox 1580 2350 1675 2378; x_wconf 81' lang='lat' dir='ltr'>supra</span> <span class='ocrx_word' id='word_1_490' title='bbox 1699 2341 1762 2372; x_wconf 86' lang='lat' dir='ltr'>Od.</span> 
     </span>
     <span class='ocr_line' id='line_1_84' title="bbox 1003 2383 1765 2424; baseline -0.001 -8"><span class='ocrx_word' id='word_1_491' title='bbox 1003 2385 1054 2416; x_wconf 85' lang='lat'>11.</span> <span class='ocrx_word' id='word_1_492' title='bbox 1075 2384 1125 2416; x_wconf 91' lang='grc'>15.</span> <span class='ocrx_word' id='word_1_493' title='bbox 1146 2384 1197 2416; x_wconf 93' lang='grc'>13.</span> <span class='ocrx_word' id='word_1_494' title='bbox 1221 2395 1335 2417; x_wconf 75' lang='lat' dir='ltr'>census</span> <span class='ocrx_word' id='word_1_495' title='bbox 1358 2386 1480 2424; x_wconf 75' lang='lat' dir='ltr'>longus,</span> <span class='ocrx_word' id='word_1_496' title='bbox 1506 2383 1590 2414; x_wconf 76' lang='lat' dir='ltr'>infra</span> <span class='ocrx_word' id='word_1_497' title='bbox 1612 2383 1715 2424; x_wconf 83' lang='lat' dir='ltr'>Epist.</span> <span class='ocrx_word' id='word_1_498' title='bbox 1737 2385 1765 2415; x_wconf 92' lang='lat'>1.</span> 
     </span>
    </p>

    <p class='ocr_par' dir='ltr' id='par_1_29' title="bbox 998 2469 1768 2773">
     <span class='ocr_line' id='line_1_85' title="bbox 1045 2469 1764 2519; baseline -0.001 -16"><span class='ocrx_word' id='word_1_499' title='bbox 1045 2484 1073 2503; x_wconf 87' lang='lat' dir='ltr'>v.</span> <span class='ocrx_word' id='word_1_500' title='bbox 1092 2471 1145 2503; x_wconf 81' lang='lat'>44.</span> <span class='ocrx_word' id='word_1_501' title='bbox 1170 2483 1227 2512; x_wconf 83' lang='lat' dir='ltr'>cap</span> <span class='ocrx_word' id='word_1_502' title='bbox 1228 2473 1287 2508; x_wconf 75' lang='lat' dir='ltr'>itis,</span> <span class='ocrx_word' id='word_1_503' title='bbox 1310 2471 1403 2509; x_wconf 80' lang='lat' dir='ltr'>vitae,</span> <span class='ocrx_word' id='word_1_504' title='bbox 1393 2483 1402 2490; x_wconf 93' lang='lat'><strong>·</strong></span> <span class='ocrx_word' id='word_1_505' title='bbox 1428 2470 1503 2501; x_wconf 89' lang='lat' dir='ltr'>binc</span> <span class='ocrx_word' id='word_1_506' title='bbox 1517 2469 1602 2519; x_wconf 81' lang='lat' dir='ltr'>apud</span> <span class='ocrx_word' id='word_1_507' title='bbox 1619 2470 1764 2502; x_wconf 80' lang='lat' dir='ltr'>Liv.11.</span> 
     </span>
     <span class='ocr_line' id='line_1_86' title="bbox 1005 2513 1767 2557; baseline -0.001 -11"><span class='ocrx_word' id='word_1_508' title='bbox 1005 2515 1054 2546; x_wconf 92' lang='lat'>12.</span> <span class='ocrx_word' id='word_1_509' title='bbox 1074 2518 1170 2557; x_wconf 75' lang='lat' dir='ltr'>capite</span> <span class='ocrx_word' id='word_1_510' title='bbox 1184 2517 1330 2546; x_wconf 81' lang='lat' dir='ltr'>dimicare</span> <span class='ocrx_word' id='word_1_511' title='bbox 1351 2524 1426 2554; x_wconf 88' lang='lat' dir='ltr'>pro.</span> <span class='ocrx_word' id='word_1_512' title='bbox 1456 2513 1496 2544; x_wconf 91' lang='lat' dir='ltr'>de</span> <span class='ocrx_word' id='word_1_513' title='bbox 1518 2514 1583 2544; x_wconf 79' lang='lat' dir='ltr'>vita</span> <span class='ocrx_word' id='word_1_514' title='bbox 1597 2513 1767 2553; x_wconf 58' lang='lat' dir='ltr'>dimicatum</span> 
     </span>
     <span class='ocr_line' id='line_1_87' title="bbox 999 2539 1768 2598; baseline -0.003 -7"><span class='ocrx_word' id='word_1_515' title='bbox 999 2561 1113 2598; x_wconf 74' lang='lat' dir='ltr'>labore,</span> <span class='ocrx_word' id='word_1_516' title='bbox 1139 2558 1329 2593; x_wconf 85' lang='lat' dir='ltr'>discrimine,</span> <span class='ocrx_word' id='word_1_517' title='bbox 1358 2557 1520 2598; x_wconf 86' lang='lat' dir='ltr'>periculo;</span> <span class='ocrx_word' id='word_1_518' title='bbox 1552 2564 1585 2587; x_wconf 83' lang='lat' dir='ltr'>et</span> <span class='ocrx_word' id='word_1_519' title='bbox 1609 2557 1654 2588; x_wconf 83' lang='lat' dir='ltr'>sic</span> <span class='ocrx_word' id='word_1_520' title='bbox 1681 2539 1768 2598; x_wconf 70' lang='lat' dir='ltr'>apud</span> 
     </span>
     <span class='ocr_line' id='line_1_88' title="bbox 1002 2601 1767 2642; baseline 0 -9"><span class='ocrx_word' id='word_1_521' title='bbox 1002 2603 1133 2634; x_wconf 83' lang='lat' dir='ltr'>Livium</span> <span class='ocrx_word' id='word_1_522' title='bbox 1146 2604 1263 2642; x_wconf 80' lang='lat' dir='ltr'>passim</span> <span class='ocrx_word' id='word_1_523' title='bbox 1276 2603 1391 2632; x_wconf 72' lang='lat' dir='ltr'>labores</span> <span class='ocrx_word' id='word_1_524' title='bbox 1405 2607 1438 2631; x_wconf 87' lang='lat' dir='ltr'>et</span> <span class='ocrx_word' id='word_1_525' title='bbox 1448 2602 1589 2641; x_wconf 58' lang='lat' dir='ltr'>paericula</span> <span class='ocrx_word' id='word_1_526' title='bbox 1605 2601 1706 2642; x_wconf 79' lang='lat' dir='ltr'>jungi</span> <span class='ocrx_word' id='word_1_527' title='bbox 1715 2613 1767 2633; x_wconf 80' lang='lat' dir='ltr'>so-</span> 
     </span>
     <span class='ocr_line' id='line_1_89' title="bbox 998 2643 1768 2685; baseline 0.001 -9"><span class='ocrx_word' id='word_1_528' title='bbox 998 2647 1083 2683; x_wconf 89' lang='lat' dir='ltr'>lent;</span> <span class='ocrx_word' id='word_1_529' title='bbox 1109 2646 1181 2677; x_wconf 84' lang='lat' dir='ltr'>Lib.</span> <span class='ocrx_word' id='word_1_530' title='bbox 1202 2645 1264 2676; x_wconf 90' lang='lat' dir='ltr'>1V.</span> <span class='ocrx_word' id='word_1_531' title='bbox 1281 2643 1335 2675; x_wconf 89' lang='lat'>35.</span> <span class='ocrx_word' id='word_1_532' title='bbox 1357 2646 1498 2685; x_wconf 78' lang='lat' dir='ltr'>pericula</span> <span class='ocrx_word' id='word_1_533' title='bbox 1522 2656 1560 2676; x_wconf 84' lang='lat' dir='ltr'>ac</span> <span class='ocrx_word' id='word_1_534' title='bbox 1579 2645 1698 2677; x_wconf 75' lang='lat' dir='ltr'>labores</span> <span class='ocrx_word' id='word_1_535' title='bbox 1717 2656 1768 2677; x_wconf 74' lang='lat' dir='ltr'>ea·-</span> 
     </span>
     <span class='ocr_line' id='line_1_90' title="bbox 999 2656 1768 2730; baseline -0.003 -9"><span class='ocrx_word' id='word_1_536' title='bbox 999 2691 1148 2726; x_wconf 80' lang='lat' dir='ltr'>hnurire;</span> <span class='ocrx_word' id='word_1_537' title='bbox 1174 2689 1246 2719; x_wconf 87' lang='lat' dir='ltr'>Lib.</span> <span class='ocrx_word' id='word_1_538' title='bbox 1268 2656 1412 2719; x_wconf 73' lang='lat' dir='ltr'>XX1⁷.X</span> <span class='ocrx_word' id='word_1_539' title='bbox 1437 2686 1490 2718; x_wconf 84' lang='lat'>27.</span> <span class='ocrx_word' id='word_1_540' title='bbox 1519 2694 1603 2719; x_wconf 77' lang='lat' dir='ltr'>terra</span> <span class='ocrx_word' id='word_1_541' title='bbox 1625 2691 1768 2730; x_wconf 77' lang='lat' dir='ltr'>marique</span> 
     </span>
     <span class='ocr_line' id='line_1_91' title="bbox 998 2733 1536 2773; baseline -0.002 -9"><span class='ocrx_word' id='word_1_542' title='bbox 998 2735 1149 2764; x_wconf 69' lang='lat' dir='ltr'>laboribuae</span> <span class='ocrx_word' id='word_1_543' title='bbox 1158 2733 1370 2773; x_wconf 75' lang='lat' dir='ltr'>periculisque</span> <span class='ocrx_word' id='word_1_544' title='bbox 1383 2733 1536 2763; x_wconf 71' lang='lat' dir='ltr'>interesse.</span> 
     </span>
    </p>

    <p class='ocr_par' dir='ltr' id='par_1_30' title="bbox 995 2775 1767 2947">
     <span class='ocr_line' id='line_1_92' title="bbox 1043 2775 1767 2816; baseline 0.001 -11"><span class='ocrx_word' id='word_1_545' title='bbox 1043 2787 1070 2807; x_wconf 83' lang='lat' dir='ltr'>v.</span> <span class='ocrx_word' id='word_1_546' title='bbox 1084 2775 1137 2806; x_wconf 93' lang='lat'>46.</span> <span class='ocrx_word' id='word_1_547' title='bbox 1152 2787 1211 2816; x_wconf 80' lang='lat' dir='ltr'>per</span> <span class='ocrx_word' id='word_1_548' title='bbox 1224 2777 1321 2815; x_wconf 68' lang='lat' dir='ltr'>ignes,</span> <span class='ocrx_word' id='word_1_549' title='bbox 1337 2784 1393 2814; x_wconf 87' lang='lat' dir='ltr'>per</span> <span class='ocrx_word' id='word_1_550' title='bbox 1406 2785 1532 2806; x_wconf 74' lang='lat' dir='ltr'>summa</span> <span class='ocrx_word' id='word_1_551' title='bbox 1545 2785 1680 2816; x_wconf 75' lang='lat' dir='ltr'>quaeque</span> <span class='ocrx_word' id='word_1_552' title='bbox 1693 2775 1767 2806; x_wconf 67' lang='lat' dir='ltr'>vito</span> 
     </span>
     <span class='ocr_line' id='line_1_93' title="bbox 997 2817 1764 2860; baseline 0.001 -11"><span class='ocrx_word' id='word_1_553' title='bbox 997 2820 1156 2860; x_wconf 76' lang='lat' dir='ltr'>pericula;</span> <span class='ocrx_word' id='word_1_554' title='bbox 1179 2828 1218 2849; x_wconf 89' lang='lat' dir='ltr'>ex</span> <span class='ocrx_word' id='word_1_555' title='bbox 1234 2817 1417 2858; x_wconf 83' lang='lat' dir='ltr'>proverbiali</span> <span class='ocrx_word' id='word_1_556' title='bbox 1438 2818 1608 2855; x_wconf 83' lang='lat' dir='ltr'>locutione,</span> <span class='ocrx_word' id='word_1_557' title='bbox 1624 2829 1687 2860; x_wconf 75' lang='lat' dir='ltr'>qua</span> <span class='ocrx_word' id='word_1_558' title='bbox 1696 2819 1764 2860; x_wconf 69' lang='lat' dir='ltr'>jum</span> 
     </span>
     <span class='ocr_line' id='line_1_94' title="bbox 995 2862 1767 2904; baseline -0.001 -10"><span class='ocrx_word' id='word_1_559' title='bbox 995 2863 1080 2903; x_wconf 81' lang='lat' dir='ltr'>apud</span> <span class='ocrx_word' id='word_1_560' title='bbox 1111 2862 1243 2894; x_wconf 86' lang='lat' dir='ltr'>Graecos</span> <span class='ocrx_word' id='word_1_561' title='bbox 1271 2862 1308 2899; x_wconf 79' lang='lat' dir='ltr'>is,</span> <span class='ocrx_word' id='word_1_562' title='bbox 1339 2862 1395 2903; x_wconf 88' lang='lat' dir='ltr'>qui</span> <span class='ocrx_word' id='word_1_563' title='bbox 1424 2871 1586 2893; x_wconf 84' lang='lat' dir='ltr'>summum</span> <span class='ocrx_word' id='word_1_564' title='bbox 1615 2862 1767 2904; x_wconf 82' lang='lat' dir='ltr'>quodque</span> 
     </span>
     <span class='ocr_line' id='line_1_95' title="bbox 995 2905 1767 2948; baseline -0.003 -11"><span class='ocrx_word' id='word_1_565' title='bbox 995 2906 1171 2947; x_wconf 85' lang='lat' dir='ltr'>periculum</span> <span class='ocrx_word' id='word_1_566' title='bbox 1187 2905 1291 2936; x_wconf 89' lang='lat' dir='ltr'>subire</span> <span class='ocrx_word' id='word_1_567' title='bbox 1306 2905 1412 2943; x_wconf 85' lang='lat' dir='ltr'>audet,</span> <span class='ocrx_word' id='word_1_568' title='bbox 1435 2905 1481 2936; x_wconf 71' lang='grc' dir='ltr'>διὰ</span> <span class='ocrx_word' id='word_1_569' title='bbox 1497 2919 1538 2937; x_wconf 62' lang='grc' dir='ltr'>πυ</span> <span class='ocrx_word' id='word_1_570' title='bbox 1539 2906 1582 2948; x_wconf 68' lang='grc' dir='ltr'>ρός</span> <span class='ocrx_word' id='word_1_571' title='bbox 1599 2907 1688 2942; x_wconf 73' lang='grc' dir='ltr'><strong>βαιιπι</strong></span> <span class='ocrx_word' id='word_1_572' title='bbox 1679 2920 1702 2937; x_wconf 79' lang='grc' dir='ltr'><strong>ιν</strong></span> <span class='ocrx_word' id='word_1_573' title='bbox 1716 2905 1767 2936; x_wconf 80' lang='lat' dir='ltr'>di-</span> 
     </span>
    </p>
   </div>
   <div class='ocr_carea' id='block_1_17' title="bbox 996 2947 1769 3068">
    <p class='ocr_par' dir='ltr' id='par_1_31' title="bbox 996 2947 1769 3068">
     <span class='ocr_line' id='line_1_96' title="bbox 997 2947 1769 2988; baseline 0 -8"><span class='ocrx_word' id='word_1_574' title='bbox 997 2951 1096 2988; x_wconf 86' lang='lat' dir='ltr'>citur;</span> <span class='ocrx_word' id='word_1_575' title='bbox 1120 2949 1204 2980; x_wconf 85' lang='lat' dir='ltr'>conf.</span> <span class='ocrx_word' id='word_1_576' title='bbox 1229 2959 1324 2988; x_wconf 80' lang='lat' dir='ltr'>supra</span> <span class='ocrx_word' id='word_1_577' title='bbox 1344 2949 1384 2981; x_wconf 80' lang='lat' dir='ltr'>ad</span> <span class='ocrx_word' id='word_1_578' title='bbox 1410 2921 1636 2981; x_wconf 83' lang='lat' dir='ltr'>od.1v.14·.</span> <span class='ocrx_word' id='word_1_579' title='bbox 1663 2948 1716 2981; x_wconf 78' lang='lat'>24.</span> <span class='ocrx_word' id='word_1_580' title='bbox 1733 2955 1769 2980; x_wconf 79' lang='lat' dir='ltr'>et</span> 
     </span>
     <span class='ocr_line' id='line_1_97' title="bbox 996 2991 1277 3068; baseline -0.004 -43"><span class='ocrx_word' id='word_1_581' title='bbox 996 2993 1036 3025; x_wconf 82' lang='lat' dir='ltr'>ad</span> <span class='ocrx_word' id='word_1_582' title='bbox 1054 2991 1277 3068; x_wconf 63' lang='grc' dir='ltr'><strong>81311.Ι.1.38.</strong></span> 
     </span>
    </p>
   </div>
  </div>
 </body>
</html>
