1904 3250
156 137 243 175 328

793 111 1101 182 HORATH

1571 145 1680 193 [Lm.
1707 156 1737 183 1.

280 262 377 304 Non
399 264 548 315 ubivis,
572 280 766 307 coramve
787 264 1057 320 quibuslibet.
1108 266 1174 315 *In
1191 267 1331 309 medio
1352 268 1424 324 qui

279 405 415 447 Suave
436 406 553 448 locus
575 406 669 447 voci
689 413 859 448 resonat
878 406 1115 449 conclusus.

279 332 446 390 Scripta
465 334 558 376 foro
579 335 767 384 recitent,
791 342 889 375 sunt
908 334 1044 386 multi,
1066 335 1222 392 quique
1241 336 1450 379 lavantes:

1178 407 1330 450 Inanes

279 475 377 518 Hoc
391 478 524 532 juvat,
546 475 663 517 haud
682 476 789 518 illud
809 485 1060 533 quaerentes,
1082 492 1186 519 num
1207 478 1296 520 sine
1317 494 1456 531 sensu,

278 549 491 605 Tempore
511 563 615 590 num
635 548 791 591 faciant
809 549 960 592 alieno.

277 620 433 676 Inquit,
456 628 498 661 et
517 619 601 662 hoc
622 620 763 663 studio
783 636 939 677 pravus
959 621 1075 663 facis.

276 691 374 733 Hoc
395 691 438 732 in
459 707 527 733 me
541 691 681 748 jacis?
711 701 776 735 est
795 702 943 736 auctor
963 694 1057 751 quis
1078 693 1262 751 denique
1282 709 1444 746 eorum,

189 694 243 732 80

1023 550 1205 593 Laedere
1224 552 1398 609 gaudes,

1141 621 1271 664 Unde
1290 623 1467 678 petitum

276 764 376 804 Vixi
397 779 494 806 cum
515 764 700 822 quibus?
760 766 995 809 Absentem
1016 767 1089 824 qui
1110 767 1224 809 rodit
1245 768 1440 819 amicum,

277 832 365 882 Qui
385 849 471 875 non
492 833 695 886 defendit,
718 835 802 877 alio
823 836 1020 892 culpante
1032 852 1045 886 3
1077 836 1236 879 solutos

276 905 364 955 Qui
386 915 526 963 captat
545 908 655 950 risus
675 908 909 960 hominum,
932 909 1171 967 famamque
1191 910 1372 960 dicacis;

276 975 458 1034 Fingere
478 978 550 1034 qui
570 992 658 1019 non
678 978 768 1020 visa
785 987 938 1034 potest,
961 980 1186 1021 commissa
1204 988 1343 1022 tacere

187 1049 241 1086 85

276 1045 364 1095 Qui
385 1048 557 1104 nequit3
588 1047 658 1089 hic
677 1048 801 1106 niger
821 1057 896 1100 est,
919 1049 1034 1092 hunc
1055 1058 1114 1101 tu,
1141 1050 1348 1101 Romane,
1370 1058 1528 1092 caveto.

277 1116 400 1172 Saepe
421 1117 557 1160 tribus
576 1118 695 1161 lectis
716 1119 859 1162 videas
880 1135 1048 1162 coenare
1069 1129 1310 1178 quaternos,

274 1186 312 1228 E
333 1188 486 1244 quibus
507 1189 616 1232 imus
637 1198 750 1233 amet
770 1191 917 1248 quavis
938 1191 1195 1249 adspergere
1215 1199 1404 1242 cunctos,

275 1260 438 1303 Praeter
459 1277 570 1314 eum,
593 1263 666 1320 qui
685 1264 851 1320 praebet
870 1279 1047 1321 aquam3
1078 1273 1176 1320 post
1195 1265 1310 1306 hunc
1331 1280 1500 1322 quoque
1512 1271 1658 1320 -potus,

275 1331 460 1374 Condita
479 1348 576 1375 cum
596 1349 728 1375 verax
747 1335 884 1391 aperit
903 1335 1143 1391 praecordia
1163 1334 1308 1377 Liber.

186 1406 242 1443 90
275 1402 361 1445 Hic
381 1403 458 1445 tibi
479 1404 610 1446 comis
631 1412 674 1446 et
693 1405 896 1456 urbanus,
919 1405 1110 1462 liberque
1131 1404 1311 1455 videtur,

153 1540 280 1570 lumnas
294 1541 454 1572 habebant.
469 1547 501 1571 et
517 1540 622 1572 Schol.
644 1541 811 1581 Porphyr.:
830 1548 922 1583 negat

154 1592 186 1613 se
199 1583 308 1614 libellos
322 1595 394 1615 suos
404 1586 492 1616 edere
505 1586 679 1625 bibliopolis,
694 1588 747 1625 qui
760 1588 807 1617 vel
821 1589 922 1618 taber-

151 1636 212 1656 ms
233 1628 374 1663 habeam,
402 1630 447 1659 vel
469 1630 621 1666 armaria,
649 1640 719 1669 quat
740 1637 815 1661 sunt
837 1632 922 1670 apud

148 1670 250 1709 pila-n
271 1671 357 1701 conf.
375 1671 460 1702 infra
483 1672 547 1712 Ep.
567 1672 639 1703 111.
658 1671 733 1703 373.
829 1676 922 1709 Queis

153 1724 198 1744 m.
213 1714 338 1746 insudet
352 1721 425 1746 cett.
444 1715 501 1756 qui
515 1723 658 1746 terantur
671 1716 819 1747 manibus
834 1717 923 1758 vulgi

152 1763 184 1787 et
197 1756 332 1788 aliorum
347 1758 526 1796 hominum,
548 1760 650 1800 qualis
662 1759 726 1791 fuit
742 1760 923 1802 Hermoge-

153 1810 210 1830 nes
225 1800 392 1842 Tigellius-
442 1802 528 1833 Haec
548 1803 633 1834 enim
656 1804 749 1834 satira
770 1812 840 1842 post
854 1804 926 1835 libri

153 1842 247 1883 primi
261 1845 388 1875 satiram
410 1846 592 1882 secundam,
616 1847 672 1878 ubi
686 1846 726 1878 de
743 1847 925 1888 Hermoge-

153 1888 202 1918 nis
216 1895 318 1918 morte
331 1889 407 1930 agit,
424 1890 540 1930 scripta
552 1900 619 1921 δερ
633 1888 768 1928 videtur,
783 1891 859 1932 quia
872 1899 920 1922 to-

152 1938 205 1960 tus
219 1941 335 1969 versus,
353 1943 448 1974 quem
464 1933 588 1973 scripsit
603 1934 761 1965 Horatius
775 1945 871 1975 supra
888 1935 922 1965 in

154 1974 218 2005 Sat.
235 1985 296 2006 sec.
317 1978 360 2017 (v.
380 1976 465 2017 27.)‚
480 1977 515 2007 in
530 1978 588 2008 hac
605 1979 651 2020 (v.
669 1977 742 2019 92.)
757 1978 919 2019 repetitur.

155 2018 306 2049 Ceterum
323 2020 556 2062 Hermogenes»,
569 2027 606 2052 ut
619 2021 676 2051 viri
688 2022 771 2053 docti
787 2022 923 2061 speciem

151 2071 216 2101 prae
237 2072 271 2092 se
283 2062 391 2102 fen-et,
417 2065 534 2104 saepius
554 2064 589 2094 in
610 2065 856 2106 bibliopolarum
877 2072 923 2097 ta-

151 2105 257 2136 bernis
271 2114 409 2138 vei-satus
425 2107 558 2138 videtur.

194 2159 224 2180 v.
238 2148 380 2181 73-81.
400 2153 471 2182 Nec
486 2154 581 2183 recito
596 2158 668 2184 cett.
681 2162 725 2184 sc.
737 2163 810 2194 quae
824 2152 920 2193 scrip-

151 2192 177 2223 si
194 2192 242 2223 vel
257 2203 365 2225 versus
379 2204 477 2225 meos.

194 2246 223 2266 ν.
242 2235 295 2268 75.
313 2244 387 2270 sum
413 2240 507 2270 multi
528 2249 569 2269 sc.
588 2239 732 2271 homines
754 2240 836 2277 vani,
861 2240 920 2275 vel,

150 2285 188 2310 ut
201 2290 293 2312 versu
308 2288 459 2322 sequente
472 2289 639 2314 vocantur:
659 2286 778 2316 inanes.
850 2285 921 2326 qui-

149 2334 209 2364 que
233 2326 383 2363 lavantes,
411 2325 559 2366 equidem
588 2337 645 2366 pro
669 2329 786 2369 quique
814 2327 924 2358 malim

142 2369 239 2408 quive
253 2370 404 2407 lavantes,
418 2375 495 2400 sunt
509 2370 614 2408 multi,
629 2372 684 2411 qui
698 2379 755 2402 aut
769 2371 803 2401 in
817 2371 924 2402 medio

149 2411 220 2442 foro
234 2419 299 2449 aut,
316 2412 394 2443 dum
417 2411 532 2450 lavant,
556 2414 588 2443 h.
607 2424 635 2445 e.
652 2415 686 2444 in
701 2414 822 2445 balneis
840 2414 920 2445 reci-

149 2461 237 2494 tent;
261 2455 503 2498 distinguuntur
516 2467 677 2496 personae3
701 2467 765 2488 non
781 2458 866 2488 enim
882 2458 920 2488 ii-

150 2498 234 2535 dem,
258 2500 315 2540 qui
336 2500 370 2530 in
391 2499 471 2535 foro,
494 2499 529 2530 iu
551 2500 670 2531 balneis
690 2511 820 2542 quoque
840 2501 919 2532 reci-

150 2548 238 2580 tant3
266 2543 432 2582 particulae
453 2554 515 2587 que
539 2550 572 2574 et
591 2556 626 2575 ve
654 2554 738 2584 saepe
759 2545 924 2584 permixtae

150 2594 225 2617 sunt
239 2598 259 2618 a
274 2587 426 2626 librariis;
448 2587 491 2618 ef.
507 2586 541 2618 in
563 2588 622 2618 bac
650 2588 759 2627 Satyra
780 2587 865 2618 infra
886 2598 915 2618 v.

154 2628 224 2660 115.
239 2637 271 2661 et
284 2631 351 2663 Sat.
371 2631 422 2662 11.
441 2629 558 2662 2131.
578 2630 679 2671 Epist.
703 2631 774 2662 111.
793 2630 868 2662 358.
887 2638 920 2663 et

149 2673 194 2704 sic
215 2674 300 2714 apud
329 2674 444 2717 virgil.
465 2675 543 2706 AEn.
571 2674 617 2705 X.
639 2673 711 2705 112.
737 2685 794 2714 pro
805 2677 918 2716 sortu-

148 2729 287 2760 mzmque
301 2718 474 2760 legendum
491 2718 622 2750 omnino
644 2718 788 2749 videtur:
804 2720 918 2760 sortu-

148 2773 271 2794 namve·
365 2765 466 2794 Suave
478 2780 524 2788 —
542 2763 679 2797 conclus.
707 2762 797 2793 locus
820 2762 916 2799 enim,

149 2806 188 2835 ab
204 2806 292 2835 omni
306 2812 394 2846 parte
408 2806 442 2837 in
457 2805 577 2837 balneis
597 2805 732 2842 clausus,
755 2805 823 2836 voci
838 2805 915 2835 reci-

149 2849 244 2878 tantis
259 2859 367 2880 versus
387 2850 534 2888 suaviter,
555 2855 593 2880 ut
614 2849 685 2880 vani
708 2849 760 2880 isti
774 2849 919 2880 homines

148 2898 271 2930 putant,
295 2901 428 2924 resonat.
453 2905 546 2926 suave
560 2902 618 2933 pro
631 2891 775 2929 suaviter,
798 2899 835 2923 ut
849 2903 918 2932 pas-

149 2935 218 2964 sim.
309 2939 395 2968 haud
410 2939 489 2970 illud
510 2944 693 2980 querentes,
716 2946 782 2967 non
804 2946 915 2968 curan.

966 1548 1014 1573 tes
1037 1541 1082 1578 id,
1108 1551 1220 1581 parum
1245 1539 1390 1578 solliciti3
1414 1550 1495 1571 num
1517 1540 1585 1570 sine
1609 1549 1634 1569 s.
1660 1544 1733 1569 cett.

966 1596 1046 1616 num
1060 1585 1128 1616 sine
1142 1585 1264 1624 spiritu,
1274 1593 1338 1624 quo
1352 1582 1427 1614 boni
1438 1587 1539 1622 poetae
1553 1582 1735 1623 aginnum-5

966 1639 1045 1660 num
1060 1634 1238 1668 opportuno
1258 1634 1399 1667 tempore
1419 1624 1526 1656 medio
1546 1624 1581 1655 in
1603 1625 1672 1655 soro
1685 1626 1735 1655 vel

965 1673 999 1703 in
1015 1673 1136 1703 balneis
1148 1682 1257 1703 versus
1270 1671 1412 1702 recitent.
1501 1670 1614 1711 Inquit
1620 1678 1667 1699 sc.
1681 1668 1737 1700 ad-

965 1716 1138 1755 versarius3
1171 1715 1224 1746 alii
1253 1715 1383 1756 legunt:
1415 1715 1540 1755 Inquis,
1566 1718 1738 1753 utrumque

966 1767 1059 1791 recte.
1145 1761 1228 1791 stud.
1242 1758 1370 1800 prusae.
1387 1763 1415 1788 et
1430 1758 1485 1788 hoc
1501 1756 1603 1797 (quod
1615 1756 1738 1796 gaudes

969 1803 1204 1845 laedere)sacis,
1215 1810 1253 1833 ut
1261 1802 1360 1832 homo
1370 1799 1426 1842 qui
1435 1809 1554 1841 pravus
1568 1806 1626 1836 est,
1637 1801 1738 1831 studio

969 1847 1131 1889 (libidine)
1147 1845 1284 1877 laedendi
1296 1857 1307 1884 ;
1328 1854 1388 1885 pro
1401 1843 1545 1885 vulgaria
1570 1849 1603 1873 et
1615 1843 1677 1873 hoc
1689 1842 1739 1875 fn-

965 1891 1010 1921 cis
1024 1901 1121 1930 pravo
1140 1890 1254 1921 mdia.
1353 1890 1444 1920 Unde
1458 1892 1525 1928 pet.
1542 1888 1598 1936 '¹9⁶
1619 1895 1663 1916 sc.
1680 1895 1738 1926 op.

965 1933 1138 1975 probrium.
1229 1939 1274 1965 ese
1294 1939 1406 1964 auctor
1426 1938 1498 1963 cett.
1516 1940 1588 1971 quis
1657 1973 1676 1979 ..

966 1988 1088 2014 eorum,
1104 1978 1295 2019 quibuscum
1311 1976 1387 2014 vixi,
1410 1974 1506 2016 hujus
1519 1974 1677 2022 opprobrii
1691 1979 1750 2004 est·

967 2022 1099 2052 auctor?
1121 2021 1189 2052 vel:
1220 2026 1308 2051 estne
1329 2018 1443 2060 aliquis
1461 2027 1584 2055 eorum,
1606 2018 1736 2058 qmbus—

967 2076 1043 2097 cum
1057 2065 1133 2103 vixi,
1150 2065 1247 2107 hujus
1263 2062 1421 2103 opprobrii
1435 2061 1570 2093 auctor?

1010 2119 1040 2139 v.
1055 2107 1196 2140 81—85.
1210 2109 1380 2140 Absentem
1390 2112 1464 2137 cett.
1477 2104 1519 2136 ad
1533 2113 1653 2153 nexura
1666 2113 1737 2152 orn-

965 2152 1061 2184 tionis
1074 2152 1253 2193 supplenda
1265 2151 1332 2183 few
1353 2150 1440 2180 hec:
1468 2148 1547 2190 Ego
1565 2154 1672 2187 potius
1691 2153 1737 2198 lta

965 2197 1068 2227 sentio
1082 2203 1115 2228 et
1135 2203 1262 2234 statu03
1286 2196 1453 2227 Absentem
1475 2193 1531 2232 qui
1553 2196 1627 2240 cett-
1643 2192 1736 2240 rodat,

965 2239 1075 2271 invido
1088 2237 1340 2275 dente‘mordet,
1362 2235 1503 2278 sugilhg
1525 2233 1737 2285 carpta-msto

968 2286 1034 2316 sat.
1053 2283 1082 2315 1.
1101 2283 1133 2315 6.
1148 2282 1206 2314 46.
1256 2285 1358 2319 Quem
1369 2282 1487 2313 ndum
1500 2289 1607 2310 ovines
1622 2279 1737 2312 labem-

967 2339 1007 2359 no
1039 2334 1131 2368 patre
1162 2333 1288 2359 natum.
1335 2324 1448 2357 Cicero
1480 2322 1520 2354 P.
1555 2320 1649 2353 Balb-
1677 2320 1733 2352 26.

967 2374 1059 2403 More
1071 2373 1235 2403 hominum
1249 2370 1396 2405 inanem,
1407 2369 1441 2399 in
1451 2367 1596 2399 convivas
1607 2367 1735 2404 rodum,

963 2417 1000 2447 in
1014 2416 1137 2446 circulis
1150 2416 1263 2446 idcirco
1284 2414 1439 2445 madeant.
1525 2412 1576 2442 lu'c
1596 2411 1664 2449 m'g-
1676 2414 1734 2446 ed,

962 2459 1015 2490 hic
1041 2458 1214 2496 improbus
1239 2463 1272 2488 et
1296 2455 1390 2487 malae
1410 2453 1527 2485 mentis
1545 2453 1643 2485 homo
1662 2458 1733 2490 ent-3

963 2502 1049 2542 apud
1067 2501 1196 2532 Graeoos
1218 2508 1345 2541 quoque
1365 2498 1498 2538 improbi
1510 2501 1662 2527 vocantur
1677 2495 1733 2535 μί-

965 2553 1061 2580 zoem.
1154 2547 1307 2579 Bomm,
1333 2542 1365 2573 Ο
1387 2549 1435 2578 ω,
1455 2540 1638 2581 quicunque
1665 2538 1733 2570 Ro-

964 2599 1067 2619 manae
1082 2587 1206 2618 virtutis
1218 2597 1313 2618 sensu
1327 2586 1470 2616 imbutus
1482 2593 1527 2614 es.

1005 2642 1035 2662 v.
1053 2630 1194 2662 86-89.
1214 2633 1300 2670 Soepe
1314 2630 1384 2660 tn'b.
1401 2628 1495 2663 lectis,
1511 2624 1731 2663 uicti-auibus,

960 2675 1006 2706 ita
1031 2676 1111 2705 circa
1140 2684 1283 2705 mensam
1314 2671 1415 2702 stratis
1441 2676 1474 2700 et
1496 2669 1667 2717 collocatis,
1693 2678 1732 2701 ut

960 2725 1072 2759 quarta
1092 2728 1210 2748 mensae
1231 2726 1303 2757 pars
1323 2714 1364 2746 ad
1385 2713 1471 2744 cibos
1491 2723 1511 2744 a
1525 2722 1732 2763 servis-appo.

960 2761 1082 2793 nendos
1095 2768 1175 2792 esset
1190 2771 1299 2792 vacua.
1356 2763 1534 2800 quaternos,
1550 2762 1631 2787 terni
1646 2767 1732 2788 enim

959 2805 1007 2836 vel
1024 2805 1167 2846 quaterni
1178 2804 1213 2835 in
1228 2813 1294 2835 uno
1307 2811 1434 2843 quoque
1448 2800 1530 2831 lecto
1544 2802 1730 2849 aceumbere

961 2849 1111 2880 solebant·
1140 2858 1198 2888 pro
1222 2858 1308 2880 unus
1334 2855 1409 2877 cum
1434 2847 1502 2877 Fea
1527 2843 1600 2875 dedi
1625 2845 1729 2882 imus,-

961 2892 1035 2923 hinc
1048 2892 1131 2923 infra
1155 2892 1218 2932 Ep.
1238 2891 1268 2922 l.
1289 2889 1338 2921 18.
1360 2887 1412 2919 10.
1435 2890 1493 2920 imi
1513 2889 1629 2920 derisor
1648 2890 1728 2920 lecti.

962 2936 1016 2967 ubi
1039 2935 1099 2966 vid.
1126 2942 1191 2967 not.
1218 2935 1300 2967 conf.
1326 2933 1367 2965 ad
1394 2933 1459 2964 Sat.
1486 2931 1536 2964 11.
1562 2930 1594 2964 8.
1620 2931 1732 2964 23.-
