1904 3250
182 181 267 220 294

811 175 1117 222 HORATII

303 304 454 346 Certus
477 303 666 345 undenos
688 302 825 343 decies
846 316 923 356 per
943 317 1074 344 annos

301 376 429 418 Orbis
451 385 497 418 ut
518 383 662 417 cantus
685 373 920 430 referatque
940 374 1079 426 ludos,

301 445 388 487 Ter
409 445 477 486 die
499 444 625 493 claro,
648 443 854 498 totiesque
874 451 994 500 grata

708 515 844 557 Nocte
865 514 1116 572 frequentes.

213 595 266 633 25
300 592 483 647 Vosque,
506 604 674 631 veraces
697 589 907 639 cecinisse,
933 589 1093 639 Parcae,

302 661 430 712 Quod
452 661 579 703 semel
601 661 762 703 dictum
783 669 859 711 est,
883 661 1125 718 stabilisque
1145 677 1289 704 rerum
1330 655 1332 657 ¹

300 731 526 772 Terminus
549 738 697 780 servat,
720 730 835 772 bona
845 731 934 786 jam
955 731 1134 785 peractis

706 802 878 859 Jungite
899 802 994 843 fata.

301 875 466 917 Fertilis
487 875 656 932 frugum
677 876 925 932 pecorisque
948 875 1097 917 Tellus

211 949 267 986 30
302 945 452 1001 Spicea
472 945 600 986 donet
624 945 823 987 Cererem
846 960 1024 986 corona:

299 1014 500 1056 Nutriant
521 1014 628 1056 fetus
650 1023 691 1056 et
712 1030 832 1071 aquae
855 1015 1055 1065 salubres,

709 1084 765 1126 Et
785 1085 902 1126 Jovis
923 1101 1050 1127 aurae.

300 1156 484 1197 Condito
505 1156 616 1196 mitis
638 1155 911 1212 placidusque
932 1155 1016 1197 telo

299 1225 519 1281 Supplices
541 1224 640 1266 audi
660 1239 828 1280 pueros,
853 1224 1035 1280 Apollo:

210 1298 267 1336 35
301 1295 498 1337 Siderum
518 1295 665 1351 regina
687 1294 885 1344 bicornis,
908 1295 1021 1344 audi,

708 1363 845 1414 Luna,
867 1364 1045 1420 puellaS.

178 1501 241 1533 tur,
279 1494 541 1526 senatusconsulti
576 1494 761 1525 auctoritate
791 1493 947 1534 populum

177 1545 381 1578 accepturum
394 1549 462 1569 esse
482 1545 675 1578 speraverat;
699 1537 754 1568 sed
775 1548 855 1568 vana
875 1544 947 1568 tum

178 1592 305 1623 quoque
340 1581 403 1612 fuit
430 1582 497 1612 haec
528 1581 670 1622 Augusti
698 1591 791 1621 spes;
828 1581 948 1621 perlata

178 1625 265 1656 enim
278 1625 333 1656 illa
347 1626 398 1657 lex
413 1625 544 1656 demum
559 1631 607 1655 est
620 1635 639 1655 a
653 1624 705 1655 M.
724 1624 826 1664 Papio
847 1630 879 1655 et
899 1625 944 1661 Q.

180 1668 322 1708 Poppaeo
342 1669 381 1700 U.
401 1669 439 1700 C.
467 1667 688 1700 DCCLXII.
715 1667 777 1698 vid.
799 1669 946 1709 Lipsium

118 1735 120 1737 »
177 1713 219 1744 ad
236 1712 337 1743 Tacit.
367 1712 487 1743 Annal.
518 1712 590 1742 111.
618 1710 672 1742 25.
699 1712 834 1744 Excurs.
862 1723 890 1742 c.
914 1718 946 1742 et

177 1765 257 1796 quos
270 1755 379 1787 laudat
394 1757 519 1787 Mitsclz.
606 1766 774 1797 pronun-es,
793 1761 860 1786 rata
880 1765 947 1785 esse

173 1799 304 1841 jubeas3
387 1801 468 1840 prol.
484 1810 572 1831 rwvae
579 1800 648 1841 ser.
673 1802 737 1840 lege
758 1800 884 1831 marica.
901 1815 946 1823 —

175 1845 225 1874 lez·
237 1845 364 1880 marita,
379 1843 411 1873 h.
430 1853 458 1873 e.
476 1842 528 1874 lex
554 1842 595 1873 de
618 1844 808 1875 maritandis
830 1843 946 1874 ordini-

176 1888 234 1918 bus
247 1894 358 1928 rogata
371 1887 531 1928 eleganter
543 1886 761 1928 diciturfhraz
774 1897 862 1918 novae
871 1897 946 1926 pro·

176 1931 226 1967 lis,
241 1930 316 1970 quia
330 1931 388 1962 hac
411 1931 482 1972 lege
506 1940 596 1961 novae
620 1930 700 1969 proli
726 1940 782 1969 per
806 1929 947 1970 legitima

176 1973 336 2004 connubia
349 1973 559 2014 procreandae,
573 1979 606 2004 et
619 1973 664 2004 sic
674 1973 764 2015 genti
790 1973 947 2004 Romanae

177 2022 262 2048 casta.
274 2024 413 2048 matrum
433 2016 638 2048 foecunditate
654 2016 811 2058 augendae
831 2026 945 2056 propa-

175 2061 354 2102 gandaeque
368 2061 538 2101 prudenter
549 2060 800 2100 prospiciebatur.
871 2063 945 2092 Cer-

176 2111 230 2136 tus
254 2107 395 2137 undenos
414 2107 512 2136 decies
540 2111 613 2135 cett.
658 2104 794 2135 Sensus:
821 2110 857 2134 ut
879 2110 949 2143 post

177 2156 308 2182 centum
322 2157 354 2181 et
368 2149 477 2181 decem
491 2158 591 2180 annos
604 2148 734 2179 redeant
755 2146 824 2178 ludi
850 2157 950 2177 saecu-

178 2195 268 2232 lares,
285 2204 340 2234 per
354 2199 415 2224 tres
429 2192 496 2223 dies
519 2200 550 2223 et
571 2199 679 2222 noctes
702 2201 821 2232 magna
845 2191 948 2222 homi-

178 2248 258 2269 num
271 2236 448 2278 frequentia
462 2235 648 2267 celebrandi.
737 2238 846 2267 Certus
859 2236 947 2270 orbis.

178 2283 220 2315 de
233 2289 384 2322 tempore,
399 2279 484 2321 quod
498 2279 580 2310 intra
594 2285 715 2310 certum
738 2278 787 2309 vel
811 2277 948 2315 dierum,

178 2327 231 2358 vel
244 2324 412 2359 mensium,
429 2322 478 2353 vel
493 2333 649 2353 annorum
670 2322 806 2362 spatium
830 2328 862 2352 et
886 2331 948 2351 nu-

179 2379 306 2401 merum
333 2365 609 2404 circumvolvitur3
647 2365 761 2407 virgil.
803 2365 875 2396 AEn.
903 2364 946 2395 V.

179 2413 235 2445 46.
262 2413 401 2446 Annuus
421 2411 532 2441 etz-accis
546 2412 712 2450 completur
726 2410 883 2441 mensibus
898 2419 950 2439 or-

179 2460 224 2490 bis
234 2473 246 2494 ;
266 2456 334 2497 jam
355 2454 396 2485 de
414 2460 524 2484 exacto
545 2459 578 2483 et
602 2452 840 2488 circumvoluto,
861 2451 950 2492 quod

180 2502 215 2532 in
240 2499 328 2531 libris
354 2497 513 2539 Sibyllinis
536 2496 748 2536 praestitutum
773 2495 845 2531 fuit,
869 2501 949 2526 tem-

179 2554 277 2585 pore;
299 2544 439 2574 undenos
463 2541 561 2572 decies
580 2551 636 2580 per
664 2550 771 2576 annos,
801 2538 853 2569 hic
881 2538 948 2578 ipse

185 2588 252 2620 CX
266 2595 422 2618 annorum
436 2593 587 2615 numerus
600 2583 634 2612 in
657 2583 795 2613 versibus
821 2581 948 2622 Sibylli-

181 2632 232 2662 nis
255 2628 482 2670 praescribitur;
568 2632 680 2658 camus
700 2627 873 2668 raefieratque
897 2627 949 2656 lu-

180 2678 244 2712 dos,
260 2673 344 2704 ludis
365 2670 565 2704 sacularibus
589 2669 629 2700 de
653 2669 776 2710 integro
798 2668 950 2699 institutis

182 2720 339 2759 hymnum
353 2716 388 2746 in
408 2713 591 2756 Apollinem
614 2719 646 2743 et
670 2712 810 2743 Dianam
835 2721 948 2751 puero-

183 2772 256 2792 rum
285 2759 524 2801 puellarumque
550 2758 683 2788 chorum
711 2755 876 2786 demutare
892 2755 947 2795 ju-

185 2807 265 2836 beat.
355 2810 401 2835 ter
427 2804 476 2834 die
496 2803 579 2834 claro
607 2801 752 2840 totiesque
781 2804 853 2829 cett.
887 2804 947 2828 tres

184 2849 270 2879 enim
285 2847 352 2878 dies
372 2853 404 2877 et
424 2845 557 2877 totidem
578 2850 685 2875 noctes
709 2841 823 2882 pariter
847 2851 886 2871 ex
909 2841 947 2871 li-

185 2893 314 2922 brorum
341 2890 567 2930 Sibyllinorum
593 2887 772 2928 praescripto
799 2884 947 2915 ludorum

186 2934 383 2965 saecularium
411 2931 611 2964 celebrationi
647 2929 745 2961 dicari
780 2928 942 2959 debebant.

992 1495 1128 1526 Sensus:
1154 1500 1186 1526 et
1199 1505 1263 1532 vos,
1293 1495 1324 1526 O
1349 1495 1468 1534 Parcae,
1493 1506 1565 1537 quae
1581 1496 1680 1528 veraci
1702 1507 1757 1528 ore

990 1537 1157 1577 praedicitis
1177 1538 1220 1576 id,
1243 1538 1330 1580 quod
1350 1539 1448 1570 semel
1469 1539 1676 1571 constitutum
1698 1547 1755 1578 est,

989 1588 1021 1612 et
1045 1588 1148 1613 certus
1168 1592 1275 1613 rerum
1296 1590 1427 1615 eventus
1453 1582 1629 1621 confirmat.
1652 1585 1700 1626 (h.
1723 1595 1754 1616 e.
1817 1598 1819 1600 >

989 1625 1185 1656 immutabile
1199 1626 1272 1665 ως)
1286 1626 1381 1667 agite,
1402 1626 1476 1658 laeta
1495 1628 1628 1666 peractis
1647 1638 1755 1659 succe-

988 1668 1063 1699 dere
1081 1668 1190 1710 jubete
1209 1676 1372 1709 tempora;
1458 1681 1579 1702 veraces
1603 1673 1755 1709 cecinisse,

993 1713 1115 1750 Graece,
1130 1723 1202 1753 quae
1223 1712 1291 1743 deae
1312 1714 1385 1744 estis
1408 1723 1532 1744 veraces
1554 1714 1590 1744 in
1614 1714 1756 1746 canendo

989 1757 1020 1786 h.
1038 1766 1066 1786 e.
1083 1755 1282 1795 praedicendo
1295 1766 1344 1792 eo,
1358 1759 1439 1798 quod
1451 1759 1544 1789 semel
1557 1759 1679 1790 dictum
1695 1765 1755 1797 est,

988 1798 1074 1840 quod
1089 1800 1199 1830 >semel
1230 1799 1439 1831 constitutum
1465 1806 1534 1838 aet5
1570 1801 1617 1832 sic
1643 1801 1757 1840 omni3,

989 1849 1078 1883 puto,
1092 1853 1156 1883 qua
1169 1842 1204 1873 in
1217 1843 1278 1874 hoc
1291 1843 1362 1874 loco
1382 1843 1578 1883 expediendo
1596 1855 1632 1876 se
1655 1844 1758 1885 impe-

989 1886 1137 1917 diverunt
1150 1886 1341 1926 interpretes,
1356 1893 1477 1918 remota
1497 1894 1545 1919 est
1564 1887 1733 1920 difficultas
1745 1901 1758 1928 ς

990 1929 1108 1961 scilicet
1121 1931 1240 1962 dictum
1249 1930 1317 1971 jam
1331 1939 1398 1961 non
1410 1937 1477 1962 est:
1502 1941 1557 1962 ore
1566 1932 1756 1971 pronuncia-

989 1981 1061 2004 tum
1089 1984 1109 2004 a
1132 1973 1251 2010 Parcis,
1273 1972 1348 2005 sed:
1373 1974 1593 2012 constitutum.
1620 1975 1756 2015 prefini-

988 2023 1068 2053 tum,
1083 2017 1293 2056 praestitutum
1307 2027 1351 2049 sc.
1367 2027 1388 2048 a
1400 2017 1475 2049 fato.
1545 2019 1758 2062 Fmilisfiu-

984 2072 1065 2101 gum
1087 2067 1160 2092 cett.
1194 2060 1317 2091 Telluri
1340 2060 1467 2102 quoque
1490 2061 1667 2093 secundum
1688 2073 1756 2094 ver-

991 2115 1045 2134 sus
1069 2103 1237 2144 Sibyllinos
1256 2103 1383 2135 divinus
1401 2104 1435 2135 in
1458 2104 1653 2136 celebrandis
1671 2105 1757 2137 ludis

991 2147 1192 2178 saecularibus
1220 2148 1321 2178 honor
1343 2148 1483 2187 praestari
1509 2148 1662 2188 ἀώρως
1684 2149 1758 2181 hinc

991 2191 1105 2222 chorus
1138 2193 1295 2223 Tellurem
1322 2197 1360 2222 ut
1382 2190 1476 2223 deam
1497 2191 1644 2231 appeunt,
1663 2193 1756 2234 cujus

991 2234 1185 2276 benignitate
1212 2234 1356 2266 homines
1539 2245 1581 2266 ue
1607 2235 1756 2275 abutum

992 2278 1074 2308 inest
1101 2284 1207 2309 autem
1229 2278 1279 2308 his
1306 2278 1450 2318 precibus
1475 2277 1542 2309 sere
1569 2279 1649 2310 hoc:
1674 2289 1756 2320 gau-

991 2321 1086 2352 deant
1103 2321 1243 2352 Romani
1254 2327 1321 2352 tam
1341 2321 1480 2352 secunda
1499 2331 1649 2364 agrorum
1667 2322 1755 2354 ferti-

991 2365 1087 2400 litate,
1110 2375 1206 2406 quam
1229 2364 1360 2405 pecudis
1382 2371 1537 2405 proventu
1560 2365 1757 2407 hrgissimo3

991 2410 1144 2450 —spicea
1159 2413 1231 2440 don.
1249 2411 1350 2441 Cerer-
1375 2420 1500 2445 corom,
1522 2409 1703 2440 notissimus
1723 2409 1758 2441 in

991 2453 1073 2482 hanc
1087 2452 1274 2483 sententiam
1287 2458 1335 2483 est
1346 2451 1436 2483 locus
1450 2452 1572 2484 Tibulli
1587 2452 1620 2484 1.
1645 2450 1676 2483 l.
1701 2451 1754 2484 15.

993 2497 1094 2528 Flava
1113 2497 1210 2532 Ceres,
1224 2497 1277 2527 tibi
1297 2497 1338 2528 sit
1359 2502 1462 2528 nostro
1481 2498 1521 2528 de
1544 2507 1622 2527 rure
1641 2507 1757 2528 corona

992 2541 1107 2579 Spicea,
1144 2551 1216 2580 quae
1250 2541 1358 2580 templi
1556 2544 1629 2571 ante
1649 2540 1754 2581 fines.

990 2583 1134 2624 —setus.
1164 2592 1314 2623 agrorum
1334 2581 1453 2623 fruges.
1487 2581 1552 2614 (Σο.
1578 2581 1667 2613 Orat.
1700 2583 1752 2614 II.

991 2624 1045 2656 30.
1061 2637 1120 2666 quo
1134 2627 1271 2657 meliores
1284 2637 1358 2666 ager
1358 2625 1450 2668 setus
1457 2626 1551 2666 poesie
1564 2630 1596 2656 et
1606 2629 1758 2666 grandio-

990 2680 1038 2700 res
1049 2671 1148 2700 edere.
1235 2670 1381 2706 salubres,
1397 2674 1462 2700 tam
1476 2667 1520 2699 ad
1535 2679 1636 2710 aqua,
1659 2679 1757 2711 quam

991 2712 1032 2743 ad
1045 2723 1134 2742 aurae
1146 2711 1254 2742 referri
1267 2717 1380 2751 potest.

1034 2765 1063 2786 v.
1081 2752 1220 2785 33-48.
1244 2756 1370 2786 Condito
1384 2756 1756 2798 muisplacidusquetelo,

991 2798 1111 2840 sagittis
1131 2797 1265 2829 conditis
1289 2798 1353 2828 sive
1377 2807 1453 2828 arcu
1479 2798 1608 2830 remisso
1636 2799 1755 2833 incedit

994 2841 1111 2882 Apollo
1139 2841 1224 2872 mitis
1247 2846 1280 2871 et
1307 2840 1459 2881 placidus,
1490 2842 1611 2884 sagittis
1643 2850 1754 2875 autem

991 2884 1130 2925 promtis,
1143 2884 1207 2915 sive
1221 2894 1297 2915 arcu
1310 2883 1446 2915 adducto
1466 2891 1500 2915 et
1522 2892 1621 2930 tento,
1645 2887 1753 2919 minax

991 2935 1023 2959 et
1036 2928 1150 2965 iratus;
1172 2927 1214 2959 cf.
1230 2937 1324 2968 supra
1337 2927 1377 2958 ad
1393 2928 1443 2959 11.
1459 2927 1510 2959 10.
1535 2928 1587 2960 20.
1677 2932 1756 2963 audi

185 2994 228 3003 —
245 2980 368 3019 Vosque,
402 2988 519 3009 veraces
549 2976 696 3012 cecinisse,
726 2975 835 3004 Parcae
872 2978 942 3003 cett.
984 2982 1098 3011 pueros
1121 2990 1165 2998 —
1190 2974 1265 3004 auda·
1295 2973 1425 3012 puellas,
1462 2983 1632 3013 puerorum
1667 2983 1754 3006 emm
