1904 3250
223 125 314 163 xviii
486 130 489 131 ’
801 127 936 164 VITA
968 125 1220 163 HORATII.

221 233 382 284 epistolis
397 234 560 285 juvabit.
620 237 679 274 Ac
698 248 747 273 ne
766 235 958 286 recusanti
987 234 1146 286 quidem
1174 241 1243 272 aut
1261 234 1478 272 succensuit
1498 232 1708 284 quicquam
1727 238 1795 270 aut

221 300 430 339 amicitiam
456 315 564 340 suam
593 301 793 353 ingerere⁸
824 302 946 340 desiit.
1005 302 1170 339 Exstant
1200 301 1384 352 epistolae,
1423 315 1470 339 ex
1505 300 1660 352 quibus,
1679 312 1795 350 argu-

223 369 344 407 menti
362 370 498 421 gratia,
519 384 643 422 pauca
662 371 819 422 subjeci.
877 370 988 408 Sume
1001 371 1003 374 '
1016 369 1083 407 tibi
1110 368 1252 421 aliquid
1267 369 1376 420 juris
1403 369 1507 421 apud
1523 382 1591 414 me,
1611 373 1797 420 tamquam

222 434 256 471 si
288 434 470 474 convictor
502 435 591 474 mihi
607 435 741 487 fueris
751 450 769 478 ;
799 435 968 487 quoniam
1001 435 1040 472 id
1067 448 1157 472 usus
1185 434 1274 472 milei
1301 441 1416 473 tecum
1444 449 1521 473 esse
1548 433 1658 480 volui,
1678 432 1797 485 siper

223 502 462 541 valetudinem
481 509 581 541 tuam
595 503 693 554 fieri
714 503 843 554 possit.
901 503 954 540 Et
971 503 1165 540 rursus:⁹
1200 503 1274 541 Tm·
1311 503 1452 555 qualem
1483 503 1637 541 habeam
1667 514 1798 540 memo-

223 571 331 615 riam,
356 571 499 623 poteris
530 585 574 609 ex
609 570 782 622 Septimio
795 572 823 595 ¹⁰
867 584 1006 622 quoque
1036 576 1158 609 nostro
1184 570 1316 610 andire
1328 586 1346 615 ;
1377 585 1462 610 nam
1490 571 1630 617 incidit,
1661 575 1701 607 ut
1734 569 1797 607 iao

225 650 347 674 coram
361 637 479 686 fieret
506 650 530 673 a
557 649 612 673 me
640 635 695 673 tui
720 635 861 675 mentio.
918 635 1049 687 Neque
1075 635 1108 673 si
1138 641 1178 673 tu
1203 636 1383 687 superbus
1407 635 1606 674 amicitiam
1637 641 1796 674 nostram

222 704 403 755 sprevisti,
437 704 517 742 ideo
544 716 608 740 nos
636 716 774 754 quoque
793 703 1140 756 o’vamgegovoUusvstl
1199 703 1389 742 Praeterea
1426 698 1528 754 saepe
1564 703 1665 741 inter
1701 701 1796 740 alios

219 768 327 820 jocos
344 767 573 819 putissimum
588 781 717 818 penem
731 769 758 790 ¹2
778 774 818 805 et
843 767 1108 805 homuncionem
1137 768 1399 820 lepidissimum
1425 767 1607 819 appellat,
1639 779 1795 817 unaque

224 845 264 875 et
281 836 399 875 altera
417 835 645 874 liberalitate
672 835 937 886 locupletavit.
993 836 1144 888 Scripta
1170 836 1327 890 quidem
1346 836 1431 886 ejus
1449 848 1573 886 usque
1590 834 1688 873 adeo
1705 847 1796 886 pro-

223 902 341 947 bavit,
368 915 627 952 mansuraque
660 909 849 952 perpetuo
877 901 1058 953 opinatus
1086 909 1156 947 est,
1176 909 1221 940 ut
1248 914 1326 940 non
1354 900 1472 939 modo
1492 898 1683 940 Saeculare
1714 912 1797 938 car-

223 981 313 1006 men
345 967 657 1018 componendum
684 966 908 1018 injunxerit,
948 967 1017 1005 sed
1053 974 1093 1005 et
1128 966 1371 1005 Vindelicam
1408 964 1610 1004 victoriam
1648 963 1797 1003 Tiberii

222 1036 435 1088 Drusique,
455 1035 750 1086 privignorum:
777 1049 945 1086 eumque
965 1035 1136 1086 coegerit
1154 1045 1313 1087 propter
1330 1035 1418 1082 hoc,
1437 1034 1563 1073 tribus
1581 1032 1796 1072 carminum

223 1101 344 1147 libris,
375 1115 423 1139 ex
456 1101 574 1151 longo
602 1101 817 1147 intervallo,
848 1108 1031 1152 quartum
1064 1101 1234 1141 addere:
1277 1108 1366 1152 post
1398 1100 1602 1140 Sermones
1641 1111 1798 1150 quoque

222 1168 343 1207 lectos
373 1167 433 1206 sui
464 1166 611 1205 nullam
645 1166 883 1218 mentionem
917 1167 1089 1205 habitam
1119 1166 1173 1206 ita
1199 1167 1250 1206 sit
1277 1173 1460 1219 questus:
1490 1164 1616 1203 Irasci
1646 1177 1702 1202 me
1730 1161 1798 1202 tibi

223 1233 324 1277 scito,
353 1232 450 1284 quod
478 1245 548 1270 non
581 1231 620 1269 in
647 1231 835 1283 plerisque
862 1231 1039 1283 ejusmodi
1057 1232 1208 1283 scriptis
1225 1245 1361 1272 mecum
1377 1230 1603 1283 potissimum
1622 1227 1795 1281 loquaris.

215 1301 285 1339 'An
303 1300 452 1345 vereris,
471 1314 517 1338 ne
535 1300 639 1351 apud
649 1305 817 1352 posteros
844 1300 910 1338 tibi
936 1299 1077 1352 iufame
1094 1300 1155 1346 sit,
1175 1300 1272 1353 quod
1288 1300 1451 1339 videaris
1463 1297 1678 1350 familiaris
1695 1296 1796 1335 nobis

223 1367 329 1404 esse?
386 1366 664 1417 Expressitque
682 1365 896 1416 eclogam,¹³
917 1366 1031 1418 cujus
1049 1366 1204 1405 initium
1223 1374 1304 1406 est:

446 1501 536 1540 Cum
557 1506 608 1539 tot
626 1500 821 1546 sustineas,
842 1506 876 1538 et
896 1506 1001 1538 tanta
1020 1500 1164 1553 negotia
1182 1501 1303 1539 solus':

440 1567 518 1604 Res
535 1565 660 1604 Italas
679 1565 792 1603 armis
812 1566 954 1610 tuteris,
976 1566 1137 1604 moribus
1154 1579 1273 1611 ornes,

441 1630 605 1682 Legibus
622 1631 787 1670 emendes
799 1646 811 1668 :
843 1631 880 1668 in
896 1631 1047 1683 publica
1067 1632 1251 1671 commoda
1266 1645 1424 1684 peccem,

438 1696 483 1734 Si
501 1697 606 1748 longo
623 1709 787 1735 sermone
804 1710 924 1735 morer
942 1702 1006 1735 tua
1025 1702 1199 1748 tempora,
1223 1696 1364 1736 Coesar.

224 1831 411 1869 Horatius
439 1830 573 1870 habitu
603 1831 773 1882 corporis
800 1831 931 1870 brevis
954 1832 1042 1877 fuit,
1061 1839 1179 1883 atque
1198 1832 1360 1870 obesus:
1389 1830 1515 1883 qualis
1542 1845 1565 1868 a
1593 1842 1633 1867 se
1651 1829 1736 1880 ipso
1754 1828 1794 1865 in

223 1896 360 1949 satyris
374 1899 400 1920 ¹⁴
419 1897 661 1942 describitur,
682 1904 720 1935 et
737 1898 787 1935 ab
806 1899 991 1949 Augusto
1010 1897 1084 1936 hac
1102 1897 1291 1950 epistola:
1347 1896 1511 1936 Pertulit
1538 1897 1590 1934 ad
1615 1909 1671 1934 me
1698 1895 1794 1933 Dio-

223 1963 351 2014 nysius
362 1963 390 1985 ¹⁵
420 1961 576 1999 libellum
595 1967 705 2008 tuum,
727 1976 828 2013 quem
848 1976 926 2014 ego,
947 1976 992 2001 ne
1009 1976 1173 2003 accusem
1202 1963 1427 2009 brevitatem,
1457 1961 1796 2015 quantuluscunque

219 2032 285 2072 est,
306 2026 388 2064 boni
406 2027 560 2064 consulo.
626 2025 752 2064 Vereri
779 2032 896 2064 autem
925 2027 1015 2064 mihi
1043 2027 1191 2073 videris,
1221 2041 1267 2065 ne
1293 2018 1453 2079 majores
1479 2025 1591 2064 libelli
1621 2024 1676 2063 tui
1707 2023 1793 2069 sint,

220 2109 331 2147 quam
358 2094 437 2146 ipse
463 2108 511 2133 es.
569 2094 645 2132 Sed
669 2095 702 2132 si
730 2095 797 2134 tibi
823 2101 971 2133 statura
999 2096 1107 2142 deest,
1133 2096 1385 2148 corpusculum
1403 2108 1476 2149 non
1493 2095 1603 2133 deest.
1660 2093 1795 2144 Itaque

222 2162 342 2203 licebit
370 2163 408 2200 in
435 2162 630 2200 sextariolo
643 2164 670 2188 ¹⁶
698 2163 840 2201 scribas
858 2178 872 2201 :
901 2178 1010 2216 quum
1038 2165 1217 2203 circuitus
1234 2163 1426 2202 voluminis
1444 2163 1500 2201 tui
1515 2162 1564 2200 sit
1582 2160 1794 2214 ὄγκωὸέστα-

223 2243 291 2274 τος,
311 2227 406 2266 sicut
425 2233 476 2265 est
496 2227 687 2265 ventriculi
705 2228 770 2265 tui.
826 2229 936 2267 Vixit
955 2229 1171 2281 plurimum
1198 2230 1240 2268 in
1269 2243 1420 2269 secessu
1446 2228 1547 2267 ruris
1577 2227 1638 2266 sui
1661 2225 1795 2266 Sabini

224 2301 293 2332 aut
306 2294 333 2316 ¹⁷
355 2291 576 2331 Tiburtini:
616 2292 832 2344 domusque
865 2294 949 2346 ejus
979 2295 1195 2334 ostenditur
1233 2295 1334 2334 circa
1371 2293 1570 2334 Tiburtini
1605 2291 1793 2332 luculum.

220 2428 306 2470 apud
321 2435 352 2460 te
365 2434 398 2460 et
411 2427 488 2459 alios
502 2427 607 2469 gratis,
623 2429 653 2458 h.
673 2439 699 2459 e.
719 2428 808 2460 nullo
830 2430 860 2460 ei
881 2430 982 2470 impo-
1016 2432 1058 2471 ii.
1103 2432 1130 2462 1.
1222 2431 1245 2452 ¹⁴
1265 2433 1300 2463 in
1335 2433 1476 2472 satyris„
1495 2430 1558 2461 Sat.
1591 2429 1624 2461 ii.
1656 2430 1688 2463 3.
1713 2422 1796 2464 ffl9:

220 2472 281 2504 sito
306 2472 420 2508 officio,
445 2470 618 2502 adhibetur.
720 2473 732 2490 ³
753 2474 900 2513 ingerere,
927 2485 984 2514 pro
1027 2474 1050 2494 ¹³
1072 2477 1255 2517 Dionysius,
1278 2484 1386 2505 servus
1406 2474 1456 2505 vel
1480 2473 1611 2505 libertus
1638 2475 1789 2518 Augusti.

219 2525 398 2558 suggerere,
427 2515 458 2544 h.
484 2525 511 2545 e.
545 2516 683 2554 probare.
774 2517 786 2534 ⁹
807 2523 835 2548 et
861 2528 983 2555 rursus,
1028 2519 1051 2538 ¹⁶
1072 2522 1107 2551 in
1135 2521 1290 2551 semem-iulo
1331 2519 1473 2556 scribere,
1509 2527 1636 2553 sensus:
1680 2520 1793 2560 Itaque

218 2569 331 2598 parum
346 2558 461 2590 Latine
475 2568 550 2598 pro:
578 2565 610 2589 et
631 2558 694 2588 alio
708 2564 856 2598 tempore.
914 2559 936 2579 ¹⁰
950 2573 985 2592 er
1027 2563 1133 2594 licebit
1156 2563 1212 2594 tihi
1234 2561 1363 2604 quidem
1384 2561 1525 2593 breviore
1546 2561 1716 2593 voluminis
1729 2563 1793 2594 for-

220 2604 374 2644 Septimio,
401 2601 472 2632 vide
497 2601 537 2632 de
562 2612 600 2632 eo
625 2601 658 2631 in
688 2602 822 2643 Argum.
842 2603 929 2634 adii.
949 2604 980 2635 6.
1027 2616 1079 2637 ma
1103 2606 1162 2644 uti,
1188 2606 1284 2638 modo
1308 2605 1412 2645 ipsum
1435 2604 1583 2636 volumen
1607 2615 1697 2647 aeque
1710 2616 1793 2637 cras-

219 2645 240 2663 ¹¹
257 2646 542 2689 ἆνθυπιρφρωοὶἷμιν,
566 2644 701 2676 vicissim
722 2647 846 2685 superbi
862 2657 979 2678 sumus.
1027 2660 1108 2686 sum,
1134 2660 1171 2681 ac
1194 2649 1417 2689 corpusculum
1438 2654 1541 2684 tuum,
1567 2647 1629 2687 sit;
1645 2667 1688 2675 —
1702 2649 1792 2680 volu-

220 2689 243 2710 ¹¹
259 2691 461 2730 putissimum
476 2700 600 2730 penem,
617 2687 698 2718 refer
719 2688 759 2718 ad
782 2700 833 2719 eas
847 2691 984 2728 appella-
1028 2692 1125 2729 mina,
1142 2701 1178 2724 ut
1192 2694 1265 2725 satis
1280 2698 1415 2730 constat,>
1426 2691 1691 2724 convolvebantur
1700 2702 1794 2732 super

219 2733 329 2770 tiones,
364 2732 479 2775 quibus
516 2731 601 2773 apud
632 2733 793 2763 Romanos
818 2733 985 2764 familiares
1028 2736 1151 2774 bacillo,
1176 2738 1266 2778 cujus
1287 2735 1421 2769 brevitas
1441 2735 1509 2777 jam
1532 2745 1589 2774 per
1613 2745 1793 2767 mensuram

220 2782 342 2807 tantum
359 2777 439 2807 inter
453 2786 486 2807 se
500 2786 556 2816 per
564 2775 674 2816 jocum
689 2774 722 2805 in
739 2775 800 2806 vita
824 2778 984 2807 communi
1029 2782 1178 2812 sea-tarioli
1193 2780 1383 2821 designatur.
1424 2778 1653 2820 synodicum-05,
1669 2779 1793 2810 crassis-

220 2821 410 2858 uoebantur;
445 2819 488 2851 sic
513 2819 579 2850 fere
604 2818 690 2860 apud
719 2818 836 2850 Catull.
867 2819 923 2849 liii.
949 2820 980 2851 5.
1028 2821 1137 2853 simus.
1198 2823 1219 2841 ¹⁷
1243 2825 1348 2856 Sabini
1369 2828 1425 2855 aut
1446 2823 1612 2860 martini,
1628 2822 1703 2853 villa
1721 2822 1793 2853 Ho-

219 2864 420 2903 salaputium.
524 2862 547 2881 ¹⁸
568 2864 722 2911 eclogam„
738 2871 852 2902 nempe
878 2863 980 2903 Epist.
1029 2864 1147 2898 ratiana
1162 2877 1275 2907 nempe
1289 2867 1332 2899 ita
1347 2866 1406 2898 sita
1419 2864 1489 2904 fuit,
1513 2871 1550 2897 ut
1574 2871 1637 2898 tam
1664 2867 1789 2903 Sabina.
