1904 3250
194 146 273 184 148

819 147 1124 191 HORATII

1555 154 1661 201 [Lus.
1685 164 1754 191 111.

250 275 275 313 5
309 272 496 331 Gygen?
528 274 604 316 Ille
628 273 749 315 Notis
771 281 887 315 actus
909 274 963 314 ad
985 272 1161 316 Oricum

309 347 411 389 Post
427 349 572 390 insana
594 348 746 404 Caprae
768 347 917 397 sidera,
939 345 1112 404 fi'igidas

424 420 580 463 Noctes
601 436 685 462 non
704 421 792 461 sine
812 419 955 460 multis

539 493 748 535 Insomnis
768 492 950 534 lacrimis
972 493 1070 550 agit.

308 564 439 620 Atqui
461 563 648 605 sollicitae
669 563 841 604 nuntius
861 562 1055 619 hospitae,

224 638 274 675 10
308 635 527 691 Suspirare
550 635 728 685 Chloen,
751 643 793 677 et
812 635 1008 677 miseram
1028 636 1109 677 tuis

421 708 580 749 Dicens
602 708 768 765 ignibus
789 709 868 759 uri,

538 779 694 822 Tentat
712 781 827 822 mille
847 775 962 823 vafer
982 781 1131 823 modis.

291 850 368 892 -Ut
392 850 581 891 Proetum
602 850 753 892 mulier
772 850 937 907 perfida
957 851 1174 893 credulum

306 919 439 961 Falsis
460 920 660 976 inpulerit
680 921 937 972 criminibus,
960 921 1083 962 nimis

223 993 271 1031 15
423 990 551 1032 Casto
574 990 896 1048 Bellerophonti

539 1063 758 1106 Maturare
779 1079 938 1115 necem,
962 1065 1101 1106 refert.

230 1224 257 1244 ν.
292 1211 430 1244 4-5-48.
471 1216 595 1246 Damn.
635 1216 710 1256 quid
739 1227 804 1247 non
834 1217 945 1246 iamin.

186 1259 248 1288 dies
260 1257 277 1288 ε’
301 1257 355 1288 sed
369 1257 447 1299 quid
459 1257 608 1298 temporis
629 1268 775 1298 processu
796 1268 861 1288 non
882 1268 950 1289 cor-

185 1301 365 1340 rumpitur?
395 1304 544 1333 damnosa
573 1303 644 1338 dies,
674 1307 799 1342 tempus
820 1301 951 1343 injurio·

186 1354 268 1382 sum,
291 1344 408 1375 damno
428 1344 567 1375 afficiens
588 1354 620 1375 et
639 1351 805 1376 attenuans
832 1346 948 1376 omnia.

187 1406 231 1413 —
241 1389 326 1429 pejor
340 1390 412 1426 avis,
427 1388 529 1419 multo
543 1398 673 1419 avorum
689 1395 780 1420 aetate
797 1388 950 1427 deterior;

187 1431 232 1462 sic
252 1431 318 1462 fere
332 1442 415 1472 supr.
437 1431 465 1462 1.
485 1431 515 1462 7.
534 1431 587 1462 25.
614 1435 760 1464 Fortuna
775 1434 883 1464 melior
891 1444 952 1473 pa-

187 1481 273 1507 rente
288 1485 360 1515 pro:
386 1476 498 1506 melior
511 1476 648 1515 parentis
666 1475 804 1513 fortuna,
819 1475 883 1507 sive
898 1479 950 1507 be-

188 1518 314 1560 nignior
327 1519 381 1549 illa
394 1518 530 1554 fortuna,
546 1529 642 1560 quam
662 1529 772 1559 parens
793 1519 952 1559 perferen-

187 1563 259 1593 dam
273 1562 431 1602 imposuit.
520 1564 690 1604 nequiores,
705 1563 954 1604 antiquissimam

186 1605 274 1636 illam
303 1605 494 1645 opinionem,
524 1606 692 1637 hominum
719 1612 784 1637 tam
814 1607 951 1646 corporis

186 1651 292 1686 robur,
307 1659 402 1690 quam
417 1649 515 1680 animi
529 1649 751 1691 integritatem,
767 1651 868 1691 magis
882 1660 950 1681 ma-

186 1692 297 1734 gisque
321 1703 510 1734 unaquaque
531 1696 623 1724 aetate
643 1693 814 1732 corrumpi,
838 1694 870 1723 in
894 1704 951 1724 sua

126 1741 128 1743 ’
186 1743 326 1775 tempora
340 1743 432 1776 poeta
445 1736 699 1768 accommodavit.
748 1736 898 1767 Laudant
919 1737 953 1767 in

162 1780 268 1816 ‚hanc
290 1781 476 1810 sententiam
508 1781 598 1813 Arat.
627 1781 792 1813 Phaenom.
824 1779 895 1811 123.
921 1786 953 1811 et

189 1819 290 1854 Hom.
309 1823 424 1864 Odyss.
445 1823 495 1855 11.
515 1822 592 1856 276.

403 1910 615 1942 CARMEN
638 1910 723 1943 VII.

232 1997 393 2035 Asterien,
418 1997 459 2029 de
481 1997 624 2040 longiore
638 1998 788 2030 amatoris
807 1998 866 2036 sui,
887 1998 953 2040 Gy·

187 2040 246 2082 εἰς,
270 2047 409 2082 quaestus
438 2042 575 2073 faciendi
596 2052 690 2073 causa
710 2042 744 2073 in
769 2042 848 2073 Asia
865 2052 954 2082 pere-

186 2084 349 2126 grinantiS,
377 2086 525 2123 absentia,
550 2086 680 2128 ejusque
702 2086 736 2116 in
757 2096 862 2117 amore
884 2096 954 2126 per-

185 2126 260 2158 fidia
281 2128 393 2159 misere
421 2139 454 2159 se
475 2129 716 2167 excruciantem,
739 2131 824 2160 bono
845 2130 952 2161 animo

185 2181 251 2202 esse
267 2171 360 2213 jubet
372 2172 406 2202 in
420 2173 480 2203 hoc
495 2173 633 2204 carmine
649 2173 814 2211 Horatius,
830 2173 910 2204 dum
922 2172 952 2204 ei

186 2224 251 2245 non
272 2214 375 2245 solum
390 2215 553 2256 oppidum,
569 2216 625 2247 ubi
639 2227 726 2247 nunc
742 2216 796 2247 ille
811 2215 951 2247 detinea-

185 2265 249 2296 tur,
279 2258 407 2296 indicat,
444 2259 499 2290 sed
534 2260 628 2291 etiam
657 2270 792 2290 summae
820 2260 889 2302 ejus
917 2259 952 2290 in

127 2299 134 2309 “
185 2312 292 2333 amore
311 2302 503 2339 constantiae,
525 2303 610 2344 quod
632 2303 675 2334 ibi
700 2305 740 2335 ab
762 2303 824 2335 alia
845 2302 952 2343 puella

185 2345 303 2386 petitus
330 2345 471 2382 ediderit,
498 2347 658 2386 specimen
685 2347 789 2379 refert.
837 2346 953 2378 Monet

185 2388 384 2431 igitur‘eam,
407 2395 444 2420 ut
464 2389 532 2429 ipsa
553 2390 658 2430 potius
682 2390 768 2432 Gygi
789 2400 848 2422 suo
869 2391 952 2422 sein

186 2443 292 2464 amore
317 2438 511 2464 constantem
533 2435 679 2474 praebeat,
703 2444 762 2465 nec
784 2434 952 2465 fenestram

185 2476 226 2507 ad
241 2475 413 2518 nequitiam
428 2476 555 2518 Enipeo
567 2477 704 2515 cuidam,
715 2477 770 2518 qui
781 2487 868 2508 nunc
882 2487 953 2508 eam

185 2526 331 2558 sectetur,
360 2520 486 2560 aperiat.
545 2520 704 2551 Tractavit
733 2521 862 2552 fortasse
890 2521 950 2552 hoc

185 2569 410 2605 argumentum
430 2569 522 2604 poeta
543 2563 673 2606 quidam
697 2564 839 2603 Graecus,
855 2574 951 2605 quem

187 2607 306 2639 Noster
317 2607 459 2640 imitatus
471 2606 604 2638 videtur.

228 2661 257 2682 v.
279 2649 372 2682 1-8.
401 2652 484 2687 Quid
486 2652 554 2694 fles
571 2657 644 2682 cett.
662 2652 775 2694 junge,
798 2652 873 2692 quid
883 2652 949 2693 stes

189 2696 299 2737 Gygen
312 2712 357 2720 —
370 2706 464 2736 quem
476 2701 549 2726 cett.
598 2695 715 2726 Sensus
727 2707 735 2725 ι
765 2694 832 2726 Cur
848 2693 949 2725 dolori

185 2737 264 2769 adeo
284 2738 442 2780 indulges,
471 2737 604 2775 Asterie,
629 2739 670 2768 ob
703 2737 804 2778 Gygis
826 2737 874 2768 tui
895 2739 949 2768 ab·

184 2782 327 2820 sentiam,
342 2782 407 2823 qui,
417 2780 548 2813 simulac
561 2782 620 2812 sub
633 2780 713 2813 veris
727 2780 818 2812 initio
831 2780 948 2812 sereni-

185 2831 282 2856 tatem
310 2825 496 2857 reducentes
516 2825 678 2865 spirabunt
705 2824 850 2864 Zephyri,
872 2834 949 2855 usus

186 2868 218 2898 in
240 2875 424 2900 mercaturae
452 2879 519 2900 suae
539 2867 673 2910 negotiis
694 2877 837 2899 successu
862 2877 947 2907 pros-

185 2912 330 2950 perrimo,
360 2918 397 2944 ut
417 2917 563 2952 spectate
583 2911 656 2947 fidei
684 2917 805 2943 amator
825 2911 858 2942 in
881 2921 947 2941 am-

186 2954 295 2994 plexus
323 2962 394 2987 tuos
429 2955 560 2990 redibit!
658 2956 791 2992 candidi,
832 2954 945 2987 caelum

993 1213 1172 1249 candidum,
1204 1215 1236 1245 h.
1262 1225 1289 1245 e.
1316 1224 1460 1245 serenum
1490 1213 1677 1254 reddentes3
1713 1215 1758 1246 sic

994 1260 1101 1290 Notus
1124 1259 1212 1290 albus
1234 1268 1318 1298 supr.
1342 1258 1369 1288 Ι.
1396 1257 1425 1288 7.
1455 1256 1504 1288 15.
1522 1258 1577 1289 ubi
1602 1258 1664 1289 vid.
1690 1267 1756 1290 not.

995 1304 1096 1342 Iapyt
1110 1303 1197 1333 albus
1210 1301 1284 1332 infr.
1301 1302 1371 1332 111.
1386 1301 1438 1333 27.
1461 1301 1510 1332 19.
1605 1304 1726 1344 Thyna,
1741 1313 1761 1333 e

997 1346 1150 1386 Bithynia
1159 1345 1309 1383 advecta3
1325 1363 1370 1370 —-
1389 1348 1492 1387 Thyni
1505 1350 1537 1376 et
1551 1347 1684 1387 Bithyni
1704 1356 1761 1377 an-
1791 1384 1795 1387 -

994 1389 1126 1430 tiquitus
1146 1388 1275 1431 quidem
1296 1388 1340 1420 ita
1361 1389 1442 1420 inter
1461 1400 1494 1420 se
1515 1388 1707 1426 differebant,
1723 1395 1761 1421 ut

995 1443 1051 1472 per
1071 1432 1153 1471 illos,
1176 1433 1231 1474 qui
1248 1442 1342 1470 ¹oram
1367 1432 1471 1464 Ponto
1492 1432 1679 1471 proximam,
1705 1443 1760 1473 per

994 1477 1051 1507 hos
1065 1483 1182 1514 autem,
1205 1475 1259 1516 qui
1280 1475 1458 1507 inferiorem
1483 1475 1578 1507 Ponti
1599 1475 1760 1517 regionem

994 1519 1178 1555 incolerent,
1194 1519 1453 1560 designarentur3
1476 1519 1537 1550 vid.
1555 1519 1710 1550 Herodot.
1732 1519 1761 1551 I.

996 1562 1050 1594 28.
1063 1563 1117 1594 sed
1129 1562 1244 1593 deinde
1255 1562 1390 1594 universi
1401 1562 1447 1593 illi
1458 1562 1568 1603 populi
1580 1562 1762 1603 simpliciter

993 1608 1126 1648 Bithyni
1140 1607 1240 1637 vocati
1254 1613 1337 1648 sunt.
1386 1608 1537 1648 Bithynia
1553 1613 1670 1643 autem,
1685 1617 1759 1638 cum

993 1650 1107 1691 etipsa
1120 1650 1277 1681 variarum
1290 1660 1397 1681 rerum
1419 1651 1509 1690 copia
1529 1649 1712 1687 abundaret,
1729 1657 1761 1682 et

993 1693 1171 1734 complures
1184 1693 1255 1724 aliae
1269 1704 1388 1724 merces
1401 1704 1440 1724 ex
1454 1700 1520 1725 tota
1537 1693 1616 1724 Asia
1630 1704 1668 1725 eo
1682 1704 1758 1725 con·

995 1738 1191 1774 veherentur,
1220 1744 1405 1775 mercatura,
1435 1747 1507 1778 quae
1535 1737 1581 1768 ibi
1604 1747 1624 1768 a
1652 1737 1761 1769 multis

994 1780 1120 1821 populis
1140 1782 1352 1818 exercebatur,
1381 1781 1520 1811 maxime
1539 1779 1603 1814 fuit
1623 1780 1759 1820 nobilis3

996 1824 1058 1855 vid.
1079 1824 1171 1855 Voss.
1189 1823 1229 1855 ad
1247 1823 1364 1855 Catuli.
1385 1823 1532 1855 XXIII.
1551 1822 1583 1854 7.
1601 1829 1643 1861 et,
1665 1834 1761 1866 quem

996 1867 1105 1899 laudat
1130 1867 1179 1899 Cl.
1211 1869 1351 1904 Mitsclz..
1378 1867 1525 1899 Eustath.
1554 1866 1594 1898 ad
1626 1867 1760 1909 Dionys.

998 1911 1124 1954 Perieg.
1141 1910 1214 1942 793.
1293 1913 1374 1955 fide,
1385 1911 1514 1952 antique
1528 1921 1600 1952 pro:
1619 1913 1708 1954 fidei.
1717 1929 1762 1936 ——-

997 1957 1102 1992 Notis,
1117 1961 1309 1996 tempestate.
1338 1956 1477 1992 Oricum,
1491 1954 1646 1995 oppidum
1669 1954 1761 1995 Epiri

997 1999 1039 2030 ad
1052 1998 1158 2029 sinum
1182 1998 1339 2036 Ionicum,
1362 2004 1456 2039 portu
1477 1999 1676 2030 instructum.
1692 2003 1762 2040 port

997 2045 1098 2075 sidera
1117 2046 1236 2084 Caprae,
1250 2049 1322 2083 post
1335 2048 1442 2074 ortum
1457 2042 1505 2073 vel
1519 2051 1665 2074 occasum
1679 2041 1761 2074 side-

998 2086 1040 2117 ris
1066 2087 1185 2126 Caprae.
1235 2086 1296 2117 Est
1317 2091 1424 2117 autem
1448 2088 1551 2127 Capra
1571 2085 1659 2117 sidus
1671 2085 1706 2116 in
1719 2086 1760 2116 si-

994 2131 1092 2161 nistro
1107 2131 1239 2160 humero
1253 2129 1453 2161 Erichthonii
1467 2129 1532 2160 sive
1548 2128 1690 2171 Auriga,
1704 2138 1762 2160 eu-

989 2174 1044 2215 jus
1067 2180 1132 2204 tam
1161 2180 1258 2210 οηυε,
1290 2173 1370 2216 (lv.
1398 2172 1467 2204 Cal.
1495 2172 1642 2212 Octobr.)
1664 2182 1761 2213 quam

994 2227 1132 2254 occasus
1149 2216 1236 2259 (Cal.
1254 2216 1350 2255 Jan.)
1366 2221 1581 2256 tempestatem
1604 2215 1760 2247 concitare

994 2262 1180 2300 putabatur3
1197 2259 1272 2290 hinc
1285 2258 1366 2290 illud
1380 2258 1468 2290 sidus
1481 2258 1596 2289 dicitur
1609 2260 1759 2291 insanum

994 2305 1025 2334 h.
1044 2314 1071 2335 e.
1089 2309 1310 2343 tempestatum
1330 2302 1470 2334 furorem
1485 2301 1695 2343 portenden53
1717 2303 1760 2334 si-

993 2347 1110 2378 militer
1122 2356 1209 2386 supr.
1223 2345 1296 2377 111.
1312 2345 1341 2376 1.
1358 2344 1534 2379 27.Ᾰεα,ὐπιε
1557 2346 1693 2378 Arcturi
1707 2357 1760 2378 ca-

996 2392 1098 2422 dentis
1125 2392 1275 2430 Impetus,
1296 2396 1354 2421 aut
1374 2391 1497 2422 orientis
1519 2391 1626 2421 Haedi.
1643 2391 1759 2433 —fii-

993 2436 1093 2475 gidus,
1112 2432 1193 2464 solas
1206 2439 1238 2464 et
1251 2432 1371 2483 rid-uas,
1393 2432 1449 2464 ubi
1475 2432 1563 2464 deest
1582 2433 1643 2465 tori
1664 2433 1758 2472 socia,

1080 2478 1221 2550 83-88
1233 2475 1349 2562 3338
1362 2476 1601 2552 ..⁸⁰¹oe
1631 2530 1752 2552 ...¹

993 2564 1081 2605 atqui
1103 2574 1145 2595 ne
1165 2573 1245 2603 opus
1273 2563 1402 2604 quidem
1432 2564 1535 2600 habet,
1551 2568 1603 2595 'ut
1629 2563 1759 2606 frigidas

993 2615 1101 2638 noctes
1128 2613 1212 2648 agat,
1241 2607 1375 2638 nuntius
1402 2607 1487 2638 enim
1517 2607 1647 2647 hospitae
1681 2614 1754 2639 cett.

992 2651 1134 2688 sollicitae,
1158 2658 1195 2681 ut
1214 2657 1299 2687 sunt,
1314 2650 1369 2692 qui
1389 2651 1502 2682 misere
1522 2655 1638 2682 amant.
1686 2651 1756 2682 No·

992 2701 1062 2725 tum
1076 2699 1122 2725 est
1135 2693 1215 2724 illud
1233 2693 1360 2726 Ovidii:
1389 2697 1451 2726 Res
1471 2699 1517 2726 est
1535 2695 1654 2726 solliciti
1661 2695 1757 2735 plena

992 2738 1112 2769 timoris
1138 2748 1237 2768 amor.
1326 2739 1470 2775 nuntius,
1508 2736 1554 2768 rei
1591 2737 1756 2779 cujusdam

991 2779 1181 2818 administer,
1196 2780 1409 2812 internuntius
1421 2799 1466 2806 —
1479 2782 1646 2822 suspirare,
1662 2781 1755 2812 vehe-

991 2823 1129 2855 mentius
1149 2830 1181 2854 et
1203 2823 1387 2864 suspirando
1407 2823 1591 2861 desiderare,
1617 2835 1660 2856 sc.
1687 2825 1754 2865 Gy-

991 2877 1063 2908 gen.
1081 2866 1121 2897 cf.
1142 2866 1261 2899 Illustr.
1282 2869 1403 2909 Heynii
1425 2867 1555 2899 observ.
1573 2868 1614 2899 ad
1631 2867 1751 2900 Tibun.

992 2912 1021 2942 1.
1047 2910 1078 2942 6.
1103 2909 1156 2942 35.
1192 2913 1255 2943 tuis
1283 2912 1415 2952 ignibus,
1449 2911 1541 2953 Gyge
1570 2918 1636 2946 tuo.
1663 2911 1754 2953 cujus

990 2964 1095 2987 amore
1123 2960 1158 2986 tu
1188 2954 1322 2986 torreris.
1412 2961 1509 2987 tentat
1537 2956 1619 2987 mille
1647 2957 1751 2992 medix,
