1904 3250
168 1502 170 1505 ’
227 1511 310 1531 vam.

229 224 319 262 406

859 219 1168 263 HORATII

1618 224 1729 274 [Lm.
1753 236 1807 264 11.

350 346 442 389 Nec
464 347 563 388 satis
585 353 663 395 est,
688 359 786 387 cara
804 345 941 400 pisces
962 359 1158 387 averrere
1177 361 1323 389 mensa

348 420 565 477 Ignarum,
589 417 741 474 quibus
763 424 827 458 est
839 418 910 473 jus
932 418 1084 473 aptius,
1107 426 1149 459 et
1169 419 1320 475 quibus
1341 420 1445 461 assis

347 487 599 545 Languidus
620 486 665 527 in
686 486 876 527 cubitum
889 486 981 542 jam
1004 501 1049 528 se
1070 486 1247 528 conviva
1265 497 1455 544 reponet.

259 564 316 602 40
349 560 515 603 Umber
536 566 578 600 et
587 558 730 617 'iligna
747 559 932 600 nutritus
952 559 1108 617 glande
1128 559 1333 601 rotundas

349 632 510 674 Curvet
530 646 633 688 aper
652 631 795 673 lances
817 646 988 673 carnem
1007 632 1177 673 vitantis
1198 632 1400 674 inertem:

347 703 460 745 Nam
482 702 675 745 Laurens
696 703 832 745 malus
854 711 930 755 est,
952 703 1061 745 ulvis
1083 692 1132 745 et*
1145 703 1352 745 arundine
1372 704 1556 763 pinguis.

344 771 482 813 Vinea
503 772 714 814 submittit
734 787 908 828 capreas
927 788 1017 814 non
1039 787 1204 829 semper
1224 772 1384 815 edules.

345 843 381 885 F
383 843 560 885 ecundae
580 844 738 900 leporis
760 845 928 900 sapiens
950 845 1179 886 sectabitur
1199 860 1355 887 armos.

256 917 312 955 45
346 913 542 956 Piscibus
564 922 691 971 atque
712 915 861 956 avibus
883 930 979 972 quae
1000 921 1152 956 natura
1173 922 1215 956 et
1234 914 1344 957 foret
1363 922 1481 967 aetas,

341 986 457 1028 Ante
477 1002 620 1028 meum
640 986 747 1028 nulli
767 987 907 1043 patuit
927 987 1106 1044 quaesita
1124 987 1328 1043 palatum.

346 1059 468 1110 Sunt,
491 1074 674 1116 quorum
695 1060 913 1118 ingenium
933 1075 1044 1102 nova
1062 1067 1228 1102 tantum
1249 1061 1437 1103 crustula
1455 1062 1626 1118 promit.

346 1128 629 1186 Nequaquam
650 1130 750 1171 satis
770 1130 816 1171 in
839 1145 886 1172 re
907 1145 993 1171 una
1013 1145 1261 1172 consumere
1281 1146 1450 1173 curam:
1492 1171 1497 1176 ,

349 1201 413 1245 Ut
433 1204 468 1244 si
489 1203 583 1260 quis
605 1203 743 1244 solum
763 1203 860 1254 hoc,
882 1203 995 1245 mala
1013 1218 1068 1245 ne
1089 1203 1173 1244 sint
1192 1204 1302 1255 vina,
1323 1203 1501 1256 laboret,

259 1274 314 1312 50
348 1270 480 1321 Quali
500 1271 730 1328 perfundat
750 1272 887 1328 pisces
909 1287 1082 1314 securus
1103 1271 1229 1316 olivo.

229 1412 315 1444 Plin.
345 1413 433 1444 Hist.
459 1413 503 1444 N.
534 1413 600 1444 IX.
618 1412 671 1443 51.
700 1413 868 1444 XXXII.
885 1412 937 1444 53.
956 1431 1000 1439 —

222 1459 352 1498 patulis,
376 1457 457 1488 refer
481 1456 522 1488 ad
548 1457 710 1497 pectinum
731 1457 866 1487 formam
888 1467 1000 1488 conca-

399 1503 490 1533 molle
517 1503 700 1535 Tarentum,
725 1502 765 1531 ab
793 1500 923 1541 ingenio
944 1501 1001 1530 ho-

227 1543 365 1581 minum,
389 1544 518 1575 mollius
539 1550 571 1575 et
599 1544 792 1575 luxuriosius
822 1544 866 1575 ibi
894 1545 1001 1574 viven-

228 1587 333 1625 tium;
357 1587 431 1619 hinc
452 1587 535 1618 infra
551 1587 655 1627 Epist.
677 1587 706 1618 1.
725 1586 756 1623 7,
771 1585 825 1618 45.
878 1589 1001 1619 Taren-

229 1637 299 1662 tum
313 1633 441 1667 imbelle,
458 1630 520 1661 vid.
539 1633 735 1672 Inter-pretex-

271 1685 300 1705 ν.
319 1674 373 1705 36.
400 1676 478 1706 Non
497 1676 589 1715 prius
617 1681 721 1706 exacta
750 1680 822 1706 cett.
854 1673 911 1716 qui
936 1684 1003 1705 non

228 1724 321 1749 antea
335 1717 492 1749 subtiliter
506 1718 714 1758 exploraverit
736 1728 884 1758 saporum
906 1718 1000 1749 ratio-

230 1771 314 1792 nem.
405 1764 504 1799 tenui,
520 1762 638 1799 subtili,
656 1769 692 1793 ut
707 1772 736 1792 v.
755 1761 787 1792 9.

273 1815 303 1835 v.
331 1803 474 1836 37—39.
501 1808 573 1837 Nec
598 1807 672 1837 satis
694 1812 737 1837 est
760 1811 832 1836 cett.
861 1805 997 1836 Sensus:

231 1848 309 1881 Non
331 1849 404 1879 satis
427 1855 474 1880 est
494 1849 595 1889 pisces
616 1858 704 1879 caros
725 1858 839 1885 emere,
855 1847 910 1879 sed
923 1859 1004 1888 opus

230 1902 358 1932 quoque
372 1898 419 1922 est
433 1893 519 1927 scire,
535 1892 591 1933 qui
605 1902 717 1922 eorum
739 1892 813 1923 elixi
835 1891 930 1932 quive
943 1892 1006 1922 assi

230 1935 346 1966 melius
361 1942 393 1966 et
409 1935 587 1976 jucundius
600 1936 733 1975 sapiant.
751 1954 796 1960 —
810 1945 887 1975 pro:
915 1947 1003 1967 aver-

231 1990 300 2010 rere
327 1978 474 2010 nonnulli
499 1979 600 2010 Codd.
633 1979 720 2019 apud
743 1981 845 2011 Feam
867 1979 1005 2010 offerunt

230 2029 378 2060 avertere,
409 2023 539 2062 plurimi
569 2029 676 2054 tamen
701 2030 833 2054 tuentur
853 2034 1004 2059 averrere,

230 2072 264 2096 et
277 2067 337 2097 hoc
350 2066 430 2096 mihi
444 2073 481 2097 ut
495 2067 600 2106 aptius
625 2073 657 2097 et
678 2066 855 2108 elegantius
876 2067 1004 2106 praefer-

230 2109 350 2140 endum
366 2109 508 2140 videtur:
535 2121 678 2142 averrere
693 2111 761 2152 jam
776 2116 845 2141 est:
871 2120 1005 2141 manum

231 2152 326 2184 alicui
348 2153 393 2183 rei
420 2153 535 2193 cupide
556 2153 684 2195 injicere
713 2164 847 2195 eamque
868 2153 1002 2191 auferre,

230 2206 304 2227 nos:
330 2199 582 2237 wegsclmappen‚
598 2200 793 2241 wegfischen,
809 2199 1000 2239 wegkapern.

231 2257 276 2264 —
289 2251 398 2272 caram
413 2252 553 2272 mensam
575 2241 695 2280 accipio
710 2241 750 2272 de
764 2251 874 2272 mensa
887 2241 922 2272 in
935 2251 1005 2272 ma-

233 2283 326 2320 cello,
349 2284 382 2314 in
404 2294 469 2325 quo
490 2285 556 2315 can'
585 2284 635 2314 vel
659 2284 769 2326 magni
790 2284 882 2325 pretii
904 2286 1005 2326 pisces

233 2327 359 2358 venales
373 2327 507 2367 expositi
522 2334 614 2365 sunt;
639 2338 678 2358 ex
698 2329 758 2359 hac
778 2328 878 2370 igitur
898 2338 1007 2359 mensa

234 2370 342 2410 cupidi
363 2371 531 2402 lautiorum
562 2371 728 2410 epularum
750 2379 894 2408 emtores,
924 2371 1003 2403 dum

233 2413 312 2445 alter
326 2414 416 2446 alteri
430 2424 566 2445 mercem
582 2415 671 2455 quasi
685 2426 723 2446 ex
740 2415 886 2446 manibus
900 2415 1002 2455 eripit,

227 2459 328 2498 pisces
356 2464 505 2490 avem-une
517 2474 528 2494 ;
561 2459 687 2500 egregie
719 2465 827 2489 autem
862 2470 1004 2491 averrere

234 2501 403 2541 respondet
431 2504 473 2541 τῷ
502 2512 643 2538 verrere;
681 2502 767 2543 quod
795 2512 869 2542 pro:
904 2502 1003 2540 pisces

234 2554 346 2584 capere
374 2544 489 2576 dicitur
518 2555 613 2584 supra
645 2546 709 2576 Sat.
738 2546 790 2576 11.
813 2545 845 2576 3.
864 2545 940 2576 235.
966 2552 1003 2577 ιιι

229 2590 330 2628 pisces
343 2590 467 2621 hiberno
480 2599 516 2620 ez·
536 2601 658 2629 oequore
680 2591 783 2625 verris,
801 2590 831 2619 h.
851 2600 879 2620 e.
896 2595 1003 2628 captos

232 2632 347 2662 aufers.
377 2632 474 2663 Hanc
485 2631 726 2671 explicationem
742 2633 908 2671 amplexus
923 2642 1003 2673 quo-

233 2685 295 2715 que
310 2682 357 2706 est
383 2677 514 2712 Vossius,
534 2675 589 2716 qui
611 2676 697 2707 hunc
712 2676 817 2706 locum
832 2676 923 2706 vertit
937 2676 997 2707 sic:

233 2721 304 2750 dass
309 2722 411 2762 fisclze
421 2731 481 2751 von
489 2721 627 2751 elneuerer
641 2721 722 2750 bank
737 2722 779 2750 du
793 2720 997 2762 lziuwegrqjst.

236 2762 285 2794 At
304 2770 442 2795 avertere
462 2763 641 2804 adjunctam
668 2762 828 2793 notionem
850 2763 927 2793 furti
953 2762 1002 2792 vel

234 2805 393 2838 violentiae
414 2808 518 2838 habet.

234 2856 347 2888 norat;

606 2808 767 2847 ignarum,
783 2816 868 2843 eum,
884 2805 939 2847 qui
953 2805 1003 2846 ig-

420 2857 449 2882 ει
463 2851 573 2892 quibus
586 2851 661 2882 assis
675 2851 866 2889 Languidus
881 2851 915 2880 in
929 2851 999 2881 cub.

234 2894 256 2923 i.
273 2904 297 2924 s.
316 2905 402 2926 conv.
421 2906 526 2935 repon.
550 2903 658 2924 versus
674 2892 943 2934 elegantissimus:
971 2898 1002 2923 et

234 2946 374 2968 assorum
397 2938 531 2977 piscium
551 2936 700 2977 adspectu
713 2935 845 2967 conviva
854 2936 922 2977 jam
936 2936 1002 2967 fere

236 2986 322 3010 satur
336 2981 376 3011 de
389 2982 514 3023 integro
529 2981 570 3013 ad
585 2980 744 3012 edendum
765 2979 941 3018 allicietur3
958 2998 1002 3005 —

237 3034 268 3053 se
282 3035 427 3064 reponere
443 3027 478 3057 in
493 3027 643 3063 cubicum,
658 3024 737 3056 laevo
750 3022 857 3055 cubito
874 3022 908 3054 in
930 3023 1000 3063 pulv.

1044 1412 1142 1444 vinari
1170 1413 1272 1452 posito
1299 1413 1340 1445 ad
1369 1413 1528 1445 edendum
1556 1423 1592 1444 se
1612 1423 1816 1454 componere..>

1087 1467 1117 1487 v.
1134 1454 1188 1487 40.
1213 1459 1311 1497 iligna
1328 1457 1475 1499 (ilignea)
1487 1460 1614 1498 glande,
1629 1457 1718 1495 ilicis,
1743 1460 1814 1500 (der

1045 1501 1236 1540 stecheiche.)

1087 1553 1116 1574 v.
1135 1541 1189 1574 41.
1214 1550 1330 1581 curvet,
1354 1543 1492 1583 pondere
1520 1551 1628 1586 gravet
1655 1550 1687 1575 et
1709 1543 1814 1585 depri-

1043 1593 1119 1623 mat,
1149 1597 1227 1626 pro:
1269 1587 1409 1627 impleat,
1481 1589 1617 1625 wantis,
1647 1587 1728 1629 ejus,
1757 1589 1813 1629 qui

1043 1637 1175 1668 recusat,
1251 1633 1394 1664 inertem.
1417 1630 1594 1671 insipidam,
1618 1631 1707 1667 nihil,
1729 1631 1816 1673 quod

1045 1674 1187 1715 palatum
1201 1675 1337 1705 suaviter
1350 1674 1475 1711 afficiat,
1491 1675 1671 1706 habentem.

1087 1727 1116 1748 v.
1135 1716 1189 1748 42.
1210 1719 1349 1758 pinguis,
1365 1717 1536 1759 saginatus.

1086 1772 1115 1791 v.
1134 1760 1188 1792 43.
1220 1763 1382 1798 submittit,
1413 1760 1581 1801 capiendas
1608 1761 1709 1799 offert,
1737 1771 1815 1804 sug-

1068 1805 1136 1835 erit.

1045 1815 1067 1846 g
1091 1859 1119 1878 v.
1138 1846 1192 1878 44.
1229 1849 1362 1889 sapiens.
1384 1846 1557 1879 subtilioris
1584 1847 1682 1889 palati
1709 1849 1816 1886 homo,

1046 1892 1124 1923 boni
1152 1892 1270 1932 saporis
1298 1893 1396 1932 probe
1423 1901 1550 1933 guams.
1640 1893 1814 1928 sectabitur,

1047 1942 1182 1975 appetet.
1273 1946 1387 1973 armos,
1404 1935 1546 1976 intellige
1567 1945 1704 1976 carnem,
1718 1945 1817 1976 quam

1047 1979 1139 2019 lepus
1153 1978 1269 2010 inde'a
1289 1979 1382 2010 dorso
1395 1978 1447 2010 vel
1460 1979 1551 2019 spina
1565 1989 1665 2020 usque
1677 1979 1719 2010 ad
1732 1978 1818 2011 lum-

1048 2024 1105 2054 bos
1118 2024 1223 2054 habet.

1090 2077 1119 2097 v.
1149 2065 1204 2104 45,
1228 2064 1283 2097 46.
1317 2067 1458 2099 Piscibus
1485 2072 1581 2108 atque
1608 2067 1713 2098 avibus
1740 2072 1813 2097 cett.

1051 2110 1165 2146 Qualis
1186 2116 1267 2141 esset
1294 2109 1431 2149 piscium
1456 2109 1624 2150 aviumque
1645 2116 1758 2141 natura
1781 2117 1815 2140 et

1045 2154 1179 2191 bonitas,
1195 2161 1228 2185 et
1241 2164 1304 2194 qua
1318 2159 1409 2184 aetate
1428 2153 1583 2195 cujusque
1604 2162 1676 2184 caro
1696 2152 1815 2192 optime

1047 2204 1179 2237 saperet,
1198 2197 1232 2228 id
1245 2196 1366 2227 nullius
1378 2198 1453 2228 ante
1474 2206 1526 2227 me
1546 2195 1652 2236 palato
1671 2195 1816 2236 explora-

1047 2248 1118 2272 tum
1133 2247 1191 2278 est,
1207 2241 1283 2278 sive,
1305 2239 1340 2271 id
1361 2249 1418 2280 pro
1438 2239 1535 2279 palati
1558 2239 1622 2270 mei
1643 2238 1817 2270 subtilitate

1048 2284 1171 2324 primus
1191 2283 1296 2315 docui.
1385 2289 1461 2314 ante
1485 2293 1588 2314 meum
1597 2284 1754 2323 palatum,
1769 2282 1816 2314 le-

1048 2328 1123 2368 pide
1137 2338 1194 2367 pro
1205 2341 1214 2359 z
1239 2333 1313 2358 ante
1326 2336 1389 2357 me.

1089 2382 1118 2402 v.
1136 2370 1191 2402 47.
1217 2373 1309 2407 Sunt,
1325 2380 1458 2411 quorum
1474 2369 1690 2410 ingerdum—
1698 2372 1816 2410 promit

1046 2425 1126 2455 pro:
1152 2421 1285 2455 promat,
1301 2419 1371 2452 post
1384 2418 1458 2455 sunl
1466 2428 1479 2450 ,-
1499 2413 1564 2443 vid.
1582 2413 1700 2445 Heind.
1719 2423 1816 2453 supra

1046 2458 1088 2490 ad
1104 2459 1167 2490 Sat.
1188 2458 1216 2488 1.
1234 2455 1266 2487 4.
1285 2454 1337 2487 24„

1089 2512 1117 2532 v.
1136 2500 1188 2532 48.
1214 2501 1376 2532 Bentleius
1397 2498 1432 2529 in
1453 2499 1512 2529 hoc
1533 2508 1626 2530 versu
1646 2509 1754 2531 vocem
1769 2507 1815 2532 est

1046 2544 1197 2576 excidisse
1219 2543 1404 2583 suspicatur,
1428 2542 1503 2584 quia
1529 2544 1603 2574 satis
1632 2543 1815 2584 simpliciter

1045 2599 1119 2628 pro:
1153 2587 1278 2623 sufficit,
1301 2596 1457 2626 nusquam
1486 2585 1618 2617 dicatur.
1663 2587 1755 2624 sane,
1786 2588 1814 2618 si

1045 2633 1114 2662 haec
1129 2641 1188 2661 vox
1202 2629 1334 2661 omniuo
1348 2639 1429 2669 opus
1442 2628 1493 2666 sit,
1508 2629 1537 2660 ei
1559 2630 1610 2660 vel
1631 2636 1704 2661 ante
1726 2633 1811 2669 satis,

1044 2675 1094 2705 vel
1108 2680 1178 2715 post
1191 2685 1267 2710 una,
1284 2673 1333 2704 vel
1348 2673 1381 2703 in
1396 2672 1459 2703 fine
1473 2682 1580 2704 versus
1598 2673 1687 2704 locus
1707 2674 1812 2716 adsig-

1046 2718 1113 2749 nari
1128 2724 1237 2757 potest.

1088 2772 1117 2792 v.
1133 2760 1187 2792 50.
1213 2771 1351 2797 securus,
1366 2759 1447 2790 nihil
1462 2759 1618 2792 laborans.

1088 2816 1117 2835 v.
1136 2803 1190 2836 51.
1211 2806 1346 2836 Massica
1368 2805 1452 2840 vina,
1475 2804 1515 2835 cf.
1534 2814 1629 2844 supra
1645 2803 1710 2836 Od.
1729 2804 1758 2836 Ι.
1778 2803 1807 2836 l.

1089 2903 1118 2922 v.
1138 2889 1192 2922 54.
1216 2892 1337 2926 vitiata,
1353 2890 1566 2933 significanter
1578 2901 1657 2931 pro:
1681 2891 1811 2933 liquata,

1045 2935 1208 2970 destillata,
1224 2934 1390 2974 percolata,
1405 2935 1480 2974 quia
1494 2935 1575 2971 vina,
1593 2935 1672 2966 dum
1685 2934 1810 2976 liquan-

1045 2987 1097 3012 tur
1112 2989 1166 3020 ρει·
1181 2978 1300 3009 lineum
1316 2978 1487 3015 sacculum,
1503 2980 1614 3011 vitium
1628 2979 1766 3010 trahunt.

1087 3034 1105 3054 v
1135 3022 1188 3054 55.
1214 3024 1401 3055 Surrentina
1418 3040 1461 3048 —
1475 3024 1557 3061 vina,
1580 3028 1654 3054 nata
1672 3021 1707 3053 in
1723 3021 1812 3064 jugis
