1904 3250
184 204 253 244 viii
832 214 1108 248 PRAEFATIO.

183 321 430 363 nestissimae
462 322 739 363 aemulationis
775 321 960 380 agitabat
994 319 1194 362 studium.
1259 317 1476 360 Gaudebit
1504 317 1633 375 igitur
1667 317 1751 368 ille,

184 405 300 460 cujus
334 405 506 461 antiqua
536 405 641 447 fides
662 413 705 447 et
724 405 936 446 rarissima
968 402 1096 444 animi
1115 401 1334 458 integritas
1355 400 1461 442 mihi
1481 407 1523 442 et
1542 400 1633 442 aliis
1651 401 1753 443 'satis

183 495 404 543 perspecta
438 496 513 539 est,
549 489 763 547 gaudebit,
801 489 985 544 inquam,
1022 486 1103 527 nisi
1138 501 1206 527 me
1236 485 1379 527 omnia
1406 484 1569 536 fallunt,
1600 484 1684 535 ille,
1718 484 1754 526 si

183 579 367 614 veterem
388 587 510 614 suum
530 573 710 614 amicum
739 579 836 628 post
855 585 1034 613 messem
1056 586 1082 611 a
1101 585 1145 611 se
1179 568 1332 610 factam
1363 569 1498 626 spicas
1519 568 1670 627 legisse
1690 568 1754 610 in—

183 655 402 698 tellexerit.

243 823 345 865 Post
366 821 602 866 inchoatam
626 823 951 866 Mitscherlichii
966 824 1193 866 editionem
1215 822 1357 864 omnia
1379 821 1548 863 Horatii
1568 821 1756 863 carmina

185 921 270 948 uno
289 915 405 947 tomo
426 907 638 965 evulgavit
660 907 725 949 Cl.
745 907 809 949 W
811 907 995 949 etzelius.
1059 905 1272 947 Instructa
1293 912 1357 946 est
1375 903 1468 946 haec
1489 903 1618 946 editio
1639 903 1756 946 Indi-

185 993 315 1043 cibus,
338 994 382 1033 in
403 993 554 1049 quibus
576 1008 642 1035 res
663 994 888 1044 historicae,
911 992 1222 1050 mythologicae‚
1244 990 1542 1049 geographicae
1561 998 1756 1032 accurate

185 1084 226 1117 et
246 1075 469 1134 diligenter
490 1086 751 1128 enarrantur,
776 1077 1084 1133 copiosissimis,
1109 1076 1182 1117 sed
1203 1075 1327 1131 pauci
1347 1074 1524 1116 lectores
1545 1074 1589 1116 in
1610 1089 1756 1116 eorum
1780 1068 1783 1069 ⁷

185 1155 373 1198 subsidio
393 1158 672 1214 acquiescent,
695 1174 772 1200 nec
793 1167 880 1200 tam
902 1174 955 1200 ex
976 1158 1165 1214 subjecta
1185 1157 1375 1198 lectionis
1395 1157 1607 1207 varietate,
1629 1171 1756 1212 quam

184 1253 238 1280 ex
257 1240 495 1294 praepositis
516 1240 666 1296 cuique
699 1240 873 1281 carmini
894 1239 1166 1297 argumentis,
1199 1237 1381 1279 multum
1405 1236 1639 1293 proficient.
1703 1235 1755 1277 In

183 1322 413 1379 probandis
449 1324 560 1364 enim
596 1323 662 1364 vel
694 1323 982 1379 improbandis
1015 1322 1265 1364 lectionibus
1302 1320 1538 1363 VVetzelius
1574 1318 1629 1370 ad
1657 1319 1755 1362 Jani

176 1406 383 1463 judicium
404 1413 446 1447 et
465 1407 753 1447 auctoritatem
786 1407 844 1447 ita
875 1422 918 1447 se
952 1406 1255 1461 attemperavit,
1290 1413 1338 1446 ut
1369 1403 1475 1446 nihil
1507 1403 1595 1446 fere
1625 1417 1681 1445 ex
1711 1418 1755 1444 se

184 1495 277 1549 ipso
296 1493 515 1549 proferret,
548 1501 590 1535 et
610 1493 760 1534 ducem
782 1509 903 1534 suum
926 1501 1052 1550 atque
1073 1493 1323 1550 magistrum
1343 1493 1387 1533 in
1409 1490 1644 1553 deridendo
1665 1498 1756 1540 tan-

185 1586 275 1619 tum
311 1585 352 1618 et
381 1577 635 1633 petulantius
671 1577 890 1618 tractando
933 1577 1100 1634 Magno
1142 1577 1336 1618 Bentleio
1370 1582 1600 1632 superaret.
1664 1573 1756 1615 Nec

124 1708 127 1711 ,
187 1665 451 1721 Argumenta
482 1665 539 1705 ita
559 1673 799 1720 comparata
820 1672 930 1715 sunt,
963 1672 1011 1706 ut
1030 1664 1209 1705 lectores
1240 1663 1339 1705 inde
1371 1663 1423 1704 de
1444 1663 1645 1719 cujusque
1665 1675 1757 1703 car-

186 1747 308 1788 minis
328 1748 464 1802 pretio
485 1755 526 1788 et
546 1748 767 1789 virtutibus
790 1755 902 1790 recte
917 1748 1110 1804 judicare
1132 1747 1306 1795 discant.

246 1914 358 1963 Quae
387 1915 439 1956 de
473 1915 639 1957 Horatii
673 1916 805 1958 MSS.
840 1926 881 1959 et
913 1917 1044 1958 Editt.
1078 1924 1173 1958 cett.
1195 1931 1251 1957 ex
1271 1916 1363 1957 aliis
1384 1915 1638 1957 editionibus
1659 1930 1758 1972 cog-

187 1999 303 2039 nosci
338 2008 526 2053 possunt,
565 2008 606 2041 et
641 2015 737 2041 raro
767 2001 851 2059 legi
882 2001 1031 2052 solent,
1063 2002 1113 2042 iis
1144 2001 1254 2042 hanc
1285 1988 1512 2042 editionem
1542 2014 1696 2057 augere
1716 2006 1758 2040 et

187 2095 362 2122 onerare
398 2081 525 2122 nolui.
588 2082 736 2139 Itaque
772 2084 831 2124 nil
867 2085 947 2126 nisi
979 2084 1119 2126 Vitam
1154 2084 1324 2126 Horatii
1355 2091 1396 2126 et
1427 2082 1680 2125 Doctrinam
1704 2081 1758 2123 de

186 2164 330 2205 metris
355 2163 600 2206 Horatianis
633 2168 970 2221 praemittendam
1003 2169 1156 2209 curavi.
1223 2167 1334 2210 Rem
1364 2166 1522 2210 scilicet
1541 2165 1595 2208 de
1614 2165 1758 2207 metris

191 2246 435 2288 Horatianis
457 2263 568 2289 novo
590 2249 728 2290 studio
749 2257 946 2306 tantaque
977 2240 1207 2308 diligentia,
1241 2250 1425 2293 sollertia
1454 2258 1497 2292 et
1515 2250 1667 2306 peritIa
1685 2264 1759 2291 ex-

188 2330 317 2372 cussit
336 2338 378 2371 et
398 2330 452 2371 ad
473 2332 680 2386 ejusmodi
712 2332 890 2374 formam
921 2334 1083 2392 redegit
1116 2334 1194 2376 Vir
1228 2334 1512 2377 Doctissimus
1546 2341 1588 2376 et
1617 2332 1759 2375 multis

187 2412 427 2454 nominibus
460 2412 563 2453 mihi
597 2412 846 2455 carissimus
881 2414 1089 2470 Sparrius,
1125 2424 1171 2456 ut
1202 2414 1532 2465 communicatis,
1555 2428 1650 2471 quae
1679 2411 1759 2454 hu-

188 2493 427 2535 manissime
462 2493 532 2534 ille
567 2508 732 2535 mecum
765 2494 818 2535 de
853 2496 997 2536 metris
1031 2496 1275 2538 Horatianis
1307 2494 1641 2545 communicavit,
1663 2507 1759 2535 cum

194 2572 363 2614 Horatii
381 2572 624 2624 lectoribus,
647 2573 763 2615 haud
783 2574 980 2631 exiguam
1011 2576 1124 2631 apud
1154 2576 1358 2632 plurimos
1389 2591 1456 2617 me
1484 2575 1662 2634 gratiam
1682 2574 1762 2615 ini-

190 2665 331 2697 turum
353 2671 444 2698 esse
465 2671 560 2698 cum
582 2656 738 2698 fiducia
758 2657 941 2713 quadam
962 2673 1130 2714 sperare
1151 2674 1332 2714 possem.

251 2824 399 2866 Restat
419 2833 466 2867 ut
486 2825 745 2867 Doctissimo
780 2824 1109 2882 Clarissimoque
1143 2826 1430 2882 Philosophiae
1464 2825 1645 2869 Doctori
1677 2824 1761 2867 Ca-

192 2902 284 2944 rolo
308 2903 549 2946 Christiano
572 2903 824 2954 Wendlero,
848 2904 965 2960 cujus
982 2904 1295 2946 accuratissima
1316 2913 1503 2947 veterum
1522 2905 1763 2963 linguarum
