1904 3250
182 177 271 215 470

814 173 1133 216 HORATII·

1598 181 1708 230 [Lm.
1731 192 1766 220 1.

304 301 349 342 Si
371 309 545 357 quaeret,
568 299 671 356 quid
692 313 830 356 agam,
852 299 935 350 dic,
957 299 1091 341 multa
1111 307 1154 342 et
1172 300 1351 356 pulchra
1371 303 1619 353 minantem,

301 372 455 414 Vivere
475 387 555 414 nec
574 379 702 421 recte,
723 385 802 412 nec
824 371 1029 413 suaviter:
1060 371 1176 414 haud
1197 374 1296 429 quia
1314 375 1480 432 grando

245 449 271 487 5
305 444 558 488 Contuderit
577 443 696 494 vites,
718 443 906 486 oleamve
927 445 1204 487 momorderit
1223 454 1364 498 aestus,

303 515 395 557 Nec
416 514 515 571 quia
533 513 776 571 longinquis
798 522 1036 556 armentum
1058 523 1237 572 aegrotet
1256 515 1301 557 in
1321 517 1457 573 agris3

304 588 390 630 Sed
411 587 523 644 quia,
544 594 686 629 mente
706 588 846 629 minus
866 587 1044 639 validus,
1067 603 1194 644 quam
1215 603 1396 644 corpore
1413 597 1519 641 toto,

303 656 377 698 Nil
398 655 547 697 audire
566 655 705 707 velim,
728 656 789 697 nil
809 656 984 707 discere,
1008 657 1123 713 quod
1143 657 1254 699 levet
1274 672 1438 715 aegrum
1449 675 1462 709 3

305 725 422 767 Fidis
443 724 636 767 offendar
655 725 844 777 medicis,
866 726 1024 768 irascar
1045 726 1202 778 amicis,

220 803 271 840 10

305 799 396 840 Cur
416 813 484 840 me
503 797 671 840 funesto
691 808 922 855 properent
942 814 1086 841 arcere
1107 807 1305 850 vetern03

304 868 417 919 Quae
437 884 635 920 nocuere,
659 884 823 926 sequar,
845 869 1018 927 fugiam,
1042 885 1138 926 quae
1159 870 1330 925 profore
1350 871 1520 913 credam
1536 888 1549 912 ε

306 939 458 982 Romae
481 940 620 982 Tibur
641 956 777 983 amem
799 949 1011 992 ventosus,
1036 940 1199 983 Tibure
1223 941 1421 984 Romam.

305 1011 410 1053 Post
428 1011 536 1062 haec,
559 1020 606 1053 ut
626 1011 775 1063 valeat,
798 1027 883 1069 quo
903 1021 1029 1069 pacto
1049 1028 1141 1054 rem
1159 1021 1281 1070 gerat
1302 1021 1345 1054 et
1366 1028 1410 1054 se
1425 1028 1438 1062 ;

250 1101 257 1108 =
306 1080 369 1123 Ut
387 1081 553 1137 placeat
573 1081 740 1132 Juveni,
762 1091 1026 1138 percontare,
1049 1091 1180 1139 utque
1201 1082 1380 1125 cohorti.

221 1155 273 1193 15

307 1152 353 1194 Si
373 1151 497 1202 dicet,
524 1151 681 1202 Recte3
711 1152 898 1208 primum
917 1151 1128 1210 gaudere3
1161 1152 1340 1194 subinde

306 1223 577 1280 Praeceptum
597 1223 795 1264 auriculis
815 1223 899 1265 hoc
918 1223 1122 1265 instillare
1143 1232 1356 1265 memento
1372 1239 1383 1264 :
1403 1217 1405 1219 V

307 1293 372 1336 Ut
391 1303 438 1336 tu
458 1293 686 1344 fortunam,
709 1293 769 1335 sic
788 1308 867 1335 nos
889 1302 945 1345 te,
971 1293 1108 1345 Celse,
1131 1293 1330 1336 feremus.

233 1447 263 1466 v.
284 1434 378 1466 1-3.
402 1434 467 1466 Pro
488 1434 630 1475 simplice
650 1434 853 1475 epistolarum
876 1432 962 1474 apud

190 1479 326 1511 Latinos
357 1478 561 1518 inscfiptione
589 1480 734 1515 salutem,
769 1478 870 1508 utitur
893 1480 962 1520 jam

191 1523 350 1555 Horatius
370 1522 520 1559 formula,
545 1533 643 1563 quam
674 1522 779 1553 Graeci
801 1521 964 1563 praefigere

189 1567 292 1599 solent
306 1565 462 1607 epistolis:
489 1566 602 1608 χαίρειν
623 1567 676 1596 καὶ
700 1565 732 1597 ui
752 1568 901 1607 πράττειν.
919 1584 965 1590 --

189 1613 293 1643 comiti
315 1611 482 1650 scriboeque
504 1611 654 1647 Neronis,
677 1609 710 1639 in
733 1609 886 1640 comitatu
899 1609 965 1639 sive

189 1655 225 1686 in
247 1655 376 1686 cohorte
400 1653 519 1684 Tiberii
536 1653 664 1684 Claudii
680 1652 828 1690 Neronis,
843 1659 914 1683 tum
929 1652 963 1682 in

190 1699 281 1729 terris
310 1696 515 1728 orientalibus
539 1707 614 1727 cum
644 1697 784 1728 exercitu
814 1695 964 1727 versantis

192 1741 272 1783 (vid.
305 1742 413 1773 Wetzel
429 1750 524 1780 supra
538 1740 573 1770 in
591 1741 729 1782 Argum.
747 1739 787 1771 ad
806 1739 909 1779 Epist.
930 1740 961 1770 Ι.

191 1785 255 1827 3.),
278 1791 346 1816 erat
359 1785 459 1815 scriba
474 1786 567 1825 (nos·
594 1783 756 1824 secr-emir)
778 1786 882 1816 Celsus
906 1785 966 1814 Al-

193 1832 378 1862 binovanus.
441 1829 627 1864 minantem,
650 1827 836 1858 molientem
859 1834 891 1857 et
912 1837 966 1857 me

1003 1434 1171 1509 {fficium
1194 1435 1330 1467 Lucana
1343 1441 1443 1466 mutet
1453 1446 1586 1476 pascua,
1602 1436 1643 1467 cf.
1659 1435 1723 1467 Od.
1743 1435 1774 1467 Ι.

1050 1533 1079 1553 v.
1099 1521 1130 1552 7.
1155 1529 1256 1554 mente
1278 1524 1356 1554 min.
1380 1524 1471 1554 volid.
1489 1534 1519 1563 q.
1538 1534 1631 1564 corp„
1649 1524 1778 1554 morbus

1008 1566 1103 1602 enim,
1126 1567 1182 1606 qui
1203 1577 1290 1597 nunc
1311 1573 1440 1596 vocatur
1458 1568 1695 1607 hwochondn’o,
1712 1577 1777 1597 non

1007 1616 1074 1641 tam
1094 1609 1129 1639 iu
1150 1616 1218 1641 toto
1239 1619 1377 1649 corpore,
1392 1619 1489 1651 quam
1503 1609 1609 1650 potius
1622 1609 1656 1640 in
1670 1618 1778 1641 mente

1006 1653 1112 1685 sedem
1128 1663 1217 1684 suam
1232 1654 1337 1684 habet.

1049 1708 1078 1727 v.
1099 1695 1130 1727 7.
1153 1699 1218 1728 Nil
1231 1699 1339 1728 audire
1353 1698 1442 1728 velim
1457 1701 1538 1734 cett,
1554 1707 1626 1738 quae
1640 1707 1780 1738 sequun-

1007 1747 1060 1772 tur
1081 1741 1210 1781 egregie
1230 1740 1397 1781 ingenium
1419 1748 1452 1771 et
1473 1748 1621 1771 naturam
1643 1740 1782 1771 hominis

1009 1786 1267 1827 hypochondrioci
1282 1791 1355 1814 ante
1369 1784 1478 1814 oculos
1492 1790 1626 1834 ponunt.

1052 1839 1081 1858 v.
1101 1827 1216 1869 9seqq.
1231 1845 1275 1852 —
1289 1827 1330 1858 ad
1344 1829 1498 1871 offendor,
1512 1828 1642 1865 imscai·‚
1655 1838 1780 1870 sequar,

191 1872 341 1915 perficere
371 1871 452 1902 velle
476 1871 686 1910 profitentem.
737 1871 823 1907 Quae
847 1870 968 1901 suerint
996 1872 1142 1914 fugiam,
1157 1883 1258 1903 omem
1272 1878 1442 1912 repetezq

192 1919 294 1950 malm
308 1916 365 1947 illa
378 1922 410 1946 et
427 1916 571 1955 pulchra,
590 1916 705 1956 (grata,
714 1913 870 1956 jucunda,
885 1924 966 1953 prae-

193 1960 303 2001 clara‚)
343 1959 459 2000 quibus
490 1958 679 1989 valetudinis
714 1968 808 1988 causa
839 1967 968 1998 operam

192 2007 268 2036 ‘dare
295 2004 378 2035 Hor.
404 2012 470 2033 non
492 2001 606 2042 potuit,
629 2001 700 2042 quis
713 2001 857 2032 divinet?
903 2001 970 2032 Lo-

195 2049 282 2079 cutio
308 2048 426 2079 minari
451 2047 573 2087 aliquid
599 2055 694 2085 supra
719 2046 782 2076 Sat.
811 2045 863 2076 11.
885 2045 917 2076 3.
936 2044 967 2076 9.

197 2094 313 2135 (Atqui
335 2092 442 2122 vultus
463 2097 532 2122 erat
553 2091 654 2121 multa
680 2095 709 2120 et
731 2091 885 2129 pra-clara
910 2091 972 2120 mi-

195 2137 318 2172 nantis)
334 2134 375 2165 ad
398 2134 539 2165 carmina
564 2134 603 2164 ab
631 2133 768 2164 Horatio
791 2139 969 2173 exspectata

194 2179 359 2212 referenda
374 2184 429 2208 est.

241 2233 270 2254 v.
282 2221 381 2253 4-6.
399 2223 485 2253 houd
499 2222 572 2262 quia
585 2222 708 2260 grando
723 2226 810 2257 cett„
822 2230 884 2261 ego
897 2231 969 2251 cru-

196 2268 263 2299 cior
277 2273 395 2303 autem,
413 2275 478 2296 non
494 2270 530 2294 ut
551 2265 682 2295 cruciari
705 2264 807 2295 solent
828 2264 972 2295 homines

198 2311 312 2342 divites
329 2317 360 2341 et
382 2309 478 2347 avari,
501 2307 557 2338 ubi
579 2307 629 2337 vel
655 2307 777 2348 grando
800 2309 878 2338 vites
900 2318 971 2348 per-

199 2355 291 2392 didit,
307 2353 356 2385 vel
371 2352 446 2384 solis
467 2358 562 2382 aestus
577 2351 661 2381 oleas
676 2352 805 2388 exussit,
822 2351 872 2382 vel
886 2361 970 2382 mor-

199 2401 261 2430 bus
275 2403 417 2429 armenta
438 2395 578 2431 tentavit,
602 2395 658 2425 sed
680 2405 770 2425 mens
791 2405 862 2426 mea
887 2395 972 2426 male

199 2454 234 2474 se
247 2443 341 2473 habet
355 2447 387 2471 et
401 2439 486 2470 malo
500 2445 624 2477 torpore
639 2438 836 2478 deprimitur.
874 2451 972 2480 gron-

200 2489 238 2518 do
263 2482 514 2527 (χαλαζοκοιτία)
541 2484 731 2518 amuclero,
754 2483 969 2513 verberaverit.

202 2531 306 2569 Supra
337 2527 401 2558 Od.
432 2526 506 2557 ΙΙΙ.
537 2524 647 2556 1.29.
690 2529 768 2558 Non
805 2527 974 2558 verber-acce

204 2571 404 2616 (sollicitant)
432 2572 590 2611 grandine
618 2571 725 2601 zineae.
815 2572 968 2601 momord-

201 2623 307 2653 aestus,
333 2633 378 2641 —
402 2616 551 2651 mordere,
588 2623 666 2653 pro.
706 2623 806 2648 urere,
838 2619 902 2643 tam
932 2613 974 2644 de

201 2662 319 2702 frigore
342 2660 451 2701 (supra
482 2658 546 2689 Sat.
574 2657 624 2688 II.
650 2656 681 2687 6.
714 2655 767 2687 45.
808 2658 972 2688 Matutina

197 2715 317 2754 paru-nt
332 2709 438 2734 cautos
449 2702 524 2743 jam
534 2701 661 2744 frigora
675 2702 829 2732 mordent.
836 2699 861 2741 ),
876 2710 974 2741 quam

203 2748 243 2779 de
259 2746 358 2777 nimio
373 2746 446 2776 solis
459 2745 572 2777 calore.

247 2801 278 2822 v.
290 2790 322 2821 6
337 2793 472 2832 longinq.
491 2791 526 2821 in
540 2790 634 2829 agris,
652 2788 871 2819 Romanorum
887 2787 973 2818 enim

203 2834 356 2866 beatiores
391 2841 535 2864 armenta
562 2832 596 2863 in
626 2831 753 2863 remotis
781 2831 975 2872 regionibus,

205 2878 363 2918 praecipue
385 2877 419 2908 in
438 2876 583 2909 CalabrIa
597 2881 628 2907 et
643 2874 798 2912 Lucania,
814 2874 869 2906 ubi
884 2881 974 2905 erant

204 2924 288 2952 bona
309 2931 433 2961 pascua,
457 2921 540 2952 alere
561 2920 724 2957 solebant3
746 2928 841 2959 supra
862 2918 969 2959 Epod.

208 2963 237 2995 1.
269 2964 322 3002 27,
351 2965 406 2997 28.
454 2967 594 2998 Pecusve
622 2964 761 2997 Calabris
787 2967 863 2995 ante
887 2964 972 2995 sidus

1054 1926 1082 1945 v.
1105 1913 1154 1945 10.
1183 1918 1257 1952 Cur,
1272 1915 1354 1951 ideo,
1369 1914 1465 1956 quod.
1468 1882 1570 1945 ιαΡΙίιι.
1587 1914 1690 1955 Epist.
1706 1913 1781 1946 111.

1011 1958 1044 1990 5.
1069 1961 1198 2000 Repeto,
1221 1970 1271 1990 me
1293 1966 1467 1999 correptum
1488 1960 1525 1990 ab
1538 1970 1582 1996 eo,
1597 1970 1659 1990 cur
1671 1959 1784 1991 ombu-

1013 2006 1121 2034 larem.
1168 2002 1244 2033 Alia
1258 2002 1404 2042 exempla
1416 2011 1456 2033 ex
1474 2002 1627 2034 cicemne
1641 2008 1674 2033 et
1687 2002 1784 2034 Livio

1014 2046 1143 2088 collegit
1157 2047 1342 2078 Lambinus.
1411 2046 1546 2088 fine-sto
1564 2052 1697 2084 veterno,
1712 2056 1782 2087 per·

1014 2091 1135 2121 nicioso
1149 2090 1263 2120 mentis
1277 2097 1412 2130 torpore,
1426 2089 1591 2131 languore.

1054 2145 1084 2165 v.
1117 2132 1168 2164 12.
1193 2140 1344 2171 ventosus,
1373 2133 1459 2164 venti
1487 2134 1584 2163 instar
1610 2132 1782 2170 mutabilis,

1011 2177 1202 2215 inconstans,
1225 2178 1340 2208 varius.
1385 2176 1437 2208 Sic
1457 2169 1539 2208 infra
1561 2175 1664 2216 Epist.
1691 2176 1721 2207 I.
1751 2175 1784 2208 9.

1014 2220 1068 2253 37.
1089 2223 1173 2263 plebs
1187 2227 1320 2253 ventosa.

1057 2276 1087 2296 v.
1108 2263 1159 2296 13.
1184 2277 1252 2296 rem
1271 2270 1372 2305 gerat,
1395 2270 1435 2295 ut
1454 2262 1554 2295 scriba
1573 2261 1659 2303 apud
1679 2262 1783 2294 Nero-

1014 2319 1100 2347 nem,
1115 2315 1144 2340 et
1157 2320 1198 2346 se,
1214 2315 1246 2339 et
1259 2308 1337 2350 quid
1351 2317 1456 2339 rerum
1471 2307 1539 2347 ipse
1551 2312 1650 2348 gerat.

1058 2363 1087 2383 v.
1109 2350 1159 2383 14.
1185 2353 1312 2389 Juvem',
1331 2351 1402 2383 Tib.
1423 2350 1472 2382 Cl.
1493 2350 1626 2381 Neroni.

1058 2407 1088 2426 v.
1122 2395 1171 2427 17.
1212 2398 1254 2427 Ut
1282 2402 1319 2426 m
1335 2395 1419 2437 sort.
1449 2399 1536 2431 cett,
1565 2392 1704 2430 Qualem
1733 2399 1782 2433 tu,

1019 2439 1121 2483 Celse,
1143 2440 1178 2470 in
1199 2439 1337 2473 fortuna.
1359 2448 1432 2479 quae
1453 2437 1511 2468 tibi
1539 2447 1626 2468 nunc
1653 2436 1783 2475 arridet,

1017 2494 1093 2525 erga
1113 2494 1172 2514 nos
1194 2481 1353 2522 praebebis,
1376 2481 1455 2512 tales
1475 2490 1551 2522 erga
1571 2487 1604 2512 te
1625 2490 1684 2511 nos
1704 2491 1786 2520 prae-

1014 2528 1180 2565 bebimus,
1210 2526 1237 2556 si
1258 2535 1322 2563 me,
1351 2531 1488 2556 veterem
1515 2530 1610 2555 tuum
1631 2524 1782 2562 amicum,

1014 2577 1166 2610 praesente
1187 2577 1243 2600 tua
1263 2569 1401 2606 fortuna,
1422 2575 1461 2599 ut
1473 2576 1576 2606 antea,
1592 2568 1722 2624 amabis,
1737 2567 1784 2598 vi-

1016 2614 1119 2645 ciwim
1134 2623 1194 2655 ego
1207 2620 1240 2644 te
1253 2613 1376 2643 amabo.

1234 2698 1481 2731 EPISTOLA
1503 2698 1574 2730 IX.

1178 2786 1233 2818 An
1249 2785 1433 2818 Cunnum
1449 2785 1650 2818 Naum..-

1061 2873 1226 2909 Horatius,
1259 2873 1340 2904 dum
1374 2872 1513 2904 amicum
1542 2883 1650 2910 suum,
1683 2871 1787 2912 septi-

1015 2918 1128 2955 mium,
1154 2924 1192 2948 ut
1220 2915 1324 2948 virum
1353 2917 1466 2948 fortem
1494 2919 1677 2958 bonumque
1708 2916 1781 2948 Tib.

1019 2962 1131 2995 Claud.
1148 2960 1286 2993 Neronis
1299 2960 1399 2992 favori
1413 2967 1446 2993 et
1459 2959 1687 2994 benevolentia
1695 2969 1786 2992 omn-
