1904 3250
441 531 745 580 METRA
805 526 1194 577 HORATII
1250 525 1604 596 LYRICA.

812 891 1232 930 PROOEMIUM.

238 1029 422 1085 METRA,
453 1039 595 1091 quibus
626 1039 810 1078 Horatius
839 1039 880 1076 in
908 1039 992 1077 odis
1019 1053 1112 1077 usus
1140 1045 1209 1084 est,
1230 1036 1451 1076 exhibituro
1469 1035 1567 1073 mihi
1585 1034 1715 1073 visum
1733 1041 1803 1080 est,

236 1108 481 1158 quorundam
500 1108 551 1146 ad
569 1122 651 1146 rem
673 1108 872 1146 metricam
891 1107 1172 1159 pertinentium
1200 1104 1481 1144 vocabulorum
1498 1103 1670 1142 tironum
1697 1116 1805 1141 max-

232 1175 309 1214 ime
337 1188 451 1213 causa
477 1176 712 1226 praemittere
737 1177 895 1214 brevem
923 1174 1231 1226 explicationem,
1251 1172 1401 1212 omissis
1429 1185 1517 1223 quae
1544 1170 1695 1209 notiora
1722 1184 1804 1209 esse

235 1243 370 1282 solent.
428 1244 475 1281 In
506 1245 611 1295 quod
649 1244 820 1283 studium
854 1244 885 1282 si
916 1244 979 1282 cui
1011 1243 1126 1282 altius
1158 1249 1362 1294 penetrare
1390 1241 1432 1278 in
1457 1239 1587 1278 animo
1614 1239 1675 1285 sit,
1705 1239 1804 1277 duce

234 1315 367 1347 utatur
385 1309 619 1360 peritissimo
641 1309 863 1348 Godofredo
892 1309 1120 1348 Hermanno
1139 1308 1188 1345 V.
1210 1307 1269 1348 Cl.
1299 1305 1547 1358 (Handbuch
1565 1305 1635 1343 der
1655 1305 1805 1344 Metrik

236 1372 372 1423 Leipz.
396 1376 530 1425 1799.)

289 1437 435 1477 Versus
454 1439 637 1478 iambicos
659 1448 698 1478 et
715 1439 928 1478 trochaicos
959 1437 1213 1477 Grammatici
1241 1436 1473 1488 plerumque
1497 1434 1666 1487 dipodiis
1695 1435 1804 1486 (διπο-

236 1507 341 1558 ὃίαις)
361 1506 399 1544 h.
419 1520 451 1544 e.
479 1507 660 1546 binorum
677 1508 825 1558 pedum
844 1508 1015 1546 seriebus
1037 1508 1087 1558 (υ
1100 1542 1125 1547 -
1143 1529 1173 1548 υ
1192 1541 1218 1546 -
1236 1512 1304 1544 aut
1324 1527 1392 1546 -υ
1406 1539 1432 1544 -
1450 1505 1499 1555 υ)
1521 1503 1747 1548 metiuntur,
1767 1510 1806 1542 et

235 1584 390 1609 versum
411 1571 577 1610 duarum
591 1572 837 1623 dipodiarum
856 1586 884 1610 s.
906 1586 954 1610 ex
974 1579 1139 1623 quatuor
1157 1570 1324 1622 pedibus
1344 1576 1583 1608 constantem
1601 1567 1805 1615 dimetrum,

235 1635 414 1674 —tribus
434 1637 600 1687 dipodiis
620 1651 648 1675 s.
669 1650 734 1675 sex
751 1637 918 1688 pedibus
938 1644 1204 1676 constructum
1232 1635 1434 1673 trimetrum
1455 1643 1604 1674 vocant.
1659 1634 1806 1674 Versus

236 1702 340 1740 enim
367 1703 521 1742 iambici
540 1718 628 1743 cum
656 1705 697 1742 in
723 1704 817 1743 locis
844 1705 1057 1756 imparibus
1078 1704 1235 1756 (primo,
1254 1703 1369 1742 tertio
1387 1705 1480 1753 cet.)
1499 1716 1544 1741 ac
1562 1702 1746 1741 trochaici
1764 1703 1806 1740 in

235 1769 395 1820 paribus
429 1771 630 1820 (secundo,
660 1773 815 1823 quarto)
849 1771 1065 1822 spondeum
1093 1771 1235 1809 habere
1271 1771 1432 1822 possint,
1464 1769 1671 1822 rhythmus
1702 1769 1808 1808 idem

235 1845 325 1889 post
343 1837 515 1889 singulas
533 1839 691 1877 demum
711 1839 888 1891 dipodias
905 1840 1016 1878 redit.
1038 1865 1092 1872 -—
1111 1839 1180 1878 Sin
1198 1853 1290 1879 vero
1309 1841 1359 1879 de
1379 1839 1593 1891 dactylicis,
1613 1837 1803 1877 choriam-

236 1903 334 1942 bicis
380 1911 673 1956 ceterorumque
718 1919 907 1956 generum
941 1906 1118 1945 versibus
1156 1907 1346 1958 (exceptis
1383 1913 1514 1945 tamen
1550 1903 1804 1956 anapaesticis,

238 1981 406 2019 quorum
437 1978 560 2007 metra
591 1970 706 2007 etiam
742 1970 838 2007 κατὰ
877 1971 1022 2008 διποδίαν
1059 1970 1349 2022 dispescuntur)
1389 1984 1514 2009 sermo
1549 1976 1619 2016 est,
1656 1968 1807 2007 dimeter

237 2033 454 2085 appellatur
481 2034 546 2086 qui
583 2035 950 2074 duobus—trimeter
985 2036 1054 2087 qui
1082 2037 1207 2075 tribus
1244 2036 1464 2075 continetur
1503 2034 1670 2086 pedibus
1712 2034 1805 2072 sim-

234 2098 414 2150 plicibus.

293 2165 438 2204 Versus
467 2167 663 2205 catalectus
692 2169 828 2220 (στίχος
857 2171 1099 2222 κατάληκτος)
1129 2176 1187 2208 est
1223 2169 1336 2221 cujus
1367 2168 1460 2220 pedi
1491 2168 1628 2206 ultimo
1660 2167 1807 2219 syllaba

236 2231 355 2269 deest.
389 2232 514 2282 (num.
535 2233 590 2283 3.)
648 2232 689 2270 Si
717 2234 809 2284 pedi
839 2241 906 2272 aut
941 2234 1142 2286 trisyllabo
1168 2242 1247 2273 aut-
1262 2233 1510 2286 tetrasyllabo
1538 2233 1627 2272 duae
1646 2233 1804 2285 syllabae

238 2295 391 2341 desunt,
428 2310 558 2335 versus
586 2298 715 2337 existit
742 2299 1069 2339 catalectus—-aut
1097 2301 1138 2339 in
1165 2300 1354 2352 syllabam
1381 2307 1448 2338 aut
1484 2299 1525 2337 in
1556 2299 1803 2350 disyllabum.

237 2362 362 2412 (num.
384 2367 406 2405 7
431 2369 470 2400 et
494 2365 573 2413 14.)

291 2427 437 2466 Versus
465 2428 802 2480 brachycatalectus
829 2439 886 2470 est
905 2433 967 2471 cui
987 2447 1055 2483 pes
1074 2434 1224 2484 integer
1244 2432 1351 2471 deest
1371 2431 1498 2482 (num.
1521 2432 1575 2483 1.)
1589 2446 1602 2477 ;
1630 2444 1710 2469 non
1727 2431 1803 2469 nisi

236 2493 391 2531 iambici
409 2501 448 2531 et
466 2493 649 2532 trochaici
669 2508 801 2533 versus
819 2497 1142 2548 brachycatalecti
1162 2505 1262 2536 sunt.

290 2560 435 2599 Versus
470 2561 694 2599 acatalectus
721 2570 778 2600 est
806 2563 846 2600 in
874 2565 985 2615 cujus
1008 2565 1147 2604 ultimo
1173 2573 1298 2604 metro
1334 2564 1429 2603 nihil
1463 2564 1515 2603 ad
1541 2555 1802 2615 integritatem

237 2627 356 2672 deest,
375 2639 499 2680 neque
519 2627 734 2678 quidquam
752 2629 935 2667 abundat.
956 2631 1080 2680 (num.
1104 2632 1160 2682 4.)

288 2694 433 2733 Versus
460 2694 784 2746 hypercatalectus,
805 2696 844 2732 in
865 2709 942 2746 quo
961 2711 1037 2735 una
1057 2699 1096 2736 in
1115 2699 1191 2737 fine
1209 2698 1357 2750 syllaba
1374 2697 1557 2736 abundat.
1597 2697 1722 2747 (num.
1743 2695 1800 2747 6.)

290 2762 406 2800 Basis
425 2770 482 2801 est
499 2776 568 2813 pes
587 2762 752 2800 duarum
772 2771 838 2801 aut
857 2764 974 2801 trium
997 2765 1233 2816 syllabarum
1254 2781 1277 2804 a
1304 2766 1446 2817 quibus
1474 2777 1607 2803 versus
1639 2762 1800 2815 quidam

236 2833 445 2878 exorditur,
473 2841 681 2885 antequam
709 2833 824 2871 series
843 2834 989 2884 pedum
1009 2836 1134 2873 versui
1155 2836 1211 2873 illi
1231 2837 1476 2888 propriorum
1497 2834 1642 2886 incipit.
1674 2834 1803 2884 (num.

235 2895 370 2948 6-9.)
