1904 3250
786 103 1064 136 PRAEFA'rro.
1263 81 1270 89 ’
1651 120 1712 147 Π

114 230 267 266 ·aetate
285 222 430 274 multa,
452 223 579 264 immo
613 221 737 278 plura
768 221 957 272 fortasse,
991 236 1117 278 quam
1149 236 1256 278 opus
1287 229 1391 273 erat,
1425 221 1602 264 contulit
1633 222 1711 264 Vir

144 307 475 359 Eruditissimus,
496 308 763 362 Heindorfius
778 331 793 354 ,·
826 323 852 349 a
871 308 989 364 cujus
1009 307 1089 348 viri
1108 315 1247 349 tamen
1268 307 1515 349 auctoritate
1534 323 1603 350 me
1622 323 1709 350 non

142 391 347 434 serviliter
365 392 527 434 stetisse
546 399 590 432 et
606 390 871 447 pependisse,
891 390 1007 433 haud
1035 406 1183 447 pauca,
1215 391 1288 433 ubi
1317 392 1372 434 ab
1406 407 1458 434 eo
1493 392 1708 443 dissentio,

142 476 242 518 satis
274 475 502 520 declarant.
516 504 578 512 —
592 477 782 520 Multum
810 477 998 535 praesidii
1031 477 1086 519 ad
1122 476 1291 519 Horatii
1322 477 1710 534 interpretationem

143 556 341 601 Editione
372 558 523 601 Romae
561 563 617 616 (a.
654 559 798 613 1811.)
836 576 863 602 a
891 561 979 602 Fea
1012 559 1207 617 evulgata
1240 567 1283 602 et
1312 559 1455 601 multis
1485 562 1710 616 praeconiis

139 641 432 684 commendata
463 657 531 684 me
565 651 787 685 nacturum
826 657 917 684 esse
957 657 1245 698 speraveram;
1276 642 1351 684 sed
1386 642 1480 685 haec
1515 659 1611 700 spes
1640 658 1710 685 me

137 724 295 768 fefellit.
355 724 469 769 Nam
506 737 662 783 praeter
701 729 912 786 ingentem
953 711 1180 769 lectionum
1219 742 1244 769 e
1282 726 1425 769 multis
1477 727 1708 770 Codicibus

128 810 443 868 ¹descriptarum
483 822 526 855 et
574 822 867 872 congestarum
907 813 1160 870 farraginem
1202 828 1352 869 pauca,
1402 829 1499 870 quae
1541 813 1711 856 Horatii

137 891 342 934 editorem
374 893 523 949 juvare
556 894 731 950 possint,
766 892 894 935 habet
925 892 998 934 illa
1038 891 1195 934 Editio.
1257 890 1350 937 Nec
1384 908 1535 948 parum
1574 893 1619 935 in
1659 909 1710 935 ea

137 966 315 1017 offe'ndit
351 976 555 1018 acerbitas
594 983 637 1018 et
674 975 918 1033 petulantia,
959 991 1043 1032 qua
1077 976 1164 1017 Fea
1194 974 1367 1017 insultat
1395 975 1483 1017 fere
1512 977 1709 1026 Bentleio,

138 1073 265 1115 quem
298 1067 438 1102 tamen
470 1059 597 1117 longe
628 1059 748 1100 illum
782 1067 869 1101 tam
900 1059 1105 1100 doctrinae
1138 1059 1272 1114 copia,
1304 1074 1431 1115 quam
1451 1059 1710 1100 accuratiore

141 1143 306 1187 Latinae
323 1145 480 1203 linguae
500 1146 673 1187 scientia
691 1161 904 1202 superare,
926 1146 1020 1202 quis
1041 1153 1117 1196 est,
1140 1146 1213 1202 qui
1232 1160 1319 1187 non
1339 1145 1545 1203 intelligat
1559 1144 1580 1187 Ρ

195 1310 362 1354 Indices
376 1311 608 1354 Nominum
623 1321 666 1354 et
681 1311 922 1354 Verborum
942 1327 1098 1370 magna
1117 1311 1337 1369 diligentia
1355 1326 1423 1352 me
1443 1311 1710 1353 moderatore

137 1393 408 1437 confecerunt
426 1403 513 1438 tres
532 1395 587 1438 ad
606 1395 776 1439 laudem
795 1395 999 1437 doctrinae
1019 1394 1326 1437 efflorescentes
1349 1396 1540 1451 juvenes,
1574 1394 1710 1436 Classi

138 1477 315 1521 Selectae
332 1479 378 1520 in
399 1479 633 1536 Gymnasio
652 1486 798 1521 nostro
818 1478 1031 1534 adscripti,
1057 1479 1230 1520 Carolus
1250 1478 1459 1519 Mathoeus
1487 1478 1707 1531 Bamberq,

138 1565 364 1607 Eduwdus
403 1566 610 1607 Reibstein
640 1573 683 1607 et
711 1567 852 1609 Julius
886 1567 1027 1607 Frank
1041 1589 1056 1612 ,·
1091 1565 1209 1621 prior
1249 1565 1420 1622 quidem
1461 1564 1707 1615 Nominum,

134 1651 388 1707 posteriores
428 1651 670 1693 Verborum
710 1651 913 1693 Iudicem.
976 1651 1187 1694 Fecerunt
1225 1659 1366 1693 autem
1396 1650 1499 1693 dicti
1531 1651 1709 1706 juvenes

129 1736 220 1792 Jam
238 1736 443 1794 ejusmodi
462 1737 506 1778 in
525 1737 733 1778 bonarum
752 1737 987 1779 litterarum
1008 1737 1156 1779 studiis
1176 1751 1440 1794 progressus,
1461 1744 1510 1778 ut
1529 1751 1602 1778 eos
1632 1751 1710 1777 suo

137 1825 326 1873 tempore
343 1819 494 1860 merita
511 1818 637 1860 laude
656 1827 826 1860 ornatos
847 1829 890 1861 et
908 1819 1014 1862 rude
1044 1819 1222 1861 donatos
1257 1835 1281 1861 e
1310 1818 1414 1860 ludo
1445 1826 1592 1860 nostro
1624 1818 1710 1860 dis-

137 1911 329 1938 cessuros
348 1913 440 1939 esse
458 1912 546 1939 non
560 1905 648 1939 tam
668 1913 898 1954 speremus,
921 1913 1048 1955 quam
1069 1898 1343 1940 confidamus.

198 2055 414 2098 Caeterum
432 2056 533 2106 noli,
554 2071 711 2113 quaeso,
736 2055 1049 2098 Humanissime
1070 2057 1239 2107 Lector,
1261 2066 1446 2113 peccata,
1469 2057 1621 2114 quibus
1634 2057 1710 2099 ob-

15 2120 17 2123 v
45 2159 50 2163 -
136 2141 264 2183 noxia
302 2149 366 2183 oet
394 2141 581 2183 humana
613 2141 888 2192 imbecillitas,
922 2142 1054 2184 oculis
1093 2142 1252 2200 lynceis
1288 2144 1444 2194 rimari,
1486 2143 1707 2199 speculari,

135 2223 386 2281 investigare
405 2231 447 2264 et
466 2223 713 2281 investigata
731 2232 870 2266 mente
890 2225 1035 2281 iniqua
1053 2225 1268 2282 exagitare
1286 2224 1297 2268 ἔ
1343 2227 1531 2267 Ρωεαείε
1549 2229 1708 2267 vem'am

0 2299 65 2355 “.’
130 2311 659 2364 mumdaresasest.

254 2442 424 2494 Gothae,
445 2459 590 2486 mense
609 2444 783 2487 Januar.
806 2443 1208 2487 MDCCCXXIV.

1371 2572 1677 2617 DOERING.
