1904 3250
227 198 303 236 170

841 192 1144 235 HORATII

1574 198 1680 246 [Lm.
1702 207 1771 235 111.

772 387 1038 430 CARMEN
1079 387 1229 431 XVII.

742 537 810 569 AD
835 537 1008 568 AELIUM
1031 537 1245 568 LAMIAM.

333 673 454 722 ΖΕΗ,
478 677 638 712 vetusto
658 669 807 711 nobilis
829 670 882 712 ab
904 670 1050 720 Lamo,

338 744 522 795 Quando
541 752 583 786 et
603 744 763 800 priores
784 743 883 786 hinc
904 743 1072 785 Lamias
1094 742 1231 784 ferunt

453 816 772 867 Denor'ninatos,
795 823 837 857 et
856 824 1056 871 nepotum

569 885 654 927 Per
674 890 879 927 memOres
899 900 1031 943 genus
1053 900 1175 926 omne
1195 884 1324 927 fastus

282 962 307 999 5
339 958 524 999 Auctore
545 957 598 998 ab
619 956 691 997 illo
711 956 826 997 ducit
846 956 1064 1012 originem,

339 1028 425 1078 Qui
449 1029 712 1070 Formiarum
731 1027 886 1068 moenia
906 1026 1057 1068 dicitur

458 1098 659 1153 Princeps
681 1104 722 1138 et
741 1097 955 1138 innantem
978 1096 1153 1138 Maricae

572 1170 787 1212 Litoribus
809 1169 990 1211 tenuisse
1012 1168 1159 1219 Lirim,

341 1244 447 1286 Late
466 1250 690 1301 tyrannus:
723 1256 813 1284 cras
833 1241 942 1283 foliis
962 1257 1107 1284 nemus

262 1320 311 1358 10
343 1314 493 1361 Multis
514 1321 557 1355 et
575 1312 671 1370 alga
690 1311 786 1353 litus
807 1310 943 1353 inutili

457 1383 652 1426 Demissa
671 1389 893 1438 tempestas
913 1381 967 1423 ab
990 1381 1106 1422 Euro

575 1456 753 1505 Sternet,
777 1470 896 1511 aquae
916 1454 997 1495 nisi
1016 1453 1120 1496 fallit
1141 1471 1276 1514 augur

369 1611 374 1617 ’
422 1606 633 1639 CARMEN
657 1605 778 1637 XVII.

271 1694 434 1730 Horatius,
450 1694 582 1725 cornicis
599 1694 734 1734 augurio
754 1693 794 1724 de
815 1691 984 1732 procellosa

226 1745 408 1778 tempestate
446 1744 605 1778 posterum
643 1738 726 1768 diem
766 1736 985 1767 contristatura

225 1783 373 1819 monitus,
391 1782 512 1813 Lamiae
534 1792 601 1819 suo,
624 1787 660 1812 ut
682 1781 771 1811 illum
795 1780 880 1811 diem
905 1779 985 1810 laetis

226 1826 327 1866 epulis
349 1826 510 1867 transigat,
532 1831 640 1856 auctor
654 1824 770 1855 existit.
819 1823 930 1854 Subito
952 1830 984 1853 et

225 1870 293 1901 sine
307 1869 394 1900 omni
408 1869 482 1900 artis
494 1868 598 1899 studio
612 1869 671 1899 hoc
685 1877 810 1899 carmen
825 1877 844 1897 a
869 1867 984 1898 Nostro

226 1920 388 1944 exaratum
402 1923 477 1949 esse,
492 1919 557 1943 tam
579 1922 638 1950 res,
652 1921 747 1953 quam
763 1911 830 1952 ejus
844 1910 987 1947 brevitas,

226 1956 300 1988 satis
320 1957 419 1987 docet.
468 1955 686 1987 Nihilominus
706 1954 804 1990 fuere,
820 1955 883 1995 qui,
899 1955 988 1995 quasi

227 2000 336 2031 datum
351 2000 407 2031 sibi
430 2006 518 2036 esset,
547 1999 602 2030 ubi
628 1997 800 2030 doctrinam
826 2008 916 2029 suam
937 2008 987 2029 os-

227 2050 346 2075 tentare
367 2050 501 2083 possent,
523 2042 620 2074 severi
641 2042 776 2073 censoris
797 2042 830 2072 in
853 2052 890 2072 eo
905 2041 988 2083 diju-

227 2086 361 2118 dicando
382 2097 543 2126 personam
566 2086 742 2117 induerent.
791 2085 902 2127 Itaque
924 2095 989 2115 non

227 2130 330 2162 solum
344 2130 519 2167 exordium,
535 2140 590 2170 per
604 2137 676 2161 octo
691 2140 797 2160 versus
811 2130 851 2159 de
868 2129 988 2160 Lamiae

227 2184 342 2216 genere
371 2181 571 2213 protractum,
600 2179 636 2204 ut
661 2173 799 2204 alienum
827 2174 867 2204 ab
895 2173 990 2213 hujus

227 2217 374 2249 carminis
402 2224 588 2258 argumento
623 2217 757 2259 graviter
784 2215 989 2256 reprehende-

228 2267 312 2299 runt,
335 2260 389 2291 sed
410 2267 544 2301 quatuor
566 2271 671 2291 versus
699 2259 777 2291 adeo
807 2259 925 2303 (2—5)
954 2267 991 2290 ut

228 2304 379 2341 inficetos,
409 2304 589 2335 invenustos
618 2311 650 2334 et
693 2304 817 2335 Horatii
861 2303 990 2345 ingenio

228 2347 375 2391 indignos
396 2345 489 2386 plane
514 2347 681 2388 ejiciendos
702 2358 768 2378 esse
789 2353 986 2378 censuerunt.

233 2391 295 2424 Sed
315 2390 390 2423 boni
418 2390 463 2421 illi
488 2391 513 2422 si
536 2391 731 2432 cogitassent,
754 2397 888 2431 poetam,
911 2401 989 2431 qun-

231 2445 355 2478 eunque
387 2434 514 2465 tandem
543 2445 583 2465 ex
612 2445 706 2465 causa
734 2441 921 2474 permotum,
951 2444 990 2464 eo

231 2479 300 2519 ipso
327 2478 406 2510 forte
441 2477 578 2513 oonsilio,
612 2486 649 2508 ut
681 2483 835 2508 vetustam
868 2478 989 2508 Lamiae

232 2527 360 2564 gentem
387 2521 564 2557 celebraret,
595 2521 654 2551 hoc
675 2531 802 2551 carmen
823 2521 989 2560 scripsisse,

231 2564 374 2608 gentium
399 2571 505 2596 autem
529 2564 659 2606 originis
682 2563 874 2595 deducendae
896 2565 990 2594 ratio-

232 2619 306 2640 nem
320 2608 404 2640 haud
424 2608 571 2640 orationis
596 2607 818 2638 sublimitatem
839 2615 871 2639 et
898 2618 988 2638 orna-

233 2659 303 2684 tum
316 2651 489 2690 admittere,
504 2652 597 2693 longe
611 2650 701 2682 aliter
724 2650 763 2681 de
785 2650 841 2682 illo
851 2650 989 2692 judicas-

233 2703 311 2727 sent.
377 2695 430 2728 De
458 2697 542 2728 AElio
571 2696 686 2726 Lamia
716 2693 755 2725 cf.
786 2697 920 2736 Argum.
952 2695 992 2727 ad

278 2794 306 2814 v.
329 2782 422 2814 1-9.
445 2789 560 2815 vetusto
573 2783 611 2814 ab
627 2783 739 2817 Lamo,
754 2781 899 2825 'Neptuni
915 2781 991 2819 filio,

233 2827 449 2868 antiquissimo
465 2827 713 2867 Laestrygouum‚
727 2825 835 2864 populi
851 2825 883 2854 in
901 2825 995 2856 Cam-

235 2870 336 2909 pania,
351 2881 446 2912 rege3
470 2871 569 2902 Hom.
589 2868 703 2909 Odyss-
724 2867 836 2909 x.‚81.
861 2872 994 2909 quando,

236 2913 402 2954 siquidem,
433 2911 697 2956 quandoquidem,
726 2917 764 2942 ut
799 2922 880 2951 saepe
910 2913 996 2952 apud

238 2956 400 2988 Nostrum.
484 2959 610 2999 priores,
635 2955 737 2998 gentis
760 2962 823 2996 ωε
847 2956 986 2997 majores

236 3001 307 3031 hinc
324 3002 451 3033 Lamias
466 3003 681 3037 denominatos,
706 3010 724 3030 a
748 2996 849 3031 Laino
865 2998 991 3030 Lamias

1028 1604 1219 1644 appellatos;
1241 1605 1303 1636 fuit
1323 1605 1407 1636 enim
1428 1607 1512 1647 apud
1541 1608 1701 1642 Romanos
1724 1611 1784 1642 hoc

1029 1648 1198 1679 nobilitatis
1219 1649 1367 1685 studium,
1383 1656 1420 1681 ut
1436 1661 1456 1682 a
1469 1653 1614 1689 nominis,
1631 1664 1695 1694 quo
1715 1655 1786 1695 quis

1025 1692 1208 1732 antiquitus,
1223 1694 1379 1734 praecipue
1400 1694 1435 1724 in
1455 1695 1538 1726 bello
1564 1696 1710 1738 Trojano,
1736 1698 1785 1728 in-

1026 1735 1148 1776 signem
1170 1736 1302 1777 gloriam
1324 1744 1508 1769 consecutus
1531 1739 1648 1776 fuisset,
1670 1740 1784 1772 simili-

1029 1779 1139 1809 tudine
1178 1780 1280 1821 gentis
1315 1791 1381 1811 suae
1411 1781 1566 1823 originem
1593 1790 1784 1824 repeterent;

1029 1822 1091 1852 vid.
1112 1822 1201 1864 Virg.
1222 1823 1298 1854 AEn.
1319 1824 1360 1855 V.
1381 1822 1558 1857 117-123.
1641 1838 1699 1868 per
1722 1839 1787 1860 me-

1029 1867 1484 1942 ῖᾞῑίῖῑεᾞῖωώᾞ
1499 1868 1534 1944 ³¹:
1546 1869 1788 1946 varis?

1030 1960 1162 1993 utraque
1175 1953 1276 1984 forma
1285 1955 1396 1998 fastus
1409 1962 1440 1987 et
1448 1923 1534 1997 Ῑαῗεί
1548 1924 1608 1988 iiid-
1626 1925 1788 1990 Drak’enbe

1030 1996 1072 2027 ad
1096 1996 1150 2027 Sil.
1174 1997 1246 2028 Ital.
1266 1997 1316 2029 11.
1339 1997 1387 2030 10.
1413 2010 1570 2037 memores,
1593 2010 1697 2032 rernm
1721 2011 1788 2032 me-

1030 2039 1161 2071 moriam
1183 2050 1398 2082 propagantoe,
1421 2049 1458 2074 ut
1470 2043 1544 2075 infr.
1563 2044 1624 2076 IV.
1645 2043 1695 2076 14.
1707 2043 1741 2076 4-
1756 2052 1790 2076 et

1031 2084 1075 2115 sic
1096 2096 1214 2116 memor
1214 2086 1312 2126 fama
1326 2086 1411 2126 apud
1428 2086 1521 2118 Ovid.
1539 2087 1622 2119 Fnst.
1642 2089 1692 2120 11.
1709 2087 1795 2120 380..

1031 2133 1063 2158 et
1101 2139 1248 2159 memores
1283 2131 1399 2166 tabellae
1426 2129 1512 2170 apud
1538 2131 1676 2162 eundem
1703 2132 1785 2163 Met.

1034 2171 1139 2202 VIII.
1158 2169 1230 2203 744.
1244 2172 1284 2203 cf.
1303 2184 1388 2214 supr.
1406 2173 1436 2204 I.
1455 2171 1599 2209 13.,12.,
1629 2176 1680 2206 illo
1705 2176 1736 2206 h.
1761 2186 1790 2207 e.

1032 2221 1097 2246 tam
1119 2215 1221 2255 claro;
1244 2217 1358 2256 saepius
1379 2217 1465 2248 enim
1477 2216 1599 2258 aliquis,
1615 2218 1706 2259 cujus
1719 2219 1797 2250 laus,

1033 2266 1065 2290 et
1077 2258 1177 2300 gloria
1198 2259 1357 2290 notissima
1380 2265 1436 2297 est,
1459 2260 1640 2300 simpliciter
1663 2263 1714 2294 ille
1736 2273 1790 2294 vo-

1033 2303 1095 2333 cari
1109 2302 1196 2334 solet.
1242 2305 1445 2335 Formiarum
1466 2305 1588 2341 nna-viia,
1607 2305 1708 2336 Hom.
1725 2305 1748 2337 l.
1764 2306 1788 2338 l.

1034 2348 1137 2386 Δάμιν
1157 2346 1232 2377 αἰπὺ
1253 2346 1436 2389 πτολίεθρον,
1453 2347 1626 2381 Τηλέτνλον
1647 2355 1790 2393 Auara-gu-

1033 2390 1611 2477 ⁷L2oed⁰’¹”“aeff1⁰51ssi{?⁷l⁴33c”ffi”ffi
1629 2392 1791 2468 ἷῗῑῗἪ

1463 2455 1474 2471 2
1623 2467 1625 2469 .
1776 2457 1788 2467 ·

1033 2475 1077 2506 N.
1097 2475 1167 2506 111.
1182 2475 1215 2507 5.
1239 2479 1402 2516 antiquam
1425 2479 1666 2519 Laestrygonum
1689 2482 1790 2512 sedem

1030 2613 1091 2638 tem
1117 2607 1188 2638 Lir.
1212 2607 1244 2638 h.
1262 2617 1289 2638 e.
1315 2613 1346 2638 et
1369 2614 1481 2648 praeter
1512 2608 1651 2640 Formias
1679 2619 1791 2652 agrum

1033 2650 1286 2681 Minturnensem
1307 2652 1366 2682 sub
1393 2650 1511 2682 ditione
1543 2662 1600 2683 sm
1627 2653 1790 2692 habuisse3

1035 2705 1108 2734 ager
1122 2695 1356 2726 Minturnensis
1377 2694 1557 2735 designatur
1579 2706 1637 2734 per¹
1659 2695 1791 2728 fluvium

1035 2738 1147 2774 Lirim,
1175 2737 1231 2778 (cf.
1258 2748 1341 2777 supr.
1370 2737 1410 2768 ad
1434 2737 1463 2768 1.
1487 2736 1540 2768 31.
1566 2737 1615 2779 7.)
1630 2739 1685 2780 qui
1698 2739 1791 2772 illum

1034 2780 1153 2817 transit,
1183 2786 1215 2810 et
1242 2791 1297 2820 per
1325 2780 1454 2821 paludes
1484 2781 1720 2814 Minturnenses
1757 2784 1791 2814 in

1038 2833 1124 2854 mare
1143 2823 1326 2855 effunditur.
1371 2824 1447 2856 Jam
1468 2834 1542 2856 vero
1562 2836 1635 2857 cnm
1658 2828 1790 2864 Marica,

1041 2868 1200 2907 Nympha,
1240 2867 1342 2898 Fauni
1378 2877 1458 2898 uxor
1485 2875 1517 2899 et
1547 2869 1654 2900 Latini
1682 2877 1789 2907 mater,

1040 2910 1170 2953 (virgil.
1191 2910 1266 2941 AEn.
1287 2911 1370 2941 V11.
1390 2909 1461 2951 47.)
1477 2918 1513 2942 ut
1534 2913 1591 2943 dea
1611 2913 1750 2945 nitelas-is
1772 2925 1791 2945 a

1037 2955 1307 2986 Minturnensibus
1335 2965 1449 2996 magna
1472 2955 1622 2997 religione
1646 2957 1680 2987 in
1709 2957 1791 2994 luco,

1034 2999 1073 3030 ad
1095 2998 1197 3038 ipsum
1220 2998 1336 3029 flumen
1360 2998 1448 3031 Lirin
1475 3000 1502 3029 ei
1527 3007 1714 3039 consecrato,
1738 3011 1789 3032 co-
