<?xml version="1.0" encoding="UTF-8"?>
<!DOCTYPE html PUBLIC "-//W3C//DTD XHTML 1.0 Transitional//EN"
    "http://www.w3.org/TR/xhtml1/DTD/xhtml1-transitional.dtd">
<html xmlns="http://www.w3.org/1999/xhtml" xml:lang="en" lang="en">
 <head>
  <title>
</title>
<meta http-equiv="Content-Type" content="text/html;charset=utf-8" />
  <meta name='ocr-system' content='tesseract 3.04.00' />
  <meta name='ocr-capabilities' content='ocr_page ocr_carea ocr_par ocr_line ocrx_word'/>
</head>
<body>
  <div class='ocr_page' id='page_1' title='image "./operaomniacumind00horauoft_0258.png"; bbox 0 0 1904 3250; ppageno 0'>
   <div class='ocr_carea' id='block_1_1' title="bbox 183 174 268 213">
    <p class='ocr_par' dir='ltr' id='par_1_1' title="bbox 183 174 268 213">
     <span class='ocr_line' id='line_1_1' title="bbox 183 174 268 213; baseline -0.012 0"><span class='ocrx_word' id='word_1_1' title='bbox 183 174 268 213; x_wconf 80' lang='lat'>218</span> 
     </span>
    </p>
   </div>
   <div class='ocr_carea' id='block_1_2' title="bbox 809 170 1110 214">
    <p class='ocr_par' dir='ltr' id='par_1_2' title="bbox 809 170 1110 214">
     <span class='ocr_line' id='line_1_2' title="bbox 809 170 1110 214; baseline 0.003 -1"><span class='ocrx_word' id='word_1_2' title='bbox 809 170 1110 214; x_wconf 90' lang='lat' dir='ltr'><strong>HORATII</strong></span> 
     </span>
    </p>
   </div>
   <div class='ocr_carea' id='block_1_3' title="bbox 1555 178 1743 227">
    <p class='ocr_par' dir='ltr' id='par_1_3' title="bbox 1555 178 1743 227">
     <span class='ocr_line' id='line_1_3' title="bbox 1555 178 1743 227; baseline 0 -11"><span class='ocrx_word' id='word_1_3' title='bbox 1555 178 1662 227; x_wconf 76' lang='lat' dir='ltr'>[Lm.</span> <span class='ocrx_word' id='word_1_4' title='bbox 1685 189 1743 216; x_wconf 82' lang='grc' dir='ltr'><strong>ιν.</strong></span> 
     </span>
    </p>
   </div>
   <div class='ocr_carea' id='block_1_4' title="bbox 212 295 1395 549">
    <p class='ocr_par' dir='ltr' id='par_1_4' title="bbox 212 295 1395 549">
     <span class='ocr_line' id='line_1_4' title="bbox 212 295 1395 355; baseline 0.001 -16"><span class='ocrx_word' id='word_1_5' title='bbox 212 301 267 340; x_wconf 83' lang='lat'>25</span> <span class='ocrx_word' id='word_1_6' title='bbox 300 297 407 347; x_wconf 88' lang='lat' dir='ltr'>Quis</span> <span class='ocrx_word' id='word_1_7' title='bbox 432 297 634 339; x_wconf 85' lang='lat' dir='ltr'><strong>Parthum</strong></span> <span class='ocrx_word' id='word_1_8' title='bbox 652 295 832 352; x_wconf 84' lang='lat' dir='ltr'>paveat?</span> <span class='ocrx_word' id='word_1_9' title='bbox 862 297 954 352; x_wconf 92' lang='lat' dir='ltr'>quis</span> <span class='ocrx_word' id='word_1_10' title='bbox 973 296 1159 354; x_wconf 89' lang='lat' dir='ltr'>gelidum</span> <span class='ocrx_word' id='word_1_11' title='bbox 1183 297 1395 355; x_wconf 83' lang='lat' dir='ltr'><strong>Scythen?</strong></span> 
     </span>
     <span class='ocr_line' id='line_1_5' title="bbox 300 368 1195 424; baseline -0.002 -12"><span class='ocrx_word' id='word_1_12' title='bbox 300 370 422 421; x_wconf 84' lang='lat' dir='ltr'>Quis,</span> <span class='ocrx_word' id='word_1_13' title='bbox 447 370 676 412; x_wconf 84' lang='lat' dir='ltr'>Germania</span> <span class='ocrx_word' id='word_1_14' title='bbox 696 383 801 424; x_wconf 92' lang='lat' dir='ltr'>quos</span> <span class='ocrx_word' id='word_1_15' title='bbox 821 368 996 409; x_wconf 87' lang='lat' dir='ltr'>horrida</span> <span class='ocrx_word' id='word_1_16' title='bbox 1014 369 1195 424; x_wconf 84' lang='lat' dir='ltr'>parturit</span> 
     </span>
     <span class='ocr_line' id='line_1_6' title="bbox 301 436 1128 495; baseline -0.005 -13"><span class='ocrx_word' id='word_1_17' title='bbox 301 440 441 491; x_wconf 84' lang='lat' dir='ltr'>Fetus,</span> <span class='ocrx_word' id='word_1_18' title='bbox 464 439 661 481; x_wconf 87' lang='lat' dir='ltr'>incolumi</span> <span class='ocrx_word' id='word_1_19' title='bbox 685 436 884 479; x_wconf 84' lang='lat' dir='ltr'>Caesare?</span> <span class='ocrx_word' id='word_1_20' title='bbox 914 438 1007 495; x_wconf 89' lang='lat' dir='ltr'>quis</span> <span class='ocrx_word' id='word_1_21' title='bbox 1027 437 1128 479; x_wconf 85' lang='lat' dir='ltr'>ferae</span> 
     </span>
     <span class='ocr_line' id='line_1_7' title="bbox 647 506 1155 549; baseline 0.002 -2"><span class='ocrx_word' id='word_1_22' title='bbox 647 506 814 548; x_wconf 86' lang='lat' dir='ltr'>Bellum</span> <span class='ocrx_word' id='word_1_23' title='bbox 834 514 953 549; x_wconf 89' lang='lat' dir='ltr'>curet</span> <span class='ocrx_word' id='word_1_24' title='bbox 972 506 1155 549; x_wconf 84' lang='lat' dir='ltr'>Iberiae?</span> 
     </span>
    </p>
   </div>
   <div class='ocr_carea' id='block_1_5' title="bbox 210 581 1281 1134">
    <p class='ocr_par' dir='ltr' id='par_1_5' title="bbox 210 581 1281 1134">
     <span class='ocr_line' id='line_1_8' title="bbox 301 581 1164 640; baseline -0.005 -13"><span class='ocrx_word' id='word_1_25' title='bbox 301 584 457 627; x_wconf 85' lang='lat' dir='ltr'>Condit</span> <span class='ocrx_word' id='word_1_26' title='bbox 477 583 651 640; x_wconf 90' lang='lat' dir='ltr'>quisque</span> <span class='ocrx_word' id='word_1_27' title='bbox 673 581 783 623; x_wconf 91' lang='lat' dir='ltr'>diem</span> <span class='ocrx_word' id='word_1_28' title='bbox 805 581 980 624; x_wconf 91' lang='lat' dir='ltr'>collibus</span> <span class='ocrx_word' id='word_1_29' title='bbox 1001 582 1045 623; x_wconf 91' lang='lat' dir='ltr'>in</span> <span class='ocrx_word' id='word_1_30' title='bbox 1067 583 1164 633; x_wconf 87' lang='lat' dir='ltr'>suis,</span> 
     </span>
     <span class='ocr_line' id='line_1_9' title="bbox 210 651 1091 697; baseline -0.005 0"><span class='ocrx_word' id='word_1_31' title='bbox 210 659 266 697; x_wconf 86' lang='lat'>30</span> <span class='ocrx_word' id='word_1_32' title='bbox 300 655 356 695; x_wconf 90' lang='lat' dir='ltr'>Et</span> <span class='ocrx_word' id='word_1_33' title='bbox 375 654 501 694; x_wconf 90' lang='lat' dir='ltr'>vitem</span> <span class='ocrx_word' id='word_1_34' title='bbox 521 651 666 693; x_wconf 87' lang='lat' dir='ltr'>viduas</span> <span class='ocrx_word' id='word_1_35' title='bbox 688 651 803 693; x_wconf 83' lang='lat' dir='ltr'>ducit</span> <span class='ocrx_word' id='word_1_36' title='bbox 823 651 877 693; x_wconf 85' lang='lat' dir='ltr'>ad</span> <span class='ocrx_word' id='word_1_37' title='bbox 898 652 1091 693; x_wconf 82' lang='lat' dir='ltr'>arbores:</span> 
     </span>
     <span class='ocr_line' id='line_1_10' title="bbox 301 724 1117 778; baseline -0.001 -11"><span class='ocrx_word' id='word_1_38' title='bbox 301 727 414 768; x_wconf 88' lang='lat' dir='ltr'>Hinc</span> <span class='ocrx_word' id='word_1_39' title='bbox 435 725 489 766; x_wconf 87' lang='lat' dir='ltr'>ad</span> <span class='ocrx_word' id='word_1_40' title='bbox 511 725 609 766; x_wconf 87' lang='lat' dir='ltr'>vina</span> <span class='ocrx_word' id='word_1_41' title='bbox 630 724 739 766; x_wconf 86' lang='lat' dir='ltr'>redit</span> <span class='ocrx_word' id='word_1_42' title='bbox 759 724 958 778; x_wconf 14' lang='lat' dir='ltr'>laetus‚qet</span> <span class='ocrx_word' id='word_1_43' title='bbox 977 725 1117 766; x_wconf 84' lang='lat' dir='ltr'>alteris</span> 
     </span>
     <span class='ocr_line' id='line_1_11' title="bbox 649 793 1267 836; baseline 0 -1"><span class='ocrx_word' id='word_1_44' title='bbox 649 793 713 835; x_wconf 89' lang='lat' dir='ltr'>Te</span> <span class='ocrx_word' id='word_1_45' title='bbox 734 794 886 835; x_wconf 86' lang='lat' dir='ltr'>mensis</span> <span class='ocrx_word' id='word_1_46' title='bbox 908 794 1079 836; x_wconf 82' lang='lat' dir='ltr'><strong>adhibet</strong></span> <span class='ocrx_word' id='word_1_47' title='bbox 1099 794 1267 836; x_wconf 90' lang='lat' dir='ltr'>Deum:</span> 
     </span>
     <span class='ocr_line' id='line_1_12' title="bbox 300 867 1164 923; baseline -0.002 -14"><span class='ocrx_word' id='word_1_48' title='bbox 300 868 365 909; x_wconf 89' lang='lat' dir='ltr'>Te</span> <span class='ocrx_word' id='word_1_49' title='bbox 385 867 517 909; x_wconf 82' lang='lat' dir='ltr'>multa</span> <span class='ocrx_word' id='word_1_50' title='bbox 536 882 674 923; x_wconf 88' lang='lat' dir='ltr'>prece,</span> <span class='ocrx_word' id='word_1_51' title='bbox 698 875 738 908; x_wconf 88' lang='lat' dir='ltr'>te</span> <span class='ocrx_word' id='word_1_52' title='bbox 759 867 1028 923; x_wconf 90' lang='lat' dir='ltr'>prosequitur</span> <span class='ocrx_word' id='word_1_53' title='bbox 1048 882 1164 908; x_wconf 89' lang='lat' dir='ltr'>mero</span> 
     </span>
     <span class='ocr_line' id='line_1_13' title="bbox 299 936 1080 993; baseline -0.001 -14"><span class='ocrx_word' id='word_1_54' title='bbox 299 936 463 979; x_wconf 90' lang='lat' dir='ltr'>Defuso</span> <span class='ocrx_word' id='word_1_55' title='bbox 482 937 661 993; x_wconf 86' lang='lat' dir='ltr'>pateris:</span> <span class='ocrx_word' id='word_1_56' title='bbox 694 944 736 978; x_wconf 84' lang='lat' dir='ltr'>et</span> <span class='ocrx_word' id='word_1_57' title='bbox 758 936 938 978; x_wconf 85' lang='lat' dir='ltr'>Laribus</span> <span class='ocrx_word' id='word_1_58' title='bbox 959 944 1080 978; x_wconf 89' lang='lat' dir='ltr'>tuum</span> 
     </span>
     <span class='ocr_line' id='line_1_14' title="bbox 210 1005 1127 1058; baseline -0.003 -8"><span class='ocrx_word' id='word_1_59' title='bbox 210 1012 266 1050; x_wconf 86' lang='lat'>35</span> <span class='ocrx_word' id='word_1_60' title='bbox 300 1006 455 1049; x_wconf 89' lang='lat' dir='ltr'>Miscet</span> <span class='ocrx_word' id='word_1_61' title='bbox 474 1022 642 1058; x_wconf 85' lang='lat' dir='ltr'>numen,</span> <span class='ocrx_word' id='word_1_62' title='bbox 665 1007 726 1047; x_wconf 89' lang='lat' dir='ltr'>uti</span> <span class='ocrx_word' id='word_1_63' title='bbox 749 1005 918 1048; x_wconf 78' lang='lat' dir='ltr'>Graecia</span> <span class='ocrx_word' id='word_1_64' title='bbox 940 1006 1127 1047; x_wconf 86' lang='lat' dir='ltr'>Castoris</span> 
     </span>
     <span class='ocr_line' id='line_1_15' title="bbox 651 1077 1281 1134; baseline -0.002 -15"><span class='ocrx_word' id='word_1_65' title='bbox 651 1077 708 1119; x_wconf 86' lang='lat' dir='ltr'>Et</span> <span class='ocrx_word' id='word_1_66' title='bbox 726 1078 868 1134; x_wconf 83' lang='lat' dir='ltr'>magni</span> <span class='ocrx_word' id='word_1_67' title='bbox 887 1092 1048 1120; x_wconf 90' lang='lat' dir='ltr'>memor</span> <span class='ocrx_word' id='word_1_68' title='bbox 1071 1077 1281 1119; x_wconf 90' lang='lat' dir='ltr'>Herculis.</span> 
     </span>
    </p>
   </div>
   <div class='ocr_carea' id='block_1_6' title="bbox 176 1207 944 1729">
    <p class='ocr_par' dir='ltr' id='par_1_6' title="bbox 176 1207 944 1729">
     <span class='ocr_line' id='line_1_16' title="bbox 179 1207 939 1246; baseline -0.003 -6"><span class='ocrx_word' id='word_1_69' title='bbox 179 1210 222 1240; x_wconf 70' lang='lat' dir='ltr'>tis</span> <span class='ocrx_word' id='word_1_70' title='bbox 239 1210 392 1240; x_wconf 82' lang='lat' dir='ltr'>Romanae</span> <span class='ocrx_word' id='word_1_71' title='bbox 413 1208 563 1239; x_wconf 83' lang='lat' dir='ltr'>honorem</span> <span class='ocrx_word' id='word_1_72' title='bbox 585 1217 742 1238; x_wconf 80' lang='lat' dir='ltr'>revocasse</span> <span class='ocrx_word' id='word_1_73' title='bbox 764 1207 878 1239; x_wconf 89' lang='lat' dir='ltr'>dicitur</span> <span class='ocrx_word' id='word_1_74' title='bbox 892 1218 939 1246; x_wconf 90' lang='lat' dir='ltr'>eo,</span> 
     </span>
     <span class='ocr_line' id='line_1_17' title="bbox 178 1250 942 1294; baseline -0.003 -10"><span class='ocrx_word' id='word_1_75' title='bbox 178 1252 267 1294; x_wconf 88' lang='lat' dir='ltr'>quod</span> <span class='ocrx_word' id='word_1_76' title='bbox 282 1262 338 1292; x_wconf 86' lang='lat' dir='ltr'>per</span> <span class='ocrx_word' id='word_1_77' title='bbox 355 1263 482 1288; x_wconf 82' lang='lat' dir='ltr'>morem,</span> <span class='ocrx_word' id='word_1_78' title='bbox 506 1254 655 1291; x_wconf 79' lang='lat' dir='ltr'>(veterem</span> <span class='ocrx_word' id='word_1_79' title='bbox 677 1250 886 1292; x_wconf 87' lang='lat' dir='ltr'>disciplinam)</span> <span class='ocrx_word' id='word_1_80' title='bbox 911 1257 942 1282; x_wconf 89' lang='lat' dir='ltr'>et</span> 
     </span>
     <span class='ocr_line' id='line_1_18' title="bbox 182 1294 942 1338; baseline -0.001 -10"><span class='ocrx_word' id='word_1_81' title='bbox 182 1299 288 1337; x_wconf 76' lang='lat' dir='ltr'>Iegem,</span> <span class='ocrx_word' id='word_1_82' title='bbox 314 1295 432 1338; x_wconf 85' lang='lat' dir='ltr'>(legem</span> <span class='ocrx_word' id='word_1_83' title='bbox 454 1295 476 1326; x_wconf 88' lang='lat' dir='ltr'><strong>J</strong></span> <span class='ocrx_word' id='word_1_84' title='bbox 479 1294 574 1325; x_wconf 84' lang='lat' dir='ltr'>uliam</span> <span class='ocrx_word' id='word_1_85' title='bbox 590 1294 630 1325; x_wconf 82' lang='lat' dir='ltr'>de</span> <span class='ocrx_word' id='word_1_86' title='bbox 644 1294 818 1333; x_wconf 79' lang='lat' dir='ltr'>adulteriis)</span> <span class='ocrx_word' id='word_1_87' title='bbox 834 1306 942 1327; x_wconf 82' lang='lat' dir='ltr'>macu-</span> 
     </span>
     <span class='ocr_line' id='line_1_19' title="bbox 181 1337 943 1381; baseline -0.004 -10"><span class='ocrx_word' id='word_1_88' title='bbox 181 1342 282 1371; x_wconf 80' lang='lat' dir='ltr'>losum</span> <span class='ocrx_word' id='word_1_89' title='bbox 309 1339 407 1381; x_wconf 62' lang='lat' dir='ltr'>nffas,</span> <span class='ocrx_word' id='word_1_90' title='bbox 445 1337 552 1381; x_wconf 79' lang='lat' dir='ltr'>(foeda,</span> <span class='ocrx_word' id='word_1_91' title='bbox 583 1338 696 1379; x_wconf 90' lang='lat' dir='ltr'>quibus</span> <span class='ocrx_word' id='word_1_92' title='bbox 724 1338 943 1379; x_wconf 89' lang='lat' dir='ltr'>conjugiorum</span> 
     </span>
     <span class='ocr_line' id='line_1_20' title="bbox 181 1380 943 1421; baseline -0.001 -7"><span class='ocrx_word' id='word_1_93' title='bbox 181 1382 454 1414; x_wconf 70' lang='lat' dir='ltr'>contaminabatur</span> <span class='ocrx_word' id='word_1_94' title='bbox 480 1381 635 1419; x_wconf 84' lang='lat' dir='ltr'>sanctitas,</span> <span class='ocrx_word' id='word_1_95' title='bbox 665 1380 842 1421; x_wconf 56' lang='lat' dir='ltr'>adulteria)</span> <span class='ocrx_word' id='word_1_96' title='bbox 872 1384 943 1413; x_wconf 85' lang='lat' dir='ltr'>edo—</span> 
     </span>
     <span class='ocr_line' id='line_1_21' title="bbox 180 1424 940 1469; baseline -0.003 -11"><span class='ocrx_word' id='word_1_97' title='bbox 180 1428 262 1458; x_wconf 75' lang='lat' dir='ltr'>muit</span> <span class='ocrx_word' id='word_1_98' title='bbox 274 1443 285 1463; x_wconf 84' lang='lat'>‚-</span> <span class='ocrx_word' id='word_1_99' title='bbox 325 1425 506 1469; x_wconf 73' lang='lat' dir='ltr'>(exstirpare</span> <span class='ocrx_word' id='word_1_100' title='bbox 540 1424 689 1465; x_wconf 82' lang='lat' dir='ltr'>studuit.)</span> <span class='ocrx_word' id='word_1_101' title='bbox 776 1427 940 1457; x_wconf 82' lang='lat' dir='ltr'>Laudant.</span> 
     </span>
     <span class='ocr_line' id='line_1_22' title="bbox 180 1467 942 1511; baseline -0.005 -9"><span class='ocrx_word' id='word_1_102' title='bbox 180 1472 276 1502; x_wconf 71' lang='lat' dir='ltr'>simili</span> <span class='ocrx_word' id='word_1_103' title='bbox 294 1470 381 1511; x_wconf 78' lang='lat' dir='ltr'>prole</span> <span class='ocrx_word' id='word_1_104' title='bbox 401 1479 512 1510; x_wconf 81' lang='lat' dir='ltr'>puerp.</span> <span class='ocrx_word' id='word_1_105' title='bbox 538 1474 651 1499; x_wconf 85' lang='lat' dir='ltr'>matres</span> <span class='ocrx_word' id='word_1_106' title='bbox 671 1467 800 1508; x_wconf 84' lang='lat' dir='ltr'>pariunt</span> <span class='ocrx_word' id='word_1_107' title='bbox 820 1468 942 1506; x_wconf 84' lang='lat' dir='ltr'>liberos,</span> 
     </span>
     <span class='ocr_line' id='line_1_23' title="bbox 182 1511 944 1553; baseline -0.003 -8"><span class='ocrx_word' id='word_1_108' title='bbox 182 1514 263 1553; x_wconf 82' lang='lat' dir='ltr'>patri</span> <span class='ocrx_word' id='word_1_109' title='bbox 288 1522 346 1543; x_wconf 90' lang='lat' dir='ltr'>suo</span> <span class='ocrx_word' id='word_1_110' title='bbox 370 1511 507 1550; x_wconf 82' lang='lat' dir='ltr'>similes3</span> <span class='ocrx_word' id='word_1_111' title='bbox 540 1511 636 1551; x_wconf 84' lang='lat' dir='ltr'>prolis</span> <span class='ocrx_word' id='word_1_112' title='bbox 657 1511 741 1542; x_wconf 90' lang='lat' dir='ltr'>enim</span> <span class='ocrx_word' id='word_1_113' title='bbox 763 1522 835 1542; x_wconf 92' lang='lat' dir='ltr'>cum</span> <span class='ocrx_word' id='word_1_114' title='bbox 858 1518 944 1551; x_wconf 86' lang='lat' dir='ltr'>patre</span> 
     </span>
     <span class='ocr_line' id='line_1_24' title="bbox 180 1555 944 1595; baseline -0.004 -7"><span class='ocrx_word' id='word_1_115' title='bbox 180 1556 355 1588; x_wconf 82' lang='lat' dir='ltr'>similitudo</span> <span class='ocrx_word' id='word_1_116' title='bbox 367 1555 475 1586; x_wconf 83' lang='lat' dir='ltr'>matris</span> <span class='ocrx_word' id='word_1_117' title='bbox 488 1555 658 1586; x_wconf 79' lang='lat' dir='ltr'>castitatem</span> <span class='ocrx_word' id='word_1_118' title='bbox 674 1556 802 1594; x_wconf 76' lang='lat' dir='ltr'>probare</span> <span class='ocrx_word' id='word_1_119' title='bbox 815 1555 944 1595; x_wconf 82' lang='lat' dir='ltr'>putaba-</span> 
     </span>
     <span class='ocr_line' id='line_1_25' title="bbox 180 1598 944 1640; baseline -0.004 -9"><span class='ocrx_word' id='word_1_120' title='bbox 180 1607 252 1639; x_wconf 75' lang='lat' dir='ltr'>tur-3</span> <span class='ocrx_word' id='word_1_121' title='bbox 277 1599 338 1630; x_wconf 86' lang='lat' dir='ltr'>vid.</span> <span class='ocrx_word' id='word_1_122' title='bbox 356 1601 535 1639; x_wconf 76' lang='lat' dir='ltr'>Interprett.</span> <span class='ocrx_word' id='word_1_123' title='bbox 555 1599 595 1629; x_wconf 86' lang='lat' dir='ltr'>ad</span> <span class='ocrx_word' id='word_1_124' title='bbox 610 1599 640 1629; x_wconf 90' lang='lat' dir='ltr'><strong>h.</strong></span> <span class='ocrx_word' id='word_1_125' title='bbox 659 1598 679 1628; x_wconf 90' lang='lat' dir='ltr'>l.</span> <span class='ocrx_word' id='word_1_126' title='bbox 699 1604 731 1629; x_wconf 89' lang='lat' dir='ltr'>et</span> <span class='ocrx_word' id='word_1_127' title='bbox 744 1609 822 1640; x_wconf 90' lang='lat' dir='ltr'>quos</span> <span class='ocrx_word' id='word_1_128' title='bbox 835 1598 944 1629; x_wconf 71' lang='lat' dir='ltr'>lauda.-</span> 
     </span>
     <span class='ocr_line' id='line_1_26' title="bbox 182 1640 940 1682; baseline -0.004 -7"><span class='ocrx_word' id='word_1_129' title='bbox 182 1644 287 1675; x_wconf 83' lang='lat' dir='ltr'>vimus</span> <span class='ocrx_word' id='word_1_130' title='bbox 319 1642 359 1674; x_wconf 87' lang='lat' dir='ltr'>ad</span> <span class='ocrx_word' id='word_1_131' title='bbox 391 1641 508 1673; x_wconf 88' lang='lat' dir='ltr'>Catull.</span> <span class='ocrx_word' id='word_1_132' title='bbox 546 1642 645 1673; x_wconf 89' lang='lat' dir='ltr'>LXI.</span> <span class='ocrx_word' id='word_1_133' title='bbox 684 1640 758 1672; x_wconf 90' lang='grc'><strong>221.</strong></span> <span class='ocrx_word' id='word_1_134' title='bbox 851 1643 940 1682; x_wconf 80' lang='lat' dir='ltr'>Culp-</span> 
     </span>
     <span class='ocr_line' id='line_1_27' title="bbox 176 1684 943 1729; baseline -0.004 -11"><span class='ocrx_word' id='word_1_135' title='bbox 176 1699 272 1729; x_wconf 81' lang='lat' dir='ltr'>paena</span> <span class='ocrx_word' id='word_1_136' title='bbox 291 1697 389 1727; x_wconf 82' lang='lat' dir='ltr'>prem.</span> <span class='ocrx_word' id='word_1_137' title='bbox 408 1697 484 1717; x_wconf 89' lang='lat' dir='ltr'>com.</span> <span class='ocrx_word' id='word_1_138' title='bbox 509 1685 564 1727; x_wconf 88' lang='lat' dir='ltr'>qui</span> <span class='ocrx_word' id='word_1_139' title='bbox 585 1685 618 1715; x_wconf 87' lang='lat' dir='ltr'>in</span> <span class='ocrx_word' id='word_1_140' title='bbox 640 1685 758 1727; x_wconf 87' lang='lat' dir='ltr'>flagitio</span> <span class='ocrx_word' id='word_1_141' title='bbox 772 1684 943 1725; x_wconf 89' lang='lat' dir='ltr'>deprehen-</span> 
     </span>
    </p>
   </div>
   <div class='ocr_carea' id='block_1_7' title="bbox 124 1728 941 1771">
    <p class='ocr_par' dir='ltr' id='par_1_7' title="bbox 124 1728 941 1771">
     <span class='ocr_line' id='line_1_28' title="bbox 124 1728 941 1771; baseline -0.006 -8"><span class='ocrx_word' id='word_1_142' title='bbox 124 1744 127 1747; x_wconf 84' lang='lat'>·</span> <span class='ocrx_word' id='word_1_143' title='bbox 183 1731 313 1767; x_wconf 86' lang='lat' dir='ltr'>duntur,</span> <span class='ocrx_word' id='word_1_144' title='bbox 328 1731 368 1760; x_wconf 86' lang='lat' dir='ltr'>ab</span> <span class='ocrx_word' id='word_1_145' title='bbox 381 1729 420 1759; x_wconf 88' lang='lat' dir='ltr'>iis</span> <span class='ocrx_word' id='word_1_146' title='bbox 434 1729 537 1760; x_wconf 86' lang='lat' dir='ltr'>statim</span> <span class='ocrx_word' id='word_1_147' title='bbox 558 1739 650 1768; x_wconf 84' lang='lat' dir='ltr'>poena</span> <span class='ocrx_word' id='word_1_148' title='bbox 670 1729 704 1759; x_wconf 90' lang='lat' dir='ltr'>in</span> <span class='ocrx_word' id='word_1_149' title='bbox 725 1728 848 1771; x_wconf 87' lang='lat' dir='ltr'>legibus</span> <span class='ocrx_word' id='word_1_150' title='bbox 867 1738 941 1759; x_wconf 90' lang='lat' dir='ltr'>con-</span> 
     </span>
    </p>
   </div>
   <div class='ocr_carea' id='block_1_8' title="bbox 179 1772 943 1856">
    <p class='ocr_par' dir='ltr' id='par_1_8' title="bbox 179 1772 943 1856">
     <span class='ocr_line' id='line_1_29' title="bbox 179 1772 471 1813; baseline -0.014 -7"><span class='ocrx_word' id='word_1_151' title='bbox 179 1775 291 1806; x_wconf 75' lang='lat' dir='ltr'>stituta</span> <span class='ocrx_word' id='word_1_152' title='bbox 305 1772 471 1813; x_wconf 84' lang='lat' dir='ltr'>expetitur.</span> 
     </span>
     <span class='ocr_line' id='line_1_30' title="bbox 225 1815 943 1856; baseline -0.004 -8"><span class='ocrx_word' id='word_1_153' title='bbox 225 1829 254 1848; x_wconf 86' lang='lat' dir='ltr'><strong>v.</strong></span> <span class='ocrx_word' id='word_1_154' title='bbox 279 1815 418 1847; x_wconf 85' lang='grc'><strong>25-28.</strong></span> <span class='ocrx_word' id='word_1_155' title='bbox 448 1817 524 1852; x_wconf 78' lang='lat' dir='ltr'>Quis</span> <span class='ocrx_word' id='word_1_156' title='bbox 541 1817 647 1847; x_wconf 79' lang='lat' dir='ltr'>Parth.</span> <span class='ocrx_word' id='word_1_157' title='bbox 669 1827 741 1856; x_wconf 85' lang='lat' dir='ltr'>pov.</span> <span class='ocrx_word' id='word_1_158' title='bbox 760 1821 830 1846; x_wconf 90' lang='lat' dir='ltr'>cett.</span> <span class='ocrx_word' id='word_1_159' title='bbox 867 1815 943 1846; x_wconf 85' lang='lat' dir='ltr'>Par-</span> 
     </span>
    </p>
   </div>
   <div class='ocr_carea' id='block_1_9' title="bbox 115 1856 942 1901">
    <p class='ocr_par' dir='ltr' id='par_1_9' title="bbox 115 1856 942 1901">
     <span class='ocr_line' id='line_1_31' title="bbox 115 1856 942 1901; baseline -0.006 -7"><span class='ocrx_word' id='word_1_160' title='bbox 115 1856 126 1865; x_wconf 48' lang='lat'><strong>*</strong></span> <span class='ocrx_word' id='word_1_161' title='bbox 180 1861 255 1898; x_wconf 74' lang='lat' dir='ltr'>this,</span> <span class='ocrx_word' id='word_1_162' title='bbox 289 1860 421 1901; x_wconf 83' lang='lat' dir='ltr'>Scythis,</span> <span class='ocrx_word' id='word_1_163' title='bbox 452 1858 618 1890; x_wconf 81' lang='lat' dir='ltr'>Germanis</span> <span class='ocrx_word' id='word_1_164' title='bbox 646 1866 678 1890; x_wconf 88' lang='lat' dir='ltr'>et</span> <span class='ocrx_word' id='word_1_165' title='bbox 706 1858 869 1890; x_wconf 82' lang='lat' dir='ltr'>Cantabris</span> <span class='ocrx_word' id='word_1_166' title='bbox 904 1860 942 1889; x_wconf 90' lang='lat' dir='ltr'>ab</span> 
     </span>
    </p>
   </div>
   <div class='ocr_carea' id='block_1_10' title="bbox 178 1902 948 3031">
    <p class='ocr_par' dir='ltr' id='par_1_10' title="bbox 178 1902 948 3031">
     <span class='ocr_line' id='line_1_32' title="bbox 186 1902 943 1946; baseline -0.007 -9"><span class='ocrx_word' id='word_1_167' title='bbox 186 1907 335 1946; x_wconf 83' lang='lat' dir='ltr'>Augusto</span> <span class='ocrx_word' id='word_1_168' title='bbox 356 1902 537 1943; x_wconf 81' lang='lat' dir='ltr'>perdomitis</span> <span class='ocrx_word' id='word_1_169' title='bbox 559 1902 647 1932; x_wconf 84' lang='lat' dir='ltr'>nulla</span> <span class='ocrx_word' id='word_1_170' title='bbox 669 1902 806 1942; x_wconf 86' lang='lat' dir='ltr'>amplius</span> <span class='ocrx_word' id='word_1_171' title='bbox 826 1902 943 1932; x_wconf 78' lang='lat' dir='ltr'>extrin-</span> 
     </span>
     <span class='ocr_line' id='line_1_33' title="bbox 178 1945 940 1986; baseline -0.005 -6"><span class='ocrx_word' id='word_1_172' title='bbox 178 1959 272 1980; x_wconf 68' lang='lat' dir='ltr'>secus</span> <span class='ocrx_word' id='word_1_173' title='bbox 301 1947 390 1978; x_wconf 90' lang='lat' dir='ltr'>nobis</span> <span class='ocrx_word' id='word_1_174' title='bbox 419 1945 557 1977; x_wconf 80' lang='lat' dir='ltr'>timenda</span> <span class='ocrx_word' id='word_1_175' title='bbox 581 1952 655 1976; x_wconf 82' lang='lat' dir='ltr'>sunt</span> <span class='ocrx_word' id='word_1_176' title='bbox 678 1945 826 1986; x_wconf 83' lang='lat' dir='ltr'>pericula,</span> <span class='ocrx_word' id='word_1_177' title='bbox 852 1946 884 1976; x_wconf 84' lang='lat' dir='ltr'><strong>h.</strong></span> <span class='ocrx_word' id='word_1_178' title='bbox 913 1957 940 1976; x_wconf 85' lang='lat' dir='ltr'>e.</span> 
     </span>
     <span class='ocr_line' id='line_1_34' title="bbox 181 1989 946 2033; baseline -0.007 -9"><span class='ocrx_word' id='word_1_179' title='bbox 181 2002 269 2033; x_wconf 81' lang='lat' dir='ltr'>pace,</span> <span class='ocrx_word' id='word_1_180' title='bbox 287 1991 350 2023; x_wconf 89' lang='lat' dir='ltr'>otio</span> <span class='ocrx_word' id='word_1_181' title='bbox 365 1996 396 2021; x_wconf 87' lang='lat' dir='ltr'>et</span> <span class='ocrx_word' id='word_1_182' title='bbox 411 1989 574 2020; x_wconf 85' lang='lat' dir='ltr'>securitate</span> <span class='ocrx_word' id='word_1_183' title='bbox 587 1999 643 2029; x_wconf 78' lang='lat' dir='ltr'>per</span> <span class='ocrx_word' id='word_1_184' title='bbox 660 1990 846 2031; x_wconf 85' lang='lat' dir='ltr'>Augustum</span> <span class='ocrx_word' id='word_1_185' title='bbox 867 1989 946 2019; x_wconf 82' lang='lat' dir='ltr'>frui-</span> 
     </span>
     <span class='ocr_line' id='line_1_35' title="bbox 179 2032 947 2074; baseline -0.007 -7"><span class='ocrx_word' id='word_1_186' title='bbox 179 2045 265 2067; x_wconf 86' lang='lat' dir='ltr'>mur.</span> <span class='ocrx_word' id='word_1_187' title='bbox 359 2036 434 2069; x_wconf 84' lang='lat' dir='ltr'>Quis</span> <span class='ocrx_word' id='word_1_188' title='bbox 459 2035 566 2065; x_wconf 84' lang='lat' dir='ltr'>Parth.</span> <span class='ocrx_word' id='word_1_189' title='bbox 589 2039 712 2074; x_wconf 77' lang='lat' dir='ltr'>paveat,</span> <span class='ocrx_word' id='word_1_190' title='bbox 737 2032 777 2063; x_wconf 91' lang='lat' dir='ltr'>de</span> <span class='ocrx_word' id='word_1_191' title='bbox 798 2032 887 2063; x_wconf 88' lang='lat' dir='ltr'>victis</span> <span class='ocrx_word' id='word_1_192' title='bbox 908 2034 947 2063; x_wconf 86' lang='lat' dir='ltr'>ab</span> 
     </span>
     <span class='ocr_line' id='line_1_36' title="bbox 188 2075 947 2121; baseline -0.007 -10"><span class='ocrx_word' id='word_1_193' title='bbox 188 2080 336 2121; x_wconf 83' lang='lat' dir='ltr'>Augusto</span> <span class='ocrx_word' id='word_1_194' title='bbox 367 2076 490 2108; x_wconf 83' lang='lat' dir='ltr'>Parthis</span> <span class='ocrx_word' id='word_1_195' title='bbox 511 2075 572 2107; x_wconf 89' lang='lat' dir='ltr'>vid.</span> <span class='ocrx_word' id='word_1_196' title='bbox 598 2087 692 2116; x_wconf 81' lang='lat' dir='ltr'>supra</span> <span class='ocrx_word' id='word_1_197' title='bbox 720 2076 791 2107; x_wconf 89' lang='lat'>111.</span> <span class='ocrx_word' id='word_1_198' title='bbox 817 2075 848 2107; x_wconf 89' lang='lat'>3.</span> <span class='ocrx_word' id='word_1_199' title='bbox 873 2076 947 2106; x_wconf 89' lang='lat' dir='ltr'>hinc</span> 
     </span>
     <span class='ocr_line' id='line_1_37' title="bbox 181 2119 943 2161; baseline -0.003 -8"><span class='ocrx_word' id='word_1_200' title='bbox 181 2122 255 2154; x_wconf 80' lang='lat' dir='ltr'>infr.</span> <span class='ocrx_word' id='word_1_201' title='bbox 277 2123 380 2153; x_wconf 87' lang='lat' dir='ltr'>Carm.</span> <span class='ocrx_word' id='word_1_202' title='bbox 410 2121 486 2151; x_wconf 83' lang='lat' dir='ltr'>Saec.</span> <span class='ocrx_word' id='word_1_203' title='bbox 511 2119 564 2151; x_wconf 88' lang='lat'>53.</span> <span class='ocrx_word' id='word_1_204' title='bbox 597 2122 671 2153; x_wconf 87' lang='lat' dir='ltr'>Jam</span> <span class='ocrx_word' id='word_1_205' title='bbox 695 2122 778 2151; x_wconf 78' lang='lat' dir='ltr'>man·</span> <span class='ocrx_word' id='word_1_206' title='bbox 801 2126 943 2161; x_wconf 78' lang='lat' dir='ltr'>terraque</span> 
     </span>
     <span class='ocr_line' id='line_1_38' title="bbox 181 2165 944 2207; baseline -0.005 -9"><span class='ocrx_word' id='word_1_207' title='bbox 181 2177 300 2199; x_wconf 76' lang='lat' dir='ltr'>manus</span> <span class='ocrx_word' id='word_1_208' title='bbox 320 2171 458 2207; x_wconf 78' lang='lat' dir='ltr'>potentes</span> <span class='ocrx_word' id='word_1_209' title='bbox 485 2166 608 2201; x_wconf 68' lang='lat' dir='ltr'>Medus,</span> <span class='ocrx_word' id='word_1_210' title='bbox 636 2165 837 2205; x_wconf 80' lang='lat' dir='ltr'>Albanasque</span> <span class='ocrx_word' id='word_1_211' title='bbox 859 2165 944 2195; x_wconf 77' lang='lat' dir='ltr'>timet</span> 
     </span>
     <span class='ocr_line' id='line_1_39' title="bbox 182 2207 942 2249; baseline -0.008 -7"><span class='ocrx_word' id='word_1_212' title='bbox 182 2221 313 2242; x_wconf 69' lang='lat' dir='ltr'>secures.</span> <span class='ocrx_word' id='word_1_213' title='bbox 404 2210 471 2249; x_wconf 83' lang='lat' dir='ltr'>quis</span> <span class='ocrx_word' id='word_1_214' title='bbox 493 2209 582 2248; x_wconf 80' lang='lat' dir='ltr'>gelid.</span> <span class='ocrx_word' id='word_1_215' title='bbox 605 2207 765 2248; x_wconf 75' lang='lat' dir='ltr'>Scythen?</span> <span class='ocrx_word' id='word_1_216' title='bbox 793 2207 833 2238; x_wconf 88' lang='lat' dir='ltr'>cf.</span> <span class='ocrx_word' id='word_1_217' title='bbox 859 2216 942 2246; x_wconf 86' lang='lat' dir='ltr'>supr.</span> 
     </span>
     <span class='ocr_line' id='line_1_40' title="bbox 187 2251 946 2292; baseline -0.005 -7"><span class='ocrx_word' id='word_1_218' title='bbox 187 2253 259 2285; x_wconf 89' lang='lat' dir='ltr'><strong>III.</strong></span> <span class='ocrx_word' id='word_1_219' title='bbox 277 2252 308 2284; x_wconf 83' lang='grc'>8.</span> <span class='ocrx_word' id='word_1_220' title='bbox 335 2251 388 2282; x_wconf 83' lang='grc'>23.</span> <span class='ocrx_word' id='word_1_221' title='bbox 413 2251 487 2282; x_wconf 81' lang='lat' dir='ltr'>nbi:</span> <span class='ocrx_word' id='word_1_222' title='bbox 524 2253 599 2283; x_wconf 86' lang='lat' dir='ltr'>Jam</span> <span class='ocrx_word' id='word_1_223' title='bbox 622 2253 741 2292; x_wconf 65' lang='lat' dir='ltr'>Scythae</span> <span class='ocrx_word' id='word_1_224' title='bbox 761 2252 827 2281; x_wconf 67' lang='lat' dir='ltr'>laxo</span> <span class='ocrx_word' id='word_1_225' title='bbox 850 2252 946 2281; x_wconf 86' lang='lat' dir='ltr'>medi-</span> 
     </span>
     <span class='ocr_line' id='line_1_41' title="bbox 182 2293 943 2335; baseline -0.008 -6"><span class='ocrx_word' id='word_1_226' title='bbox 182 2303 297 2329; x_wconf 75' lang='lat' dir='ltr'>tantur</span> <span class='ocrx_word' id='word_1_227' title='bbox 310 2307 387 2327; x_wconf 84' lang='lat' dir='ltr'>arcu</span> <span class='ocrx_word' id='word_1_228' title='bbox 412 2297 520 2327; x_wconf 85' lang='lat' dir='ltr'>Cedere</span> <span class='ocrx_word' id='word_1_229' title='bbox 542 2296 666 2335; x_wconf 71' lang='lat' dir='ltr'>campis.</span> <span class='ocrx_word' id='word_1_230' title='bbox 693 2300 724 2324; x_wconf 85' lang='lat' dir='ltr'>et</span> <span class='ocrx_word' id='word_1_231' title='bbox 741 2294 845 2325; x_wconf 83' lang='lat' dir='ltr'>Carm.</span> <span class='ocrx_word' id='word_1_232' title='bbox 866 2293 943 2324; x_wconf 87' lang='lat' dir='ltr'>Saec.</span> 
     </span>
     <span class='ocr_line' id='line_1_42' title="bbox 183 2339 945 2380; baseline -0.005 -8"><span class='ocrx_word' id='word_1_233' title='bbox 183 2340 243 2372; x_wconf 66' lang='lat'>55.</span> <span class='ocrx_word' id='word_1_234' title='bbox 285 2341 360 2374; x_wconf 87' lang='lat' dir='ltr'>Jam</span> <span class='ocrx_word' id='word_1_235' title='bbox 376 2340 495 2380; x_wconf 74' lang='lat' dir='ltr'>Scythae</span> <span class='ocrx_word' id='word_1_236' title='bbox 508 2349 652 2378; x_wconf 80' lang='lat' dir='ltr'>responso</span> <span class='ocrx_word' id='word_1_237' title='bbox 665 2344 786 2379; x_wconf 84' lang='lat' dir='ltr'>petunt.</span> <span class='ocrx_word' id='word_1_238' title='bbox 859 2339 945 2374; x_wconf 69' lang='lat' dir='ltr'>Quis,</span> 
     </span>
     <span class='ocr_line' id='line_1_43' title="bbox 192 2380 942 2424; baseline -0.009 -7"><span class='ocrx_word' id='word_1_239' title='bbox 192 2387 339 2417; x_wconf 76' lang='lat' dir='ltr'>German.</span> <span class='ocrx_word' id='word_1_240' title='bbox 357 2393 432 2424; x_wconf 77' lang='lat' dir='ltr'>quos</span> <span class='ocrx_word' id='word_1_241' title='bbox 454 2383 566 2412; x_wconf 78' lang='lat' dir='ltr'>horrid.</span> <span class='ocrx_word' id='word_1_242' title='bbox 584 2387 708 2421; x_wconf 78' lang='lat' dir='ltr'>portur.</span> <span class='ocrx_word' id='word_1_243' title='bbox 719 2382 783 2423; x_wconf 82' lang='lat' dir='ltr'>fet.</span> <span class='ocrx_word' id='word_1_244' title='bbox 802 2391 859 2421; x_wconf 83' lang='lat' dir='ltr'>pro</span> <span class='ocrx_word' id='word_1_245' title='bbox 873 2380 942 2410; x_wconf 88' lang='lat' dir='ltr'>vul-</span> 
     </span>
     <span class='ocr_line' id='line_1_44' title="bbox 186 2424 945 2471; baseline -0.008 -11"><span class='ocrx_word' id='word_1_246' title='bbox 186 2427 274 2471; x_wconf 77' lang='lat' dir='ltr'>gari:</span> <span class='ocrx_word' id='word_1_247' title='bbox 298 2426 370 2469; x_wconf 81' lang='lat' dir='ltr'>quis</span> <span class='ocrx_word' id='word_1_248' title='bbox 382 2431 492 2466; x_wconf 85' lang='lat' dir='ltr'>paveat</span> <span class='ocrx_word' id='word_1_249' title='bbox 505 2424 646 2454; x_wconf 84' lang='lat' dir='ltr'>horridos</span> <span class='ocrx_word' id='word_1_250' title='bbox 663 2425 860 2455; x_wconf 77' lang='lat' dir='ltr'>Germanos?</span> <span class='ocrx_word' id='word_1_251' title='bbox 892 2424 945 2454; x_wconf 89' lang='lat' dir='ltr'>De</span> 
     </span>
     <span class='ocr_line' id='line_1_45' title="bbox 183 2467 941 2511; baseline -0.007 -9"><span class='ocrx_word' id='word_1_252' title='bbox 183 2471 275 2503; x_wconf 84' lang='lat' dir='ltr'>victis</span> <span class='ocrx_word' id='word_1_253' title='bbox 302 2479 357 2511; x_wconf 85' lang='lat' dir='ltr'>per</span> <span class='ocrx_word' id='word_1_254' title='bbox 381 2469 526 2501; x_wconf 88' lang='lat' dir='ltr'>Drusum</span> <span class='ocrx_word' id='word_1_255' title='bbox 555 2467 722 2498; x_wconf 83' lang='lat' dir='ltr'>Germanis</span> <span class='ocrx_word' id='word_1_256' title='bbox 747 2467 808 2498; x_wconf 88' lang='lat' dir='ltr'>vid.</span> <span class='ocrx_word' id='word_1_257' title='bbox 837 2468 941 2499; x_wconf 83' lang='lat' dir='ltr'>Carm.</span> 
     </span>
     <span class='ocr_line' id='line_1_46' title="bbox 184 2510 941 2553; baseline -0.008 -6"><span class='ocrx_word' id='word_1_258' title='bbox 184 2514 325 2547; x_wconf 85' lang='lat' dir='ltr'>anteced.</span> <span class='ocrx_word' id='word_1_259' title='bbox 413 2513 593 2547; x_wconf 79' lang='lat' dir='ltr'>Germania,</span> <span class='ocrx_word' id='word_1_260' title='bbox 618 2512 776 2553; x_wconf 84' lang='lat' dir='ltr'>(utsupra</span> <span class='ocrx_word' id='word_1_261' title='bbox 793 2511 841 2542; x_wconf 90' lang='grc' dir='ltr'>ΙΙ.</span> <span class='ocrx_word' id='word_1_262' title='bbox 861 2511 891 2541; x_wconf 91' lang='lat'>6.</span> <span class='ocrx_word' id='word_1_263' title='bbox 910 2510 941 2541; x_wconf 88' lang='lat'><strong>3.</strong></span> 
     </span>
     <span class='ocr_line' id='line_1_47' title="bbox 187 2553 946 2601; baseline -0.009 -10"><span class='ocrx_word' id='word_1_264' title='bbox 187 2562 290 2601; x_wconf 77' lang='lat' dir='ltr'>Syrtes</span> <span class='ocrx_word' id='word_1_265' title='bbox 304 2557 452 2592; x_wconf 71' lang='lat' dir='ltr'>barbam»,</span> <span class='ocrx_word' id='word_1_266' title='bbox 467 2561 498 2586; x_wconf 92' lang='lat' dir='ltr'>et</span> <span class='ocrx_word' id='word_1_267' title='bbox 515 2554 563 2585; x_wconf 92' lang='grc' dir='ltr'>ΙΙ.</span> <span class='ocrx_word' id='word_1_268' title='bbox 583 2554 613 2585; x_wconf 89' lang='lat'>9.</span> <span class='ocrx_word' id='word_1_269' title='bbox 632 2553 683 2584; x_wconf 90' lang='grc'>20.</span> <span class='ocrx_word' id='word_1_270' title='bbox 706 2556 859 2595; x_wconf 71' lang='lat' dir='ltr'>Mphates</span> <span class='ocrx_word' id='word_1_271' title='bbox 872 2556 946 2595; x_wconf 81' lang='lat' dir='ltr'>rigi·</span> 
     </span>
     <span class='ocr_line' id='line_1_48' title="bbox 186 2598 947 2643; baseline -0.008 -9"><span class='ocrx_word' id='word_1_272' title='bbox 186 2602 275 2643; x_wconf 77' lang='lat' dir='ltr'>dus,)</span> <span class='ocrx_word' id='word_1_273' title='bbox 291 2602 330 2632; x_wconf 84' lang='lat' dir='ltr'>ab</span> <span class='ocrx_word' id='word_1_274' title='bbox 351 2600 418 2642; x_wconf 80' lang='lat' dir='ltr'>ejus</span> <span class='ocrx_word' id='word_1_275' title='bbox 438 2598 611 2629; x_wconf 87' lang='lat' dir='ltr'>incolarum</span> <span class='ocrx_word' id='word_1_276' title='bbox 635 2604 746 2628; x_wconf 85' lang='lat' dir='ltr'>natura</span> <span class='ocrx_word' id='word_1_277' title='bbox 766 2605 798 2628; x_wconf 83' lang='lat' dir='ltr'>et</span> <span class='ocrx_word' id='word_1_278' title='bbox 819 2604 947 2628; x_wconf 85' lang='lat' dir='ltr'>externo</span> 
     </span>
     <span class='ocr_line' id='line_1_49' title="bbox 186 2641 945 2685; baseline -0.009 -8"><span class='ocrx_word' id='word_1_279' title='bbox 186 2655 354 2685; x_wconf 82' lang='lat' dir='ltr'>corporum</span> <span class='ocrx_word' id='word_1_280' title='bbox 367 2642 475 2674; x_wconf 78' lang='lat' dir='ltr'>habitu</span> <span class='ocrx_word' id='word_1_281' title='bbox 489 2641 603 2672; x_wconf 88' lang='lat' dir='ltr'>dicitur</span> <span class='ocrx_word' id='word_1_282' title='bbox 617 2643 739 2671; x_wconf 83' lang='lat' dir='ltr'>horrida</span> <span class='ocrx_word' id='word_1_283' title='bbox 747 2657 758 2678; x_wconf 91' lang='lat'><em>;</em></span> <span class='ocrx_word' id='word_1_284' title='bbox 778 2641 876 2671; x_wconf 81' lang='lat' dir='ltr'>Tacit.</span> <span class='ocrx_word' id='word_1_285' title='bbox 897 2641 945 2671; x_wconf 88' lang='lat' dir='ltr'>M.</span> 
     </span>
     <span class='ocr_line' id='line_1_50' title="bbox 188 2686 946 2725; baseline -0.008 -5"><span class='ocrx_word' id='word_1_286' title='bbox 188 2690 300 2721; x_wconf 82' lang='lat' dir='ltr'>Germ.</span> <span class='ocrx_word' id='word_1_287' title='bbox 322 2687 385 2718; x_wconf 88' lang='lat' dir='ltr'>IV.</span> <span class='ocrx_word' id='word_1_288' title='bbox 410 2686 543 2718; x_wconf 76' lang='lat' dir='ltr'>Habitus</span> <span class='ocrx_word' id='word_1_289' title='bbox 558 2696 717 2725; x_wconf 67' lang='lat' dir='ltr'>corporum</span> <span class='ocrx_word' id='word_1_290' title='bbox 731 2701 775 2708; x_wconf 92' lang='lat'>—-</span> <span class='ocrx_word' id='word_1_291' title='bbox 785 2686 866 2715; x_wconf 78' lang='lat' dir='ltr'>idem</span> <span class='ocrx_word' id='word_1_292' title='bbox 881 2695 946 2715; x_wconf 90' lang='lat' dir='ltr'>om-</span> 
     </span>
     <span class='ocr_line' id='line_1_51' title="bbox 187 2728 944 2769; baseline -0.011 -4"><span class='ocrx_word' id='word_1_293' title='bbox 187 2735 279 2765; x_wconf 79' lang='lat' dir='ltr'>nibus</span> <span class='ocrx_word' id='word_1_294' title='bbox 286 2748 298 2769; x_wconf 89' lang='lat'>‚·</span> <span class='ocrx_word' id='word_1_295' title='bbox 322 2738 423 2763; x_wconf 70' lang='lat' dir='ltr'>truces</span> <span class='ocrx_word' id='word_1_296' title='bbox 438 2735 465 2761; x_wconf 82' lang='lat' dir='ltr'>et</span> <span class='ocrx_word' id='word_1_297' title='bbox 479 2730 602 2761; x_wconf 80' lang='lat' dir='ltr'>caerulei</span> <span class='ocrx_word' id='word_1_298' title='bbox 615 2729 706 2765; x_wconf 85' lang='lat' dir='ltr'>oculi,</span> <span class='ocrx_word' id='word_1_299' title='bbox 723 2728 827 2758; x_wconf 79' lang='lat' dir='ltr'>rutilae</span> <span class='ocrx_word' id='word_1_300' title='bbox 841 2738 944 2763; x_wconf 84' lang='lat' dir='ltr'>comae,</span> 
     </span>
     <span class='ocr_line' id='line_1_52' title="bbox 187 2768 944 2818; baseline -0.011 -10"><span class='ocrx_word' id='word_1_301' title='bbox 187 2787 305 2818; x_wconf 85' lang='lat' dir='ltr'>magna</span> <span class='ocrx_word' id='word_1_302' title='bbox 335 2784 482 2815; x_wconf 59' lang='lat' dir='ltr'>corporum</span> <span class='ocrx_word' id='word_1_303' title='bbox 519 2772 592 2802; x_wconf 89' lang='lat' dir='ltr'>hinc</span> <span class='ocrx_word' id='word_1_304' title='bbox 620 2771 703 2801; x_wconf 83' lang='lat' dir='ltr'>infra</span> <span class='ocrx_word' id='word_1_305' title='bbox 732 2771 772 2801; x_wconf 93' lang='lat' dir='ltr'>V.</span> <span class='ocrx_word' id='word_1_306' title='bbox 809 2768 859 2801; x_wconf 90' lang='grc'>16.</span> <span class='ocrx_word' id='word_1_307' title='bbox 894 2769 944 2801; x_wconf 86' lang='lat'>17.</span> 
     </span>
     <span class='ocr_line' id='line_1_53' title="bbox 190 2815 942 2862; baseline -0.011 -11"><span class='ocrx_word' id='word_1_308' title='bbox 190 2822 259 2851; x_wconf 89' lang='lat' dir='ltr'>Nec</span> <span class='ocrx_word' id='word_1_309' title='bbox 272 2820 350 2862; x_wconf 85' lang='lat' dir='ltr'>sera</span> <span class='ocrx_word' id='word_1_310' title='bbox 373 2818 504 2849; x_wconf 78' lang='lat' dir='ltr'>caerulea</span> <span class='ocrx_word' id='word_1_311' title='bbox 517 2816 637 2847; x_wconf 78' lang='lat' dir='ltr'>domuit</span> <span class='ocrx_word' id='word_1_312' title='bbox 663 2815 830 2845; x_wconf 80' lang='lat' dir='ltr'>Germania·</span> <span class='ocrx_word' id='word_1_313' title='bbox 851 2815 942 2854; x_wconf 82' lang='lat' dir='ltr'>pube.</span> 
     </span>
     <span class='ocr_line' id='line_1_54' title="bbox 194 2857 947 2899; baseline -0.011 -5"><span class='ocrx_word' id='word_1_314' title='bbox 194 2863 259 2899; x_wconf 83' lang='lat' dir='ltr'>Qui</span> <span class='ocrx_word' id='word_1_315' title='bbox 276 2863 309 2894; x_wconf 65' lang='lat' dir='ltr'>m}</span> <span class='ocrx_word' id='word_1_316' title='bbox 323 2863 446 2893; x_wconf 79' lang='lat' dir='ltr'>horrida</span> <span class='ocrx_word' id='word_1_317' title='bbox 467 2858 507 2891; x_wconf 86' lang='lat' dir='ltr'>ad</span> <span class='ocrx_word' id='word_1_318' title='bbox 527 2859 626 2899; x_wconf 80' lang='lat' dir='ltr'>ipsam</span> <span class='ocrx_word' id='word_1_319' title='bbox 647 2863 799 2888; x_wconf 86' lang='lat' dir='ltr'>terrarum</span> <span class='ocrx_word' id='word_1_320' title='bbox 814 2857 848 2887; x_wconf 89' lang='lat' dir='ltr'>in</span> <span class='ocrx_word' id='word_1_321' title='bbox 867 2857 947 2887; x_wconf 89' lang='lat' dir='ltr'>Ger-</span> 
     </span>
     <span class='ocr_line' id='line_1_55' title="bbox 188 2899 944 2940; baseline -0.007 -5"><span class='ocrx_word' id='word_1_322' title='bbox 188 2905 293 2937; x_wconf 83' lang='lat' dir='ltr'>mania</span> <span class='ocrx_word' id='word_1_323' title='bbox 320 2911 462 2936; x_wconf 79' lang='lat' dir='ltr'>naturam</span> <span class='ocrx_word' id='word_1_324' title='bbox 497 2902 645 2940; x_wconf 82' lang='lat' dir='ltr'>referunt,</span> <span class='ocrx_word' id='word_1_325' title='bbox 679 2900 810 2931; x_wconf 82' lang='lat' dir='ltr'>laudant</span> <span class='ocrx_word' id='word_1_326' title='bbox 845 2899 944 2931; x_wconf 83' lang='lat' dir='ltr'>Tacit.</span> 
     </span>
     <span class='ocr_line' id='line_1_56' title="bbox 193 2946 948 2989; baseline -0.007 -11"><span class='ocrx_word' id='word_1_327' title='bbox 193 2949 275 2979; x_wconf 84' lang='lat' dir='ltr'>Mor.</span> <span class='ocrx_word' id='word_1_328' title='bbox 298 2949 404 2980; x_wconf 85' lang='lat' dir='ltr'>Germ.</span> <span class='ocrx_word' id='word_1_329' title='bbox 426 2948 474 2978; x_wconf 88' lang='grc' dir='ltr'>ΙΙ.</span> <span class='ocrx_word' id='word_1_330' title='bbox 498 2946 663 2989; x_wconf 60' lang='lat' dir='ltr'>informem</span> <span class='ocrx_word' id='word_1_331' title='bbox 686 2946 786 2980; x_wconf 77' lang='lat' dir='ltr'>terris,</span> <span class='ocrx_word' id='word_1_332' title='bbox 808 2954 948 2984; x_wconf 81' lang='lat' dir='ltr'>asperam</span> 
     </span>
     <span class='ocr_line' id='line_1_57' title="bbox 188 2987 947 3031; baseline -0.005 -9"><span class='ocrx_word' id='word_1_333' title='bbox 188 2994 270 3029; x_wconf 85' lang='lat' dir='ltr'>coelo,</span> <span class='ocrx_word' id='word_1_334' title='bbox 287 2995 404 3024; x_wconf 70' lang='lat' dir='ltr'>tristem</span> <span class='ocrx_word' id='word_1_335' title='bbox 426 2993 513 3024; x_wconf 75' lang='lat' dir='ltr'>cultu</span> <span class='ocrx_word' id='word_1_336' title='bbox 534 2991 745 3031; x_wconf 78' lang='lat' dir='ltr'>adspectuque.</span> <span class='ocrx_word' id='word_1_337' title='bbox 770 2997 796 3019; x_wconf 87' lang='lat' dir='ltr'>c.</span> <span class='ocrx_word' id='word_1_338' title='bbox 813 2987 852 3019; x_wconf 90' lang='lat' dir='ltr'>V.</span> <span class='ocrx_word' id='word_1_339' title='bbox 869 2988 947 3019; x_wconf 69' lang='lat' dir='ltr'>silvis</span> 
     </span>
    </p>
   </div>
   <div class='ocr_carea' id='block_1_11' title="bbox 982 1209 1772 3027">
    <p class='ocr_par' dir='ltr' id='par_1_11' title="bbox 984 1209 1745 1465">
     <span class='ocr_line' id='line_1_58' title="bbox 984 1209 1742 1252; baseline 0.004 -12"><span class='ocrx_word' id='word_1_340' title='bbox 984 1210 1149 1245; x_wconf 73' lang='lat' dir='ltr'>horridam,</span> <span class='ocrx_word' id='word_1_341' title='bbox 1167 1209 1335 1248; x_wconf 75' lang='lat' dir='ltr'>paludibus</span> <span class='ocrx_word' id='word_1_342' title='bbox 1348 1210 1482 1250; x_wconf 82' lang='lat' dir='ltr'>soedom.</span> <span class='ocrx_word' id='word_1_343' title='bbox 1569 1222 1644 1251; x_wconf 72' lang='lat' dir='ltr'>quos</span> <span class='ocrx_word' id='word_1_344' title='bbox 1668 1221 1742 1252; x_wconf 77' lang='lat' dir='ltr'>par-</span> 
     </span>
     <span class='ocr_line' id='line_1_59' title="bbox 985 1251 1744 1294; baseline 0.004 -11"><span class='ocrx_word' id='word_1_345' title='bbox 985 1253 1062 1283; x_wconf 77' lang='lat' dir='ltr'>turit</span> <span class='ocrx_word' id='word_1_346' title='bbox 1071 1252 1174 1294; x_wconf 76' lang='lat' dir='ltr'>secus.</span> <span class='ocrx_word' id='word_1_347' title='bbox 1190 1251 1371 1282; x_wconf 79' lang='lat' dir='ltr'>contemtim</span> <span class='ocrx_word' id='word_1_348' title='bbox 1386 1262 1442 1291; x_wconf 87' lang='lat' dir='ltr'>pro</span> <span class='ocrx_word' id='word_1_349' title='bbox 1463 1251 1510 1289; x_wconf 79' lang='lat' dir='ltr'>iis,</span> <span class='ocrx_word' id='word_1_350' title='bbox 1532 1253 1588 1294; x_wconf 87' lang='lat' dir='ltr'>qui</span> <span class='ocrx_word' id='word_1_351' title='bbox 1608 1253 1652 1285; x_wconf 86' lang='lat' dir='ltr'>ibi</span> <span class='ocrx_word' id='word_1_352' title='bbox 1673 1264 1744 1286; x_wconf 77' lang='lat' dir='ltr'>nas-</span> 
     </span>
     <span class='ocr_line' id='line_1_60' title="bbox 987 1295 1745 1339; baseline 0.004 -13"><span class='ocrx_word' id='word_1_353' title='bbox 987 1302 1111 1330; x_wconf 87' lang='lat' dir='ltr'>cuntur,</span> <span class='ocrx_word' id='word_1_354' title='bbox 1143 1295 1232 1335; x_wconf 83' lang='lat' dir='ltr'>quasi</span> <span class='ocrx_word' id='word_1_355' title='bbox 1267 1295 1378 1325; x_wconf 88' lang='lat' dir='ltr'>horum</span> <span class='ocrx_word' id='word_1_356' title='bbox 1407 1305 1533 1337; x_wconf 85' lang='lat' dir='ltr'>quoque</span> <span class='ocrx_word' id='word_1_357' title='bbox 1561 1296 1745 1339; x_wconf 70' lang='lat' dir='ltr'>prodigiosae</span> 
     </span>
     <span class='ocr_line' id='line_1_61' title="bbox 986 1337 1745 1373; baseline 0.001 -5"><span class='ocrx_word' id='word_1_358' title='bbox 986 1339 1097 1368; x_wconf 80' lang='lat' dir='ltr'>formae</span> <span class='ocrx_word' id='word_1_359' title='bbox 1111 1337 1277 1369; x_wconf 88' lang='lat' dir='ltr'>hominum</span> <span class='ocrx_word' id='word_1_360' title='bbox 1291 1344 1372 1369; x_wconf 83' lang='lat' dir='ltr'>terra</span> <span class='ocrx_word' id='word_1_361' title='bbox 1385 1345 1484 1369; x_wconf 84' lang='lat' dir='ltr'>mater</span> <span class='ocrx_word' id='word_1_362' title='bbox 1498 1339 1546 1370; x_wconf 79' lang='lat' dir='ltr'>sit.</span> <span class='ocrx_word' id='word_1_363' title='bbox 1634 1342 1745 1373; x_wconf 67' lang='lat' dir='ltr'>bellum</span> 
     </span>
     <span class='ocr_line' id='line_1_62' title="bbox 987 1381 1741 1422; baseline 0.003 -9"><span class='ocrx_word' id='word_1_364' title='bbox 987 1383 1108 1419; x_wconf 67' lang='lat' dir='ltr'>Iber-ize,</span> <span class='ocrx_word' id='word_1_365' title='bbox 1134 1382 1166 1412; x_wconf 90' lang='lat' dir='ltr'><strong>h.</strong></span> <span class='ocrx_word' id='word_1_366' title='bbox 1196 1391 1222 1411; x_wconf 90' lang='lat' dir='ltr'>e.</span> <span class='ocrx_word' id='word_1_367' title='bbox 1251 1381 1371 1412; x_wconf 87' lang='lat' dir='ltr'>bellum</span> <span class='ocrx_word' id='word_1_368' title='bbox 1402 1382 1620 1414; x_wconf 76' lang='lat' dir='ltr'>Cantabricum</span> <span class='ocrx_word' id='word_1_369' title='bbox 1632 1395 1643 1422; x_wconf 89' lang='lat'>;</span> <span class='ocrx_word' id='word_1_370' title='bbox 1679 1383 1741 1416; x_wconf 82' lang='lat' dir='ltr'>vid.</span> 
     </span>
     <span class='ocr_line' id='line_1_63' title="bbox 986 1423 1289 1465; baseline -0.003 -9"><span class='ocrx_word' id='word_1_371' title='bbox 986 1435 1070 1465; x_wconf 87' lang='lat' dir='ltr'>supr.</span> <span class='ocrx_word' id='word_1_372' title='bbox 1084 1424 1123 1455; x_wconf 89' lang='lat' dir='ltr'>ad</span> <span class='ocrx_word' id='word_1_373' title='bbox 1140 1424 1190 1455; x_wconf 93' lang='lat' dir='ltr'><strong>II.</strong></span> <span class='ocrx_word' id='word_1_374' title='bbox 1208 1424 1238 1455; x_wconf 90' lang='lat'>6.</span> <span class='ocrx_word' id='word_1_375' title='bbox 1259 1423 1289 1455; x_wconf 82' lang='grc'>7.</span> 
     </span>
    </p>

    <p class='ocr_par' dir='ltr' id='par_1_12' title="bbox 982 1466 1772 3027">
     <span class='ocr_line' id='line_1_64' title="bbox 1029 1466 1741 1512; baseline 0.003 -13"><span class='ocrx_word' id='word_1_376' title='bbox 1029 1479 1057 1499; x_wconf 86' lang='lat' dir='ltr'><strong>v.</strong></span> <span class='ocrx_word' id='word_1_377' title='bbox 1086 1466 1225 1499; x_wconf 77' lang='lat'>29-40.</span> <span class='ocrx_word' id='word_1_378' title='bbox 1261 1469 1369 1501; x_wconf 80' lang='lat' dir='ltr'>Condit</span> <span class='ocrx_word' id='word_1_379' title='bbox 1394 1470 1482 1505; x_wconf 81' lang='lat' dir='ltr'>diem,</span> <span class='ocrx_word' id='word_1_380' title='bbox 1512 1479 1568 1510; x_wconf 86' lang='lat' dir='ltr'>pro</span> <span class='ocrx_word' id='word_1_381' title='bbox 1597 1470 1718 1512; x_wconf 80' lang='lat' dir='ltr'>vulgari</span> <span class='ocrx_word' id='word_1_382' title='bbox 1732 1483 1741 1501; x_wconf 72' lang='grc' dir='ltr'><strong><em>ι</em></strong></span> 
     </span>
     <span class='ocr_line' id='line_1_65' title="bbox 987 1511 1746 1552; baseline 0.005 -10"><span class='ocrx_word' id='word_1_383' title='bbox 987 1511 1057 1543; x_wconf 84' lang='lat' dir='ltr'>finit</span> <span class='ocrx_word' id='word_1_384' title='bbox 1085 1512 1133 1542; x_wconf 90' lang='lat' dir='ltr'>vel</span> <span class='ocrx_word' id='word_1_385' title='bbox 1159 1511 1257 1552; x_wconf 81' lang='lat' dir='ltr'>exigit</span> <span class='ocrx_word' id='word_1_386' title='bbox 1281 1511 1387 1550; x_wconf 86' lang='lat' dir='ltr'>diem;</span> <span class='ocrx_word' id='word_1_387' title='bbox 1413 1511 1554 1543; x_wconf 80' lang='lat' dir='ltr'>similiter</span> <span class='ocrx_word' id='word_1_388' title='bbox 1583 1513 1746 1545; x_wconf 71' lang='lat' dir='ltr'>Menalcas</span> 
     </span>
     <span class='ocr_line' id='line_1_66' title="bbox 987 1554 1745 1597; baseline 0.004 -11"><span class='ocrx_word' id='word_1_389' title='bbox 987 1554 1072 1594; x_wconf 83' lang='lat' dir='ltr'>apud</span> <span class='ocrx_word' id='word_1_390' title='bbox 1095 1555 1184 1596; x_wconf 86' lang='lat' dir='ltr'>Virg.</span> <span class='ocrx_word' id='word_1_391' title='bbox 1213 1554 1326 1597; x_wconf 82' lang='lat' dir='ltr'>Eclog.</span> <span class='ocrx_word' id='word_1_392' title='bbox 1345 1555 1411 1586; x_wconf 91' lang='lat' dir='ltr'><strong>IX.</strong></span> <span class='ocrx_word' id='word_1_393' title='bbox 1429 1554 1482 1586; x_wconf 88' lang='grc'>52.</span> <span class='ocrx_word' id='word_1_394' title='bbox 1503 1557 1577 1588; x_wconf 70' lang='lat' dir='ltr'>coles</span> <span class='ocrx_word' id='word_1_395' title='bbox 1590 1559 1745 1589; x_wconf 77' lang='lat' dir='ltr'>cantando</span> 
     </span>
     <span class='ocr_line' id='line_1_67' title="bbox 987 1598 1746 1640; baseline 0.001 -10"><span class='ocrx_word' id='word_1_396' title='bbox 987 1601 1165 1636; x_wconf 83' lang='lat' dir='ltr'>condidisse,</span> <span class='ocrx_word' id='word_1_397' title='bbox 1186 1598 1219 1628; x_wconf 87' lang='lat' dir='ltr'>h.</span> <span class='ocrx_word' id='word_1_398' title='bbox 1243 1608 1269 1629; x_wconf 83' lang='lat' dir='ltr'>e.</span> <span class='ocrx_word' id='word_1_399' title='bbox 1291 1598 1438 1640; x_wconf 81' lang='lat' dir='ltr'>exegisse,</span> <span class='ocrx_word' id='word_1_400' title='bbox 1460 1598 1594 1639; x_wconf 80' lang='lat' dir='ltr'>dicitur3</span> <span class='ocrx_word' id='word_1_401' title='bbox 1617 1599 1746 1632; x_wconf 86' lang='lat' dir='ltr'>laudant</span> 
     </span>
     <span class='ocr_line' id='line_1_68' title="bbox 985 1641 1744 1730; baseline 0.003 -13"><span class='ocrx_word' id='word_1_402' title='bbox 985 1652 1113 1717; x_wconf 52' lang='lat'>{2533</span> <span class='ocrx_word' id='word_1_403' title='bbox 1124 1641 1246 1726; x_wconf 59' lang='lat'>‘’13332</span> <span class='ocrx_word' id='word_1_404' title='bbox 1257 1641 1744 1730; x_wconf 55' lang='lat' dir='ltr'>¹ffl⁰35¹3⁵1125532¹2355222²32</span> 
     </span>
     <span class='ocr_line' id='line_1_69' title="bbox 987 1728 1746 1770; baseline 0.001 -10"><span class='ocrx_word' id='word_1_405' title='bbox 987 1728 1117 1768; x_wconf 70' lang='grc' dir='ltr'><strong>δόσαμεν.</strong></span> <span class='ocrx_word' id='word_1_406' title='bbox 1154 1728 1277 1759; x_wconf 86' lang='lat' dir='ltr'>Scilicet</span> <span class='ocrx_word' id='word_1_407' title='bbox 1291 1730 1371 1760; x_wconf 86' lang='lat' dir='ltr'>diem</span> <span class='ocrx_word' id='word_1_408' title='bbox 1385 1731 1499 1767; x_wconf 79' lang='lat' dir='ltr'>condit,</span> <span class='ocrx_word' id='word_1_409' title='bbox 1513 1729 1569 1770; x_wconf 88' lang='lat' dir='ltr'>qui</span> <span class='ocrx_word' id='word_1_410' title='bbox 1582 1739 1656 1761; x_wconf 86' lang='lat' dir='ltr'>eum</span> <span class='ocrx_word' id='word_1_411' title='bbox 1671 1740 1746 1762; x_wconf 83' lang='lat' dir='ltr'>con-</span> 
     </span>
     <span class='ocr_line' id='line_1_70' title="bbox 987 1771 1747 1812; baseline -0.003 -9"><span class='ocrx_word' id='word_1_412' title='bbox 987 1772 1020 1804; x_wconf 90' lang='lat' dir='ltr'>di</span> <span class='ocrx_word' id='word_1_413' title='bbox 1034 1778 1065 1803; x_wconf 87' lang='lat' dir='ltr'>et</span> <span class='ocrx_word' id='word_1_414' title='bbox 1079 1771 1218 1803; x_wconf 85' lang='lat' dir='ltr'>occidere</span> <span class='ocrx_word' id='word_1_415' title='bbox 1233 1771 1337 1808; x_wconf 86' lang='lat' dir='ltr'>videt;</span> <span class='ocrx_word' id='word_1_416' title='bbox 1359 1782 1433 1802; x_wconf 86' lang='lat' dir='ltr'>nam</span> <span class='ocrx_word' id='word_1_417' title='bbox 1448 1772 1571 1812; x_wconf 82' lang='lat' dir='ltr'>proprie</span> <span class='ocrx_word' id='word_1_418' title='bbox 1584 1773 1650 1804; x_wconf 87' lang='lat' dir='ltr'>dies</span> <span class='ocrx_word' id='word_1_419' title='bbox 1671 1783 1747 1805; x_wconf 81' lang='lat' dir='ltr'>oon-</span> 
     </span>
     <span class='ocr_line' id='line_1_71' title="bbox 986 1815 1747 1856; baseline 0.004 -10"><span class='ocrx_word' id='word_1_420' title='bbox 986 1816 1078 1851; x_wconf 78' lang='lat' dir='ltr'>ditur,</span> <span class='ocrx_word' id='word_1_421' title='bbox 1095 1815 1143 1846; x_wconf 86' lang='lat' dir='ltr'>vel</span> <span class='ocrx_word' id='word_1_422' title='bbox 1158 1815 1214 1852; x_wconf 92' lang='lat' dir='ltr'>sol,</span> <span class='ocrx_word' id='word_1_423' title='bbox 1229 1815 1293 1856; x_wconf 82' lang='lat' dir='ltr'>qui,</span> <span class='ocrx_word' id='word_1_424' title='bbox 1315 1815 1393 1846; x_wconf 90' lang='lat' dir='ltr'>dum</span> <span class='ocrx_word' id='word_1_425' title='bbox 1414 1817 1449 1847; x_wconf 81' lang='lat' dir='ltr'>in</span> <span class='ocrx_word' id='word_1_426' title='bbox 1469 1818 1573 1848; x_wconf 72' lang='lat' dir='ltr'>undas</span> <span class='ocrx_word' id='word_1_427' title='bbox 1587 1827 1618 1848; x_wconf 75' lang='lat' dir='ltr'>se</span> <span class='ocrx_word' id='word_1_428' title='bbox 1631 1819 1747 1855; x_wconf 72' lang='lat' dir='ltr'>condit,</span> 
     </span>
     <span class='ocr_line' id='line_1_72' title="bbox 988 1856 1747 1901; baseline 0.001 -11"><span class='ocrx_word' id='word_1_429' title='bbox 988 1861 1040 1901; x_wconf 86' lang='lat' dir='ltr'>(ut</span> <span class='ocrx_word' id='word_1_430' title='bbox 1061 1858 1172 1900; x_wconf 79' lang='lat' dir='ltr'>virgil.</span> <span class='ocrx_word' id='word_1_431' title='bbox 1195 1859 1311 1900; x_wconf 87' lang='lat' dir='ltr'>Georg.</span> <span class='ocrx_word' id='word_1_432' title='bbox 1332 1858 1360 1889; x_wconf 91' lang='grc' dir='ltr'>Ι.</span> <span class='ocrx_word' id='word_1_433' title='bbox 1376 1856 1451 1890; x_wconf 78' lang='lat'>437.</span> <span class='ocrx_word' id='word_1_434' title='bbox 1475 1858 1640 1900; x_wconf 65' lang='lat' dir='ltr'>loquium)</span> <span class='ocrx_word' id='word_1_435' title='bbox 1663 1859 1747 1891; x_wconf 77' lang='lat' dir='ltr'>di·-</span> 
     </span>
     <span class='ocr_line' id='line_1_73' title="bbox 987 1901 1749 1942; baseline 0.003 -9"><span class='ocrx_word' id='word_1_436' title='bbox 987 1903 1082 1933; x_wconf 87' lang='lat' dir='ltr'>simul</span> <span class='ocrx_word' id='word_1_437' title='bbox 1109 1901 1246 1933; x_wconf 81' lang='lat' dir='ltr'>inductis</span> <span class='ocrx_word' id='word_1_438' title='bbox 1280 1902 1415 1934; x_wconf 79' lang='lat' dir='ltr'>tenebris</span> <span class='ocrx_word' id='word_1_439' title='bbox 1442 1902 1570 1942; x_wconf 71' lang='lat' dir='ltr'>condi23</span> <span class='ocrx_word' id='word_1_440' title='bbox 1607 1902 1654 1934; x_wconf 82' lang='lat' dir='ltr'>uti</span> <span class='ocrx_word' id='word_1_441' title='bbox 1683 1903 1749 1935; x_wconf 83' lang='lat' dir='ltr'>fere</span> 
     </span>
     <span class='ocr_line' id='line_1_74' title="bbox 987 1943 1747 1987; baseline 0.003 -10"><span class='ocrx_word' id='word_1_442' title='bbox 987 1946 1072 1986; x_wconf 82' lang='lat' dir='ltr'>apud</span> <span class='ocrx_word' id='word_1_443' title='bbox 1089 1945 1177 1987; x_wconf 85' lang='lat' dir='ltr'>Virg.</span> <span class='ocrx_word' id='word_1_444' title='bbox 1195 1945 1271 1976; x_wconf 88' lang='lat' dir='ltr'>AEn.</span> <span class='ocrx_word' id='word_1_445' title='bbox 1292 1945 1319 1976; x_wconf 92' lang='lat'>1.</span> <span class='ocrx_word' id='word_1_446' title='bbox 1337 1943 1412 1977; x_wconf 76' lang='lat'>437.</span> <span class='ocrx_word' id='word_1_447' title='bbox 1438 1945 1558 1986; x_wconf 84' lang='lat' dir='ltr'>Vesper</span> <span class='ocrx_word' id='word_1_448' title='bbox 1571 1948 1652 1978; x_wconf 82' lang='lat' dir='ltr'>diem</span> <span class='ocrx_word' id='word_1_449' title='bbox 1665 1958 1747 1979; x_wconf 84' lang='lat' dir='ltr'>com-</span> 
     </span>
     <span class='ocr_line' id='line_1_75' title="bbox 982 1988 1749 2031; baseline -0.001 -9"><span class='ocrx_word' id='word_1_450' title='bbox 982 2001 1106 2031; x_wconf 78' lang='lat' dir='ltr'>ponere,</span> <span class='ocrx_word' id='word_1_451' title='bbox 1130 1990 1162 2019; x_wconf 92' lang='lat' dir='ltr'><strong>h.</strong></span> <span class='ocrx_word' id='word_1_452' title='bbox 1186 2000 1213 2020; x_wconf 91' lang='lat' dir='ltr'>e.</span> <span class='ocrx_word' id='word_1_453' title='bbox 1242 1989 1401 2020; x_wconf 79' lang='lat' dir='ltr'>absolvere</span> <span class='ocrx_word' id='word_1_454' title='bbox 1422 1988 1517 2028; x_wconf 84' lang='lat' dir='ltr'>diem,</span> <span class='ocrx_word' id='word_1_455' title='bbox 1541 1996 1574 2021; x_wconf 88' lang='lat' dir='ltr'>et</span> <span class='ocrx_word' id='word_1_456' title='bbox 1601 1989 1697 2021; x_wconf 84' lang='lat' dir='ltr'>finem</span> <span class='ocrx_word' id='word_1_457' title='bbox 1718 1990 1749 2022; x_wconf 88' lang='lat' dir='ltr'>ei</span> 
     </span>
     <span class='ocr_line' id='line_1_76' title="bbox 988 2031 1748 2073; baseline 0.001 -9"><span class='ocrx_word' id='word_1_458' title='bbox 988 2034 1160 2073; x_wconf 87' lang='lat' dir='ltr'>imponere,</span> <span class='ocrx_word' id='word_1_459' title='bbox 1175 2031 1297 2063; x_wconf 88' lang='lat' dir='ltr'>dicitur.</span> <span class='ocrx_word' id='word_1_460' title='bbox 1386 2034 1478 2065; x_wconf 72' lang='lat' dir='ltr'>vitem</span> <span class='ocrx_word' id='word_1_461' title='bbox 1498 2035 1584 2065; x_wconf 77' lang='lat' dir='ltr'>ducit</span> <span class='ocrx_word' id='word_1_462' title='bbox 1605 2036 1648 2065; x_wconf 86' lang='lat' dir='ltr'>ad</span> <span class='ocrx_word' id='word_1_463' title='bbox 1660 2035 1748 2065; x_wconf 73' lang='lat' dir='ltr'>arbo-</span> 
     </span>
     <span class='ocr_line' id='line_1_77' title="bbox 989 2073 1749 2117; baseline -0.001 -8"><span class='ocrx_word' id='word_1_464' title='bbox 989 2089 1038 2109; x_wconf 81' lang='lat' dir='ltr'>res</span> <span class='ocrx_word' id='word_1_465' title='bbox 1058 2077 1089 2107; x_wconf 90' lang='lat' dir='ltr'><strong>h.</strong></span> <span class='ocrx_word' id='word_1_466' title='bbox 1116 2073 1149 2106; x_wconf 77' lang='lat' dir='ltr'>e.&#39;</span> <span class='ocrx_word' id='word_1_467' title='bbox 1169 2075 1263 2106; x_wconf 86' lang='lat' dir='ltr'>vitem</span> <span class='ocrx_word' id='word_1_468' title='bbox 1289 2076 1406 2107; x_wconf 82' lang='lat' dir='ltr'>arboris</span> <span class='ocrx_word' id='word_1_469' title='bbox 1427 2082 1540 2107; x_wconf 81' lang='lat' dir='ltr'>trunco</span> <span class='ocrx_word' id='word_1_470' title='bbox 1560 2076 1694 2117; x_wconf 76' lang='lat' dir='ltr'>applicat</span> <span class='ocrx_word' id='word_1_471' title='bbox 1716 2083 1749 2108; x_wconf 86' lang='lat' dir='ltr'>et</span> 
     </span>
     <span class='ocr_line' id='line_1_78' title="bbox 987 2118 1743 2159; baseline 0 -9"><span class='ocrx_word' id='word_1_472' title='bbox 987 2120 1144 2158; x_wconf 87' lang='lat' dir='ltr'>annectit;</span> <span class='ocrx_word' id='word_1_473' title='bbox 1230 2120 1350 2157; x_wconf 82' lang='lat' dir='ltr'>viduos,</span> <span class='ocrx_word' id='word_1_474' title='bbox 1375 2125 1533 2159; x_wconf 52' lang='lat' dir='ltr'>utsupra</span> <span class='ocrx_word' id='word_1_475' title='bbox 1555 2119 1605 2150; x_wconf 90' lang='lat'>11.</span> <span class='ocrx_word' id='word_1_476' title='bbox 1633 2118 1683 2151; x_wconf 87' lang='lat'>15.</span> <span class='ocrx_word' id='word_1_477' title='bbox 1711 2118 1743 2151; x_wconf 69' lang='lat'><strong>4.</strong></span> 
     </span>
     <span class='ocr_line' id='line_1_79' title="bbox 983 2162 1747 2205; baseline 0.001 -11"><span class='ocrx_word' id='word_1_478' title='bbox 983 2166 1132 2205; x_wconf 80' lang='lat' dir='ltr'>platanus</span> <span class='ocrx_word' id='word_1_479' title='bbox 1158 2164 1281 2200; x_wconf 71' lang='lat' dir='ltr'>caeleb55</span> <span class='ocrx_word' id='word_1_480' title='bbox 1305 2163 1379 2194; x_wconf 90' lang='lat' dir='ltr'>hinc</span> <span class='ocrx_word' id='word_1_481' title='bbox 1399 2162 1470 2194; x_wconf 84' lang='lat' dir='ltr'>vitis</span> <span class='ocrx_word' id='word_1_482' title='bbox 1490 2164 1621 2200; x_wconf 84' lang='lat' dir='ltr'>arbores,</span> <span class='ocrx_word' id='word_1_483' title='bbox 1644 2164 1747 2195; x_wconf 84' lang='lat' dir='ltr'>nomi-</span> 
     </span>
     <span class='ocr_line' id='line_1_80' title="bbox 989 2205 1746 2248; baseline 0.001 -10"><span class='ocrx_word' id='word_1_484' title='bbox 989 2207 1087 2238; x_wconf 85' lang='lat' dir='ltr'>natim</span> <span class='ocrx_word' id='word_1_485' title='bbox 1101 2208 1213 2243; x_wconf 80' lang='lat' dir='ltr'>ulmos,</span> <span class='ocrx_word' id='word_1_486' title='bbox 1236 2205 1422 2246; x_wconf 86' lang='lat' dir='ltr'>(Columell.</span> <span class='ocrx_word' id='word_1_487' title='bbox 1441 2205 1481 2236; x_wconf 90' lang='lat' dir='ltr'><strong>V.</strong></span> <span class='ocrx_word' id='word_1_488' title='bbox 1500 2205 1550 2246; x_wconf 89' lang='lat'>6.)</span> <span class='ocrx_word' id='word_1_489' title='bbox 1566 2212 1597 2237; x_wconf 82' lang='lat' dir='ltr'>et</span> <span class='ocrx_word' id='word_1_490' title='bbox 1606 2209 1746 2248; x_wconf 71' lang='lat' dir='ltr'>populos,</span> 
     </span>
     <span class='ocr_line' id='line_1_81' title="bbox 991 2248 1749 2293; baseline 0.001 -12"><span class='ocrx_word' id='word_1_491' title='bbox 991 2251 1077 2293; x_wconf 85' lang='lat' dir='ltr'>(infr.</span> <span class='ocrx_word' id='word_1_492' title='bbox 1103 2250 1139 2281; x_wconf 88' lang='lat' dir='ltr'><strong>V.</strong></span> <span class='ocrx_word' id='word_1_493' title='bbox 1161 2248 1192 2280; x_wconf 93' lang='grc'>2.</span> <span class='ocrx_word' id='word_1_494' title='bbox 1215 2248 1284 2289; x_wconf 89' lang='grc'><strong>10.)</strong></span> <span class='ocrx_word' id='word_1_495' title='bbox 1307 2249 1420 2290; x_wconf 82' lang='lat' dir='ltr'>quibus</span> <span class='ocrx_word' id='word_1_496' title='bbox 1441 2249 1571 2291; x_wconf 81' lang='lat' dir='ltr'>adjungi</span> <span class='ocrx_word' id='word_1_497' title='bbox 1591 2250 1749 2292; x_wconf 60' lang='lat' dir='ltr'>principue</span> 
     </span>
     <span class='ocr_line' id='line_1_82' title="bbox 989 2292 1746 2331; baseline 0.003 -6"><span class='ocrx_word' id='word_1_498' title='bbox 989 2294 1130 2325; x_wconf 86' lang='lat' dir='ltr'>solebant</span> <span class='ocrx_word' id='word_1_499' title='bbox 1145 2294 1232 2330; x_wconf 85' lang='lat' dir='ltr'>vites,</span> <span class='ocrx_word' id='word_1_500' title='bbox 1246 2295 1394 2324; x_wconf 83' lang='lat' dir='ltr'>maritare</span> <span class='ocrx_word' id='word_1_501' title='bbox 1408 2292 1532 2324; x_wconf 84' lang='lat' dir='ltr'>dicitur.</span> <span class='ocrx_word' id='word_1_502' title='bbox 1608 2296 1652 2325; x_wconf 79' lang='lat' dir='ltr'>ad</span> <span class='ocrx_word' id='word_1_503' title='bbox 1662 2295 1746 2331; x_wconf 75' lang='lat' dir='ltr'>vina,</span> 
     </span>
     <span class='ocr_line' id='line_1_83' title="bbox 990 2335 1744 2377; baseline -0.001 -9"><span class='ocrx_word' id='word_1_504' title='bbox 990 2338 1030 2368; x_wconf 87' lang='lat' dir='ltr'>ad</span> <span class='ocrx_word' id='word_1_505' title='bbox 1044 2335 1313 2377; x_wconf 78' lang='lat' dir='ltr'>compotationem.</span> <span class='ocrx_word' id='word_1_506' title='bbox 1359 2342 1390 2368; x_wconf 80' lang='lat' dir='ltr'>et</span> <span class='ocrx_word' id='word_1_507' title='bbox 1409 2338 1462 2367; x_wconf 79' lang='lat' dir='ltr'>ale.</span> <span class='ocrx_word' id='word_1_508' title='bbox 1479 2342 1510 2367; x_wconf 83' lang='lat' dir='ltr'>te</span> <span class='ocrx_word' id='word_1_509' title='bbox 1529 2348 1626 2368; x_wconf 74' lang='lat' dir='ltr'>mens.</span> <span class='ocrx_word' id='word_1_510' title='bbox 1643 2339 1744 2370; x_wconf 67' lang='lat' dir='ltr'>adhib.</span> 
     </span>
     <span class='ocr_line' id='line_1_84' title="bbox 987 2379 1749 2418; baseline -0.001 -5"><span class='ocrx_word' id='word_1_511' title='bbox 987 2383 1081 2413; x_wconf 83' lang='lat' dir='ltr'>deum</span> <span class='ocrx_word' id='word_1_512' title='bbox 1093 2394 1104 2412; x_wconf 85' lang='lat'><strong>.·</strong></span> <span class='ocrx_word' id='word_1_513' title='bbox 1135 2382 1178 2412; x_wconf 88' lang='lat' dir='ltr'>Te</span> <span class='ocrx_word' id='word_1_514' title='bbox 1191 2381 1280 2411; x_wconf 83' lang='lat' dir='ltr'>mult.</span> <span class='ocrx_word' id='word_1_515' title='bbox 1306 2386 1377 2411; x_wconf 78' lang='lat' dir='ltr'>cett.</span> <span class='ocrx_word' id='word_1_516' title='bbox 1416 2380 1552 2411; x_wconf 81' lang='lat' dir='ltr'>Sensus:</span> <span class='ocrx_word' id='word_1_517' title='bbox 1578 2386 1610 2411; x_wconf 88' lang='lat' dir='ltr'>et</span> <span class='ocrx_word' id='word_1_518' title='bbox 1622 2379 1694 2418; x_wconf 74' lang='lat' dir='ltr'>tibi,</span> <span class='ocrx_word' id='word_1_519' title='bbox 1710 2386 1749 2412; x_wconf 86' lang='lat' dir='ltr'>ut</span> 
     </span>
     <span class='ocr_line' id='line_1_85' title="bbox 990 2422 1772 2464; baseline -0.004 -8"><span class='ocrx_word' id='word_1_520' title='bbox 990 2425 1063 2456; x_wconf 84' lang='lat' dir='ltr'>Deo</span> <span class='ocrx_word' id='word_1_521' title='bbox 1094 2423 1244 2461; x_wconf 82' lang='lat' dir='ltr'>Tutelari,</span> <span class='ocrx_word' id='word_1_522' title='bbox 1276 2422 1397 2454; x_wconf 86' lang='lat' dir='ltr'>cultum</span> <span class='ocrx_word' id='word_1_523' title='bbox 1432 2422 1574 2454; x_wconf 86' lang='lat' dir='ltr'>divinum</span> <span class='ocrx_word' id='word_1_524' title='bbox 1609 2430 1745 2464; x_wconf 69' lang='lat' dir='ltr'>praestat,</span> <span class='ocrx_word' id='word_1_525' title='bbox 1767 2424 1772 2435; x_wconf 55' lang='lat'><em>*</em></span> 
     </span>
     <span class='ocr_line' id='line_1_86' title="bbox 989 2466 1747 2507; baseline -0.001 -8"><span class='ocrx_word' id='word_1_526' title='bbox 989 2467 1065 2499; x_wconf 88' lang='lat' dir='ltr'>dum</span> <span class='ocrx_word' id='word_1_527' title='bbox 1089 2467 1170 2498; x_wconf 82' lang='lat' dir='ltr'>inter</span> <span class='ocrx_word' id='word_1_528' title='bbox 1195 2466 1386 2507; x_wconf 83' lang='lat' dir='ltr'>precandum</span> <span class='ocrx_word' id='word_1_529' title='bbox 1410 2466 1484 2497; x_wconf 85' lang='lat' dir='ltr'>vina</span> <span class='ocrx_word' id='word_1_530' title='bbox 1511 2466 1567 2498; x_wconf 83' lang='lat' dir='ltr'>tibi</span> <span class='ocrx_word' id='word_1_531' title='bbox 1594 2467 1681 2504; x_wconf 72' lang='lat' dir='ltr'>libat,</span> <span class='ocrx_word' id='word_1_532' title='bbox 1703 2473 1747 2503; x_wconf 79' lang='lat' dir='ltr'>et.</span> 
     </span>
     <span class='ocr_line' id='line_1_87' title="bbox 987 2509 1749 2547; baseline -0.001 -5"><span class='ocrx_word' id='word_1_533' title='bbox 987 2512 1069 2542; x_wconf 83' lang='lat' dir='ltr'>sicut</span> <span class='ocrx_word' id='word_1_534' title='bbox 1086 2511 1190 2542; x_wconf 87' lang='lat' dir='ltr'>Graeci</span> <span class='ocrx_word' id='word_1_535' title='bbox 1209 2509 1379 2541; x_wconf 81' lang='lat' dir='ltr'>Dioscuros</span> <span class='ocrx_word' id='word_1_536' title='bbox 1392 2515 1424 2541; x_wconf 88' lang='lat' dir='ltr'>et</span> <span class='ocrx_word' id='word_1_537' title='bbox 1446 2509 1630 2547; x_wconf 78' lang='lat' dir='ltr'>Herculem,</span> <span class='ocrx_word' id='word_1_538' title='bbox 1651 2509 1695 2540; x_wconf 74' lang='lat' dir='ltr'>ita</span> <span class='ocrx_word' id='word_1_539' title='bbox 1716 2516 1749 2541; x_wconf 83' lang='lat' dir='ltr'>te</span> 
     </span>
     <span class='ocr_line' id='line_1_88' title="bbox 988 2553 1748 2595; baseline -0.001 -10"><span class='ocrx_word' id='word_1_540' title='bbox 988 2554 1095 2595; x_wconf 83' lang='lat' dir='ltr'>patriis</span> <span class='ocrx_word' id='word_1_541' title='bbox 1109 2554 1174 2584; x_wconf 85' lang='lat' dir='ltr'>suis</span> <span class='ocrx_word' id='word_1_542' title='bbox 1194 2553 1377 2584; x_wconf 86' lang='lat' dir='ltr'>numinibus</span> <span class='ocrx_word' id='word_1_543' title='bbox 1397 2559 1608 2584; x_wconf 60' lang='lat' dir='ltr'>accenset·—</span> <span class='ocrx_word' id='word_1_544' title='bbox 1624 2553 1748 2584; x_wconf 82' lang='lat' dir='ltr'>Scilicet</span> 
     </span>
     <span class='ocr_line' id='line_1_89' title="bbox 994 2595 1744 2638; baseline -0.003 -9"><span class='ocrx_word' id='word_1_545' title='bbox 994 2597 1131 2629; x_wconf 88' lang='lat' dir='ltr'>Romani</span> <span class='ocrx_word' id='word_1_546' title='bbox 1148 2599 1340 2638; x_wconf 85' lang='lat' dir='ltr'>Augustum,</span> <span class='ocrx_word' id='word_1_547' title='bbox 1363 2596 1426 2634; x_wconf 90' lang='lat' dir='ltr'>cui,</span> <span class='ocrx_word' id='word_1_548' title='bbox 1441 2602 1480 2627; x_wconf 90' lang='lat' dir='ltr'>ut</span> <span class='ocrx_word' id='word_1_549' title='bbox 1491 2596 1584 2628; x_wconf 81' lang='lat' dir='ltr'>tradit</span> <span class='ocrx_word' id='word_1_550' title='bbox 1600 2596 1666 2628; x_wconf 87' lang='lat' dir='ltr'>Dio</span> <span class='ocrx_word' id='word_1_551' title='bbox 1681 2595 1744 2627; x_wconf 80' lang='lat' dir='ltr'><strong>LI.</strong></span> 
     </span>
     <span class='ocr_line' id='line_1_90' title="bbox 991 2639 1746 2683; baseline -0.003 -11"><span class='ocrx_word' id='word_1_552' title='bbox 991 2640 1040 2673; x_wconf 88' lang='grc'>19.</span> <span class='ocrx_word' id='word_1_553' title='bbox 1054 2643 1122 2683; x_wconf 84' lang='lat' dir='ltr'>jam</span> <span class='ocrx_word' id='word_1_554' title='bbox 1139 2641 1181 2672; x_wconf 91' lang='lat' dir='ltr'>U.</span> <span class='ocrx_word' id='word_1_555' title='bbox 1203 2641 1240 2671; x_wconf 88' lang='lat' dir='ltr'><strong>C.</strong></span> <span class='ocrx_word' id='word_1_556' title='bbox 1265 2639 1501 2671; x_wconf 76' lang='lat' dir='ltr'>Dccxxw.</span> <span class='ocrx_word' id='word_1_557' title='bbox 1518 2650 1538 2670; x_wconf 79' lang='lat' dir='ltr'>a</span> <span class='ocrx_word' id='word_1_558' title='bbox 1557 2645 1667 2670; x_wconf 71' lang='lat' dir='ltr'>senatu</span> <span class='ocrx_word' id='word_1_559' title='bbox 1681 2645 1746 2670; x_wconf 78' lang='lat' dir='ltr'>tam</span> 
     </span>
     <span class='ocr_line' id='line_1_91' title="bbox 987 2682 1748 2725; baseline -0.003 -10"><span class='ocrx_word' id='word_1_560' title='bbox 987 2685 1122 2725; x_wconf 86' lang='lat' dir='ltr'>publicae</span> <span class='ocrx_word' id='word_1_561' title='bbox 1149 2693 1245 2725; x_wconf 89' lang='lat' dir='ltr'>quam</span> <span class='ocrx_word' id='word_1_562' title='bbox 1273 2684 1400 2724; x_wconf 68' lang='lat' dir='ltr'>private</span> <span class='ocrx_word' id='word_1_563' title='bbox 1425 2682 1588 2714; x_wconf 73' lang='lat' dir='ltr'>libationes</span> <span class='ocrx_word' id='word_1_564' title='bbox 1615 2682 1748 2714; x_wconf 62' lang='lat' dir='ltr'>decretae</span> 
     </span>
     <span class='ocr_line' id='line_1_92' title="bbox 987 2725 1747 2766; baseline -0.003 -7"><span class='ocrx_word' id='word_1_565' title='bbox 987 2729 1121 2762; x_wconf 79' lang='lat' dir='ltr'>fuerant,</span> <span class='ocrx_word' id='word_1_566' title='bbox 1138 2727 1178 2757; x_wconf 88' lang='lat' dir='ltr'>ad</span> <span class='ocrx_word' id='word_1_567' title='bbox 1193 2726 1373 2765; x_wconf 89' lang='lat' dir='ltr'>exemplum</span> <span class='ocrx_word' id='word_1_568' title='bbox 1397 2726 1589 2762; x_wconf 79' lang='lat' dir='ltr'>Graeoerum,</span> <span class='ocrx_word' id='word_1_569' title='bbox 1613 2725 1682 2766; x_wconf 84' lang='lat' dir='ltr'>(qui</span> <span class='ocrx_word' id='word_1_570' title='bbox 1696 2726 1747 2757; x_wconf 85' lang='lat' dir='ltr'>vel</span> 
     </span>
     <span class='ocr_line' id='line_1_93' title="bbox 989 2768 1744 2814; baseline -0.001 -13"><span class='ocrx_word' id='word_1_571' title='bbox 989 2773 1072 2802; x_wconf 86' lang='lat' dir='ltr'>bono</span> <span class='ocrx_word' id='word_1_572' title='bbox 1090 2770 1202 2807; x_wconf 88' lang='lat' dir='ltr'>Genio,</span> <span class='ocrx_word' id='word_1_573' title='bbox 1220 2769 1267 2800; x_wconf 88' lang='lat' dir='ltr'>vel</span> <span class='ocrx_word' id='word_1_574' title='bbox 1281 2769 1355 2801; x_wconf 81' lang='lat' dir='ltr'>Jovi</span> <span class='ocrx_word' id='word_1_575' title='bbox 1372 2768 1547 2806; x_wconf 82' lang='lat' dir='ltr'>Salutifero,</span> <span class='ocrx_word' id='word_1_576' title='bbox 1565 2768 1614 2800; x_wconf 77' lang='grc' dir='ltr'>Διΐ</span> <span class='ocrx_word' id='word_1_577' title='bbox 1627 2771 1744 2814; x_wconf 62' lang='grc' dir='ltr'>Σωτῆρι,</span> 
     </span>
     <span class='ocr_line' id='line_1_94' title="bbox 989 2811 1743 2853; baseline -0.001 -8"><span class='ocrx_word' id='word_1_578' title='bbox 989 2813 1051 2845; x_wconf 86' lang='lat' dir='ltr'>vid.</span> <span class='ocrx_word' id='word_1_579' title='bbox 1075 2815 1197 2853; x_wconf 81' lang='lat' dir='ltr'>Boenig.</span> <span class='ocrx_word' id='word_1_580' title='bbox 1222 2812 1263 2842; x_wconf 83' lang='lat' dir='ltr'>ad</span> <span class='ocrx_word' id='word_1_581' title='bbox 1283 2813 1314 2842; x_wconf 88' lang='lat' dir='ltr'><strong>h.</strong></span> <span class='ocrx_word' id='word_1_582' title='bbox 1333 2811 1354 2842; x_wconf 90' lang='lat'>1.</span> <span class='ocrx_word' id='word_1_583' title='bbox 1373 2817 1405 2842; x_wconf 89' lang='lat' dir='ltr'>et</span> <span class='ocrx_word' id='word_1_584' title='bbox 1424 2813 1534 2845; x_wconf 70' lang='lat' dir='ltr'>Jacobs</span> <span class='ocrx_word' id='word_1_585' title='bbox 1554 2812 1593 2843; x_wconf 82' lang='lat' dir='ltr'>ad</span> <span class='ocrx_word' id='word_1_586' title='bbox 1611 2812 1743 2844; x_wconf 80' lang='lat' dir='ltr'>Anthol.</span> 
     </span>
     <span class='ocr_line' id='line_1_95' title="bbox 993 2853 1748 2895; baseline -0.001 -7"><span class='ocrx_word' id='word_1_587' title='bbox 993 2857 1065 2888; x_wconf 89' lang='lat' dir='ltr'>Vol.</span> <span class='ocrx_word' id='word_1_588' title='bbox 1085 2856 1113 2887; x_wconf 95' lang='lat'>1.</span> <span class='ocrx_word' id='word_1_589' title='bbox 1132 2867 1162 2895; x_wconf 89' lang='lat' dir='ltr'>p.</span> <span class='ocrx_word' id='word_1_590' title='bbox 1179 2853 1254 2886; x_wconf 73' lang='lat'>314.</span> <span class='ocrx_word' id='word_1_591' title='bbox 1273 2854 1322 2885; x_wconf 84' lang='lat' dir='ltr'>vel</span> <span class='ocrx_word' id='word_1_592' title='bbox 1347 2854 1490 2893; x_wconf 86' lang='lat' dir='ltr'>Herculi,</span> <span class='ocrx_word' id='word_1_593' title='bbox 1511 2855 1560 2886; x_wconf 83' lang='lat' dir='ltr'>vel</span> <span class='ocrx_word' id='word_1_594' title='bbox 1582 2855 1650 2886; x_wconf 81' lang='lat' dir='ltr'>aliis</span> <span class='ocrx_word' id='word_1_595' title='bbox 1673 2856 1748 2887; x_wconf 80' lang='lat' dir='ltr'>Diis</span> 
     </span>
     <span class='ocr_line' id='line_1_96' title="bbox 993 2897 1746 2942; baseline -0.003 -10"><span class='ocrx_word' id='word_1_596' title='bbox 993 2899 1202 2935; x_wconf 76' lang='lat' dir='ltr'>Tutelaribus,</span> <span class='ocrx_word' id='word_1_597' title='bbox 1232 2897 1344 2942; x_wconf 78' lang='lat' dir='ltr'>pocula</span> <span class='ocrx_word' id='word_1_598' title='bbox 1371 2904 1441 2938; x_wconf 84' lang='lat' dir='ltr'>post</span> <span class='ocrx_word' id='word_1_599' title='bbox 1467 2908 1587 2930; x_wconf 84' lang='lat' dir='ltr'>coenam</span> <span class='ocrx_word' id='word_1_600' title='bbox 1618 2899 1746 2930; x_wconf 80' lang='lat' dir='ltr'>miscere</span> 
     </span>
     <span class='ocr_line' id='line_1_97' title="bbox 991 2941 1745 2982; baseline -0.001 -8"><span class='ocrx_word' id='word_1_601' title='bbox 991 2943 1156 2981; x_wconf 80' lang='lat' dir='ltr'>solebant,)</span> <span class='ocrx_word' id='word_1_602' title='bbox 1173 2952 1280 2972; x_wconf 84' lang='lat' dir='ltr'>mensa</span> <span class='ocrx_word' id='word_1_603' title='bbox 1294 2941 1430 2972; x_wconf 79' lang='lat' dir='ltr'>secunda</span> <span class='ocrx_word' id='word_1_604' title='bbox 1444 2941 1556 2982; x_wconf 86' lang='lat' dir='ltr'>pariter</span> <span class='ocrx_word' id='word_1_605' title='bbox 1577 2948 1614 2973; x_wconf 88' lang='lat' dir='ltr'>ut</span> <span class='ocrx_word' id='word_1_606' title='bbox 1636 2943 1745 2974; x_wconf 84' lang='lat' dir='ltr'>Deum</span> 
     </span>
     <span class='ocr_line' id='line_1_98' title="bbox 994 2985 1745 3027; baseline 0 -9"><span class='ocrx_word' id='word_1_607' title='bbox 994 2986 1181 3024; x_wconf 78' lang='lat' dir='ltr'>Tutelarcm,</span> <span class='ocrx_word' id='word_1_608' title='bbox 1198 2985 1276 3017; x_wconf 90' lang='lat' dir='ltr'>dum</span> <span class='ocrx_word' id='word_1_609' title='bbox 1290 2996 1411 3017; x_wconf 80' lang='lat' dir='ltr'>merum</span> <span class='ocrx_word' id='word_1_610' title='bbox 1426 2988 1506 3018; x_wconf 82' lang='lat' dir='ltr'>inter</span> <span class='ocrx_word' id='word_1_611' title='bbox 1517 2997 1622 3027; x_wconf 75' lang='lat' dir='ltr'>preces</span> <span class='ocrx_word' id='word_1_612' title='bbox 1631 2987 1745 3027; x_wconf 76' lang='lat' dir='ltr'>pateris</span> 
     </span>
    </p>
   </div>
  </div>
 </body>
</html>
