1904 3250
193 125 277 164 574·

816 121 1123 164 HORATII

189 252 274 290 405
308 249 454 290 Pieriis
477 255 634 290 tentata
654 246 812 288 modis:
845 246 1052 303 ludusque
1073 255 1275 303 repertus,

306 318 362 360 Et
381 318 603 375 longorum
623 330 798 371 operum
819 314 937 356 finis:
969 330 1022 357 ne
1042 314 1149 357 forte
1168 316 1319 372 pudori

306 392 370 434 Sit
390 391 464 432 tibi
487 389 616 430 Musa
635 389 739 445 lyrae
761 387 904 439 solers,
927 396 969 430 et
989 396 1134 430 cantor
1156 389 1324 445 Apollo.

304 460 467 501 Natura
486 458 607 500 fieret
625 457 835 500 laudabile
856 472 1038 508 carmen,
1061 473 1114 499 an
1134 466 1236 508 arte,

302 528 539 578 Quaesitum
559 535 645 569 est:
676 542 756 584 ego
775 542 854 569 nec
875 527 1059 568 studium
1080 527 1168 568 sine
1189 527 1315 569 divite
1336 541 1452 579 vena,

184 601 268 638 410
302 597 391 638 Nec
413 596 530 647 rude,
554 596 655 653 quid
675 596 820 652 possit,
842 595 964 637 video
984 596 1221 653 ingenium:
1253 595 1421 638 alterius
1441 597 1500 638 sic

303 669 450 710 Altera
468 669 604 726 poscit
624 684 748 725 opem
768 684 848 719 res,
871 677 913 710 et
933 669 1124 725 conjurat
1144 669 1287 711 amice.

301 741 390 791 Qui
411 742 549 783 studet
569 749 754 798 optatam
775 756 901 783 cursu
923 741 1165 798 contingere
1186 749 1352 791 metam,

301 814 443 856 Multa
462 815 557 856 tulit
577 814 756 872 fecitque
775 815 895 870 puer,
918 814 1082 856 sudavit
1102 822 1144 856 et
1164 814 1281 864 alsit3

300 887 517 929 Abstinuit
538 887 703 929 Venere
724 894 766 928 et
786 887 909 928 vino:
942 887 1013 943 qui
1038 886 1191 943 Pythia
1210 894 1350 928 cantat

182 961 267 1000 415
300 958 491 1010 Tibicen,
514 959 660 1001 didicit
679 959 796 1015 prius
817 959 1092 1016 extimuitque
1112 959 1371 1017 magistrum.

301 1031 392 1073 Nec
413 1033 511 1074 satis
532 1040 595 1074 est
615 1032 794 1074 dixisse:
829 1036 857 1057 “
879 1031 974 1090 Ego
994 1032 1100 1073 mira
1119 1039 1314 1088 poemata
1333 1047 1496 1091 pango:

301 1103 493 1161 Occupet
513 1113 747 1146 extremum
767 1105 940 1155 scabies,
969 1104 1073 1146 mihi
1093 1112 1216 1161 turpe
1237 1105 1416 1162 relinqui
1437 1114 1512 1156 est,

182 1228 278 1260 animi
293 1228 333 1259 ad
350 1229 513 1269 pulchram
535 1235 669 1260 mortem
691 1239 747 1269 pro
768 1229 868 1269 patria
888 1230 943 1260 ob·-

183 1271 319 1303 eundam
342 1272 569 1313 accenduntur)
586 1279 710 1304 aetatem
731 1273 881 1303 tulerunt.
900 1290 944 1298 -

182 1327 293 1350 mares,
310 1315 440 1347 viriiiter
454 1317 638 1354 sentientes3
663 1317 708 1348 sic
727 1327 822 1356 supra
838 1316 940 1355 Epist.

184 1359 213 1390 Ι.
234 1358 262 1389 l.
281 1358 334 1390 642
364 1360 479 1392 Curius
500 1366 531 1391 et
549 1359 703 1392 Camillus
717 1371 818 1391 mares
832 1360 943 1390 dicun-

180 1410 242 1434 tur.

225 1456 252 1476 v.
270 1445 453 1478 404-406.
477 1449 523 1479 Et
537 1449 606 1479 vitae
619 1453 747 1479 monstr.
765 1449 813 1478 via
827 1453 879 1481 est,
896 1456 939 1477 sc.

180 1501 199 1520 a
214 1491 322 1530 poetis,
345 1492 398 1531 qui
413 1497 567 1530 praecepta
586 1501 712 1522 morum
734 1490 939 1521 tradiderunt.

180 1540 263 1565 —et
276 1536 378 1574 gratia
393 1546 503 1574 regum
518 1536 602 1566 Pier.
619 1540 694 1565 teut-
712 1536 807 1571 mod„
822 1539 853 1564 et
869 1543 943 1572 poe-

181 1583 222 1608 tae
247 1585 408 1616 coeperunt
432 1577 466 1608 id
489 1588 592 1619 agere,
619 1584 656 1608 ut
682 1578 808 1619 (Pieriis
829 1576 942 1616 modis)

180 1620 370 1651 carminibus
380 1631 412 1651 se
423 1621 659 1652 insinuarent-in
668 1630 779 1661 regum
790 1619 922 1662 gratiam
931 1631 941 1658 ;

179 1670 301 1696 tentare
311 1666 449 1705 gratiam
463 1665 595 1706 alicujus
609 1670 671 1695 est:
697 1663 872 1703 periculum
894 1663 941 1694 fa-

180 1717 260 1744 cere,
291 1718 333 1738 an
358 1708 459 1748 parari
482 1708 580 1748 possit
608 1707 742 1748 alicujus
771 1707 881 1748 gratia.
898 1723 943 1732 —

122 1790 124 1792 Ι
179 1762 298 1791 regum,
314 1752 411 1791 possit
431 1751 559 1792 cogitari
581 1751 622 1782 de
639 1751 823 1782 Alexandro
846 1750 942 1791 Mag-

180 1804 231 1832 no,
257 1794 312 1835 qui
337 1797 389 1835 (ut
410 1795 504 1825 refert
525 1794 635 1826 Cicero
657 1804 714 1833 pro
731 1795 826 1824 Arch.
850 1793 939 1824 Poet.

179 1848 208 1868 c.
229 1836 298 1876 10.)
314 1841 426 1870 multos
438 1839 597 1879 scriptores
610 1849 719 1869 rerum
740 1848 874 1869 suarum
896 1848 943 1868 se-

179 1893 253 1913 cum
267 1883 405 1913 habuisse
419 1881 543 1917 dicitur,
559 1881 615 1912 sed
639 1881 793 1912 Horatius
807 1880 846 1911 ad
861 1880 942 1911 anti-

179 1925 288 1965 quiora
301 1932 443 1964 tempora
456 1925 601 1964 respexit.
688 1926 851 1965 ludusque,
874 1923 943 1954 ludi

179 1969 303 2006 scenici,
319 1968 434 2009 quibus
448 1975 517 2008 post
531 1968 620 1998 finita
630 1967 781 2008 longioris
794 1967 944 2006 temporis

179 2023 274 2051 opera
287 2012 327 2042 ad
342 2022 455 2052 corpus
466 2021 497 2043 et
508 2011 834 2042 animumlevandum
848 2011 943 2041 inter-

180 2066 245 2086 esse
261 2056 401 2087 solebant
415 2056 543 2092 rustici3
567 2055 599 2085 hi
622 2054 690 2085 ludi
711 2055 808 2096 igitur
821 2053 944 2085 rusticis

180 2110 307 2140 operum
322 2101 485 2140 longorum
499 2100 670 2141 suntfinis‚
686 2104 718 2129 et
730 2097 858 2139 quidem
873 2104 944 2137 post

180 2153 324 2181 messem,
340 2144 390 2174 vel
403 2142 487 2183 apud
505 2143 668 2173 Romanos
682 2152 789 2172 mense
806 2141 942 2172 Decem-

179 2187 236 2216 bri.
265 2187 367 2226 Supra
379 2187 481 2226 Epist.
498 2186 547 2217 ΙΙ.
566 2184 593 2216 1.
609 2183 680 2216 141.
702 2187 853 2224 Agricolae
859 2186 940 2225 pris

180 2232 218 2267 ci,
232 2231 340 2272 firtes
362 2242 518 2271 parvoque
533 2230 621 2265 beati,
641 2231 768 2261 Condita
782 2235 849 2269 post
859 2229 942 2270 fru-

179 2281 286 2305 menta
296 2276 431 2306 levantes
441 2280 574 2314 tempore
574 2274 660 2315 sesto
673 2275 788 2313 Cor1ms
796 2278 825 2303 et
838 2274 941 2313 ipsum

179 2320 324 2349 animum
339 2319 476 2360 spefinis
490 2317 744 2357 dura-ferentem.

224 2372 252 2391 v.
270 2359 345 2391 407.
373 2363 469 2392 Musa
485 2362 561 2402 lyrae
575 2361 674 2397 solers,
698 2359 774 2400 Lyrae
788 2369 862 2390 cum
876 2365 942 2390 arte

180 2404 349 2435 tractandae
364 2405 464 2435 sciens
485 2410 517 2434 et
530 2403 639 2443 perita,
664 2403 762 2434 Musa
783 2402 888 2442 lyrica,
912 2408 944 2433 et

180 2450 247 2479 haec
263 2459 320 2488 pro
333 2447 447 2485 studio,
462 2446 546 2488 quod
561 2446 784 2486 componendis
797 2446 942 2477 carmini-

179 2494 239 2523 bus
265 2491 368 2532 lyricis
390 2490 593 2530 impenditur,
691 2495 800 2521 cantor
822 2491 940 2530 Apollo,

179 2536 233 2576 qui
258 2534 316 2565 arti
338 2534 470 2565 canendi
492 2540 611 2574 praeest.
661 2535 801 2565 Cantor-is
815 2533 942 2564 nomine

179 2577 348 2620 insignitus
359 2578 551 2618 conspicitur
564 2579 672 2617 Apollo
685 2577 718 2607 in
733 2583 806 2607 vett.
821 2587 943 2607 numm.

224 2633 252 2653 v.
270 2620 345 2652 410.
367 2623 474 2662 possit,
500 2631 542 2652 sc.
560 2620 692 2657 efficere,
715 2621 764 2650 vel
785 2630 860 2659 pro:
886 2630 939 2650 va-

180 2666 252 2697 leat.
341 2668 429 2703 rude,
445 2665 611 2702 incultum,
625 2663 814 2705 neglectum,
827 2663 940 2694 doctri-

180 2721 230 2741 nae
244 2719 363 2748 expers-

225 2764 254 2783 v.
272 2751 454 2783 412—415.
477 2753 538 2788 Qui
551 2753 651 2783 studet
666 2756 737 2782 cett.
782 2750 943 2786 Quemad-

181 2797 311 2828 modum
334 2797 371 2834 is,
394 2796 449 2837 qui
463 2796 505 2826 ad
525 2795 648 2826 victoris
666 2793 792 2826 laudem
806 2793 941 2833 adspirat

181 2841 214 2870 in
230 2840 320 2877 ludis,
344 2840 398 2872 ubi
419 2850 513 2871 cursu
535 2845 679 2876 certatur,
699 2838 767 2879 jam
782 2847 860 2876 puer
873 2847 941 2868 om-

183 2883 235 2914 nia
263 2884 345 2922 fecit,
374 2893 446 2925 quae
473 2883 514 2914 ad
543 2893 655 2923 corpus
675 2880 939 2914 corroborandum

182 2934 340 2967 spectant;
363 2934 395 2958 et
407 2926 674 2969 quemadmodum
696 2926 731 2963 is,
753 2925 809 2967 qui
824 2924 938 2956 tibicen

985 1229 1109 1269 prodire
1123 1229 1192 1260 vult
1205 1229 1244 1260 ad
1259 1229 1443 1261 celebranda
1464 1228 1586 1270 Pythia,
1603 1229 1744 1261 diuante

985 1273 1149 1312 disciplina
1172 1273 1248 1304 boni
1269 1273 1410 1314 magistri
1430 1283 1507 1304 usus
1528 1272 1563 1303 in
1585 1279 1649 1304 arte
1671 1273 1747 1304 tibia

987 1316 1119 1348 canendi
1133 1326 1199 1347 sese
1212 1316 1360 1353 exercuit,
1382 1316 1427 1348 ita
1439 1323 1532 1356 poeta
1552 1316 1592 1348 ad
1607 1316 1745 1348 carmina

986 1359 1147 1391 scribenda
1172 1361 1251 1391 bene
1272 1366 1478 1400 praeparatum
1499 1366 1609 1400 pectus
1637 1360 1747 1391 afferre

986 1403 1086 1435 debet.

1028 1457 1058 1477 v.
1086 1444 1160 1476 413.
1197 1447 1302 1478 Multa
1327 1447 1398 1478 tulit
1422 1452 1494 1478 cett.
1534 1446 1607 1478 Vet-
1639 1446 1742 1478 Schol.

989 1490 1085 1530 Cruq.
1119 1492 1262 1527 Atlante,
1278 1491 1332 1530 qui
1347 1491 1388 1520 ad
1401 1491 1509 1522 curule
1524 1496 1681 1522 certamen
1695 1492 1746 1522 in-

986 1535 1196 1569 struebantur,
1212 1545 1278 1565 non
1291 1534 1420 1564 edebant
1441 1544 1551 1565 carnes
1570 1535 1669 1570 elisus,
1693 1536 1744 1564 :ed

986 1587 1071 1608 assas
1084 1578 1149 1617 igni
1170 1583 1307 1614 tantum,
1321 1593 1365 1600 —
1375 1578 1566 1608 abstinebant
1579 1587 1600 1607 a
1621 1578 1745 1614 Venere,

985 1628 1026 1658 el,
1041 1631 1082 1651 ne
1096 1621 1185 1662 forte
1204 1631 1262 1660 per
1274 1621 1428 1651 somnium
1441 1626 1536 1652 noctu
1549 1621 1617 1652 ludi
1732 1639 1747 1646 -

985 1670 1050 1701 tur,
1064 1665 1198 1695 laminas
1209 1664 1370 1704 plumbeas
1382 1664 1509 1695 renibus
1521 1665 1742 1704 offendebant.

1028 1718 1057 1738 v.
1075 1705 1150 1737 414.
1169 1709 1290 1748 Pythia,
1309 1705 1428 1745 Apollo
1436 1706 1503 1747 jam
1517 1706 1622 1737 infans
1633 1707 1745 1748 ingen-

985 1757 1049 1781 tem
1064 1752 1238 1789 serpentem
1254 1749 1401 1789 Pythona
1409 1750 1530 1790 sagittis
1538 1749 1745 1787 interfecerat,

986 1793 1071 1824 unde
1090 1793 1207 1833 Apollo
1221 1795 1361 1834 Pythius.
1378 1798 1411 1823 et,
1422 1802 1519 1830 sacra,
1541 1803 1612 1833 que
1630 1793 1664 1824 in
1676 1793 1748 1835 ejus

985 1837 1136 1868 bonorem
1152 1836 1225 1867 etin
1239 1835 1371 1867 feliciter
1384 1836 1456 1866 cesi
1470 1835 1614 1867 draconis
1626 1847 1746 1868 memo-

984 1880 1062 1912 riam
1076 1879 1329 1916 instituebantur,
1345 1881 1460 1920 Pythia
1474 1880 1635 1911 nominata
1648 1887 1733 1911 sunt.

1027 1935 1056 1954 v.
1085 1922 1269 1954 416—418.
1303 1925 1374 1955 Nec
1397 1925 1472 1955 satis
1491 1930 1535 1955 ese
1555 1930 1627 1955 ceu.
1675 1923 1745 1955 Nee

987 1968 1060 1998 satis
1082 1976 1129 1998 est
1150 1975 1249 2007 poetae
1264 1976 1380 1998 nomen
1401 1966 1441 1997 ad
1462 1976 1496 1997 se
1509 1966 1700 1998 transtulisse
1714 1973 1746 1998 et

986 2011 1150 2051 superbius
1163 2010 1294 2042 dixisse:
1322 2010 1398 2051 Ego
1410 2020 1480 2041 sum
1495 2020 1631 2052 magnus
1643 2017 1744 2061 poeta,

986 2065 1046 2096 ego
1060 2054 1176 2085 eximia
1189 2054 1327 2085 camina
1340 2063 1454 2096 pango,
1479 2053 1562 2084 male
1575 2053 1616 2086 sit
1629 2054 1668 2090 ei.
1689 2054 1746 2095 qui

986 2098 1020 2128 in
1033 2099 1202 2129 certamine
1217 2103 1264 2128 est
1278 2097 1430 2135 uhimus3
1451 2098 1492 2128 ab
1505 2096 1574 2128 aliis
1585 2107 1638 2129 me
1651 2107 1745 2137 supe-

985 2141 1057 2179 rari,
1072 2148 1104 2172 et
1124 2141 1224 2176 fateri,
1247 2151 1300 2171 me
1315 2141 1419 2181 (sane)
1433 2150 1504 2171 vere
1524 2140 1652 2178 nescire,
1672 2151 1745 2181 quae

985 2195 1049 2215 non
1065 2185 1168 2221 didici,
1184 2184 1216 2215 id
1232 2181 1309 2214 mihi
1323 2191 1371 2216 est
1390 2191 1491 2224 turpe.
1505 2202 1549 2209 —
1560 2183 1635 2215 Sine
1648 2183 1744 2215 dubio

986 2228 1122 2268 respexit
1137 2227 1292 2259 Horatius
1305 2233 1430 2268 poetam
1443 2226 1589 2269 aliquem,
1603 2227 1648 2258 sic
1661 2226 1744 2258 dese

985 2272 1168 2303 sentientem
1193 2278 1225 2303 et
1246 2271 1292 2302 sic
1311 2270 1378 2302 fere
1401 2270 1591 2311 loquentem.
1616 2277 1742 2310 poetam

984 2315 1131 2357 aliquem,
1153 2314 1209 2356 qui
1230 2314 1403 2357 pertinebat
1421 2313 1462 2344 ad
1483 2323 1547 2350 eos,
1569 2313 1610 2345 de
1629 2314 1743 2355 quibus

985 2369 1079 2399 supra
1094 2358 1247 2390 Horatius
1262 2358 1364 2398 Epist.
1381 2357 1430 2389 11.
1449 2356 1481 2388 2.
1501 2355 1572 2388 107
1596 2358 1742 2390 Gaudent

985 2405 1147 2434 scribentes
1159 2409 1189 2434 et
1203 2413 1234 2434 se
1252 2408 1450 2437 venerantur,
1474 2407 1506 2432 et
1523 2403 1616 2438 ultro,
1639 2402 1674 2432 Si
1693 2407 1742 2432 ta-

985 2458 1062 2482 ceas,
1077 2448 1220 2483 laudant,
1235 2447 1382 2486 quicquid
1393 2446 1538 2485 scripsere
1549 2446 1638 2476 beati.

1027 2501 1056 2520 v.
1085 2487 1303 2526 417.saab1·es,
1328 2489 1395 2518 haec
1419 2497 1479 2519 vox
1501 2487 1599 2519 fuisse
1619 2487 1742 2519 videtur

984 2533 1196 2584 opprobrium,
1220 2541 1284 2573 quo
1304 2531 1393 2571 pueri
1413 2530 1566 2562 currendo
1589 2537 1742 2563 certantes

985 2577 1024 2614 ei,
1039 2577 1094 2618 qui
1115 2575 1247 2607 ultimus
1259 2575 1299 2606 ad
1314 2581 1430 2606 metam
1445 2581 1578 2612 venerat,
1593 2585 1659 2605 rem
1674 2585 1742 2606 ma-

981 2599 1045 2651 lain
1054 2620 1319 2660 imprecabantur-3
1332 2617 1371 2648 ad
1383 2617 1520 2649 convicia
1529 2620 1665 2658 pertinet
1673 2629 1741 2650 sea-

982 2666 1043 2696 hies
1055 2663 1139 2704 apud
1156 2661 1271 2694 catull.
1293 2661 1449 2692 XLVII.
1465 2660 1496 2692 2.
1571 2668 1740 2694 extremum

986 2715 1018 2737 et
1042 2708 1178 2748 relinqui
1200 2705 1347 2737 translata
1368 2712 1443 2736 sunt
1466 2715 1486 2736 a
1509 2705 1740 2744 certaminibus,

986 2751 1040 2781 ubi
1055 2750 1128 2782 victi
1141 2761 1160 2782 8
1173 2749 1340 2781 victoribus
1352 2754 1423 2789 post
1442 2755 1567 2790 tergum
1583 2748 1741 2790 relinque·-

983 2795 1106 2825 bantur.

1028 2840 1223 2878 Praeceptum
1246 2837 1394 2868 ultimum
1405 2849 1416 2867 :

982 2881 1120 2920 epistolae
1143 2890 1213 2920 pars
1233 2886 1370 2910 versatur
1391 2879 1424 2910 in
1446 2878 1651 2919 descriptione
1665 2889 1738 2910 cum

981 2930 1216 2962 assentatorum,
1231 2923 1285 2964 qui
1307 2923 1445 2955 carmina
1465 2923 1669 2955 scribentibus
1689 2923 1738 2955 vel

1457 2841 1477 2856 ‘⁸
1500 2835 1623 2867 Ultima
1645 2836 1740 2878 hujus
