1904 3250
218 193 297 232 154

837 192 1142 238 HORATII

1573 206 1682 254 [ΜΒ.
1705 216 1773 244 111.

858 362 1118 388 HORATIUS.

327 445 477 495 Quid?
509 446 542 486 si
562 445 699 500 prisca
721 443 828 484 redit
850 443 1008 494 Venus,

440 518 732 572 Diductosque
746 516 852 573 jugo
874 517 986 574 cogit
1006 517 1167 559 aeneo?

326 588 368 629 Si
390 588 496 628 flava
517 586 726 627 excutitur
750 584 897 635 Chloe,

239 661 292 698 20

444 655 710 711 Rejectaeque
731 662 845 709 patet
859 654 987 709 janua
1013 654 1192 711 Lydiae‘?

902 813 1067 838 LYDIA.

322 918 590 974 Quamquam
613 918 748 959 sidere
768 918 955 973 pulcrior

438 988 515 1030 Ille
536 996 610 1038 est,
634 997 679 1029 tu
701 988 831 1029 levior
853 989 1020 1038 cortice,
1045 997 1085 1030 et
1107 989 1300 1045 improbo

320 1063 338 1104 Ι
344 1062 566 1104 facundior
591 1062 754 1103 Hadria
769 1078 777 1102 ε

435 1132 595 1174 Tecum
618 1133 755 1174 vivere
778 1148 926 1182 amem,
950 1142 1086 1174 tecum
1109 1133 1257 1174 obeam
1278 1133 1425 1175 libens.

765 1345 1091 1388 CARMEN
1143 1347 1201 1388 X.

843 1496 911 1527 AD
936 1497 1109 1528 LYCEN.

315 1619 580 1660 Ex'rnEMUM
606 1618 770 1660 Tanain
793 1619 826 1659 si
848 1619 1025 1670 biberes,
1050 1619 1178 1677 Lyce,

316 1690 441 1731 Saevo
462 1697 594 1745 nupta
614 1689 704 1729 viro
721 1705 729 1729 :
763 1703 829 1729 me
850 1697 990 1730 tamen
1011 1705 1178 1745 asperas

314 1762 561 1804 Porrectum
583 1770 678 1803 ante
698 1761 809 1803 fores
830 1762 1011 1818 objicere
1031 1763 1178 1805 incolis

720 1834 914 1876 Plorares
941 1836 1236 1893 Aquilonibus.

192 1962 266 1983 cum
284 1952 450 1982 Persarum
466 1962 541 1994 rege
556 1957 735 1991 comparato
749 1951 878 1992 adparet
898 1962 954 1983 au·

215 2002 321 2026 ustior.

192 2006 214 2037 g
235 2050 263 2069 v.
291 2038 408 2069 9-12.
433 2041 509 2079 regit
521 2056 532 2076 ,-
564 2038 700 2070 suaviter
720 2040 786 2080 regi
807 2038 956 2071 dicuntur

192 2090 355 2120 amatores,
386 2083 440 2124 qui
471 2083 510 2113 ad
534 2089 649 2113 nutum
675 2082 811 2113 dominae
836 2094 902 2114 suae
924 2094 957 2113 se

192 2132 405 2166 componunt;
493 2128 621 2158 cilliaroe
635 2129 732 2158 sciens
757 2127 885 2157 Graece:
913 2141 956 2157 κι-

191 2171 279 2213 θάρας
296 2169 392 2201 ιῖδυῖα.
482 2173 597 2201 animae
615 2170 733 2206 Chloae,
751 2171 867 2201 animae
880 2182 957 2202 meae

193 2215 246 2255 (ut
259 2224 353 2254 supra
371 2214 398 2244 1.
416 2213 446 2243 3.
461 2213 493 2244 8.
515 2214 630 2244 Noster
640 2213 794 2254 loquitur)
806 2215 932 2245 dimidio
940 2230 951 2250 ;

190 2257 231 2288 cf.
253 2267 338 2296 supr.
366 2257 416 2287 11.
445 2255 495 2287 17.
524 2256 554 2287 5.
590 2257 712 2287 Eodem
739 2256 955 2287 blandimento

194 2300 306 2332 Cicero
322 2301 383 2339 Ep.
403 2300 443 2330 ad
461 2301 535 2331 Div.
564 2300 663 2331 XIV.
692 2298 741 2330 14.
773 2300 954 2331 Terentiam

191 2352 223 2376 et
239 2343 411 2375 Tulliolam
427 2346 550 2375 animas
562 2355 633 2375 suas
650 2351 747 2375 vocat.

234 2398 263 2418 v.
292 2386 427 2418 13—16.
454 2389 509 2418 Me
530 2389 691 2430 torr.face
705 2389 950 2425 mun-torreri,

189 2430 230 2462 de
251 2431 336 2473 gravi
358 2431 473 2462 amoris
486 2439 582 2468 aestu3
607 2430 646 2461 cf.
665 2441 759 2470 supra
785 2430 810 2461 1.
836 2430 889 2461 33.
915 2430 946 2461 5.

190 2474 265 2506 infr.
285 2474 357 2506 111.
377 2473 426 2505 19.
445 2473 497 2504 20.
522 2474 625 2504 multo
646 2475 745 2515 major
762 2474 861 2515 igitur
883 2474 950 2515 Ly-

190 2518 253 2549 diae
280 2518 380 2550 verbis
407 2518 453 2548 vis
475 2517 564 2552 inest,
589 2527 683 2557 quaxn
712 2517 859 2549 Horatii:
893 2520 950 2549 Me

189 2573 279 2594 nunc
299 2564 427 2594 Thressa
444 2563 534 2593 Chloe
547 2563 631 2601 regit.
696 2563 841 2599 Thurini,
860 2561 948 2592 Thu-

189 2605 247 2643 ήο,
265 2605 415 2637 Lucaniae
428 2604 554 2644 oppido,
570 2603 706 2634 oriundi.

193 2649 348 2680 Horatius
362 2647 542 2689 simpliciter
555 2649 635 2678 mori
649 2647 779 2677 dixerat.

233 2703 261 2723 v.
284 2691 419 2723 17-20.
433 2693 537 2733 prisca
559 2693 672 2728 Venus,
689 2690 838 2730 pristinus
852 2700 948 2722 amor.

189 2738 376 2768 —Diduca
382 2736 458 2777 jug.
475 2745 538 2776 cog.
563 2746 632 2765 aen.
647 2743 704 2773 pro
719 2733 859 2775 vulgari:
889 2734 952 2764 dis-

188 2779 313 2819 junctos
334 2779 512 2811 firmissimo
531 2777 658 2808 vinculo
675 2777 856 2818 conjungat.
871 2777 954 2817 jug.

188 2834 252 2862 cog.
269 2834 338 2854 aen.
358 2833 453 2863 supra
467 2819 788 2864 quoque1.33.10.
839 2820 949 2851 Venus

189 2869 306 2898 animos
320 2868 377 2899 sub
389 2867 473 2907 juga
487 2876 584 2898 aenea
604 2867 725 2897 mittere
746 2863 871 2901 dicitur,
894 2865 949 2895 ubi

189 2910 228 2939 cf.
243 2916 307 2940 not.
325 2910 415 2941 etad
439 2906 620 2941 111.51

189 2958 224 2983 ut
239 2953 418 2984 sexcenties.

230 3005 257 3025 v·
277 2995 415 3028 21-24.
448 2999 543 3030 sidere
565 2997 702 3038 pulcrior
725 2996 755 3027 h.
785 3006 811 3026 e.
838 2994 946 3026 sideris

795 2606 838 2635 bis
859 2606 948 2642 mori,

698 2909 803 2950 flava,
826 2907 944 2948 pulcra,

998 1952 1132 1994 alicujus
1145 1951 1344 1992 splendorem
1369 1951 1480 1983 formae
1505 1962 1572 1984 suae
1593 1951 1693 1984 nitore
1706 1963 1758 1984 su·
1762 1984 1765 1986 ,

998 2004 1108 2036 perat;
1131 1995 1215 2036 apud
1233 1995 1334 2026 Hom.
1365 1995 1459 2028 Iliad.
1486 1994 1758 2037 V1.401.Asty-

998 2050 1079 2070 anax
1095 2040 1232 2080 ἀλίγκιος
1246 2039 1345 2082 deviet
1359 2041 1446 2081 καλᾷ
1461 2038 1597 2079 dicitur3
1619 2040 1760 2081 cogitan—

1000 2083 1076 2114 dum
1106 2083 1248 2123 inprimis
1283 2082 1323 2113 de
1349 2082 1455 2120 Luna,
1485 2084 1577 2132 cujus
1603 2083 1761 2124 splendori

999 2128 1113 2166 passim
1129 2127 1309 2166 pulcrarum
1323 2126 1495 2157 formarum
1517 2127 1599 2158 nitor
1619 2127 1761 2167 equipa-

999 2178 1107 2209 ratur3
1139 2170 1182 2201 sic
1207 2179 1291 2209 supr.
1323 2169 1372 2200 11.
1400 2169 1431 2200 5.
1458 2167 1507 2200 18.
1525 2169 1566 2200 de
1584 2169 1752 2202 Chloride:

997 2216 1063 2245 albo
1078 2216 1121 2246 sic
1143 2216 1271 2245 humero
1286 2214 1398 2250 nitens,
1430 2215 1471 2245 Ue
1492 2224 1576 2253 pura
1601 2219 1754 2245 nocturno

996 2259 1115 2288 renidet
1137 2259 1238 2296 Luna
1258 2258 1347 2287 mari.
1433 2257 1551 2294 cortice,
1575 2258 1696 2294 subere,
1719 2264 1757 2288 ut

997 2311 1091 2331 carm.
1110 2300 1248 2331 anteced.
1263 2309 1292 2328 v.
1313 2297 1362 2329 10.
1465 2301 1600 2340 improbo
1608 2301 1763 2332 iracunda

996 2346 1100 2376 Hadr.
1119 2354 1204 2383 supr.
1230 2353 1356 2384 quoque
1374 2343 1415 2373 ⁷1.
1441 2342 1496 2374 33.
1523 2341 1574 2375 15.
1602 2343 1762 2384 Myrmles.

994 2386 1155 2418 iracundia
1169 2397 1243 2417 cum
1265 2386 1360 2417 maris
1376 2386 1554 2418 Hadriatici
1575 2392 1654 2418 aestu
1667 2397 1753 2418 oom-

992 2436 1126 2471 paratur.

1204 2500 1206 2502 ’
1229 2516 1440 2548 CARMEN
1465 2517 1509 2548 x.

1037 2605 1068 2635 A
1087 2603 1182 2644 Lyce,
1198 2614 1293 2644 quam
1304 2605 1437 2641 amabat,
1453 2614 1518 2635 non
1528 2603 1682 2635 admissus
1689 2604 1759 2644 hoc,

990 2657 1116 2678 carmen
1130 2647 1299 2688 querulum
1320 2654 1393 2678 ante
1417 2647 1485 2688 ejus
1499 2648 1631 2689 januam
1652 2647 1745 2679 canit.

998 2690 1143 2722 Primum
1158 2691 1263 2732 igitur,
1290 2698 1327 2722 ut
1348 2690 1545 2722 miseratione
1559 2690 1608 2721 sui
1632 2690 1758 2731 durum·

998 2735 1100 2775 Lyceo
1121 2735 1262 2764 animum
1284 2734 1409 2775 frangat
1430 2741 1462 2764 et
1486 2733 1635 2772 -olliat,
1657 2745 1748 2766 saevae

991 2777 1192 2818 tempestatis,
1198 2784 1270 2808 ante
1277 2778 1362 2808 illius
1373 2778 1455 2807 foros
1464 2777 1521 2808 sibi
1531 2784 1671 2817 porrecto
1677 2788 1747 2818 per-
1756 2806 1758 2809 .

992 2821 1138 2858 ferendae,
1161 2820 1289 2860 exponit
1309 2820 1477 2862 injuriam3
1511 2820 1636 2859 deinde,
1659 2823 1764 2863 utab2

992 2865 1090 2895 invisa
1106 2865 1224 2895 Veneri
1237 2865 1382 2904 superbia
1393 2874 1463 2894 eam
1478 2864 1638 2900 deterreat,
1661 2865 1746 2896 subi·

989 2917 1035 2939 tas
1062 2908 1210 2939 Fortunae
1236 2908 1322 2938 'vices
1346 2907 1375 2938 ci
1406 2914 1479 2938 ante
1502 2908 1611 2939 oculos
1635 2908 1725 2948 ponit
1734 2921 1746 2947 ς

988 2951 1132 2993 denique,
1148 2951 1260 2982 iterun]
1275 2951 1303 2981 ei
1318 2953 1501 2991 exprobrata
1510 2962 1635 2983 summa
1648 2951 1759 2992 animi.

989 2994 1112 3032 duritie,
1128 3006 1161 3026 se
1172 2995 1338 3033 laboribus,
1354 3005 1432 3036 quos
1443 2996 1508 3036 ejus
1523 3006 1616 3027 causa
1626 2997 1757 3033 subeat.-
