1904 3250
206 154 292 192 496

837 150 1154 193 'HORATII

1628 159 1737 208 [Lm.
1760 169 1791 198 1.

328 277 569 321 Scurrantis
591 277 773 333 speciem
794 276 1001 332 praebere,
1022 277 1238 333 professus
1258 280 1452 322 amicum.

329 348 393 391 Ut
411 357 605 390 matrona
624 346 836 397 meretrici
856 346 1001 402 dispar
1021 347 1101 388 erit
1121 355 1247 405 atque

326 421 541 470 Discolor,
563 419 698 461 infido
720 434 878 461 scurrae
900 419 1073 461 distabit
1092 421 1264 463 amicus.

269 496 295 533 5
329 492 407 534 Est
426 491 526 532 huic
547 490 761 532 diversum
781 491 884 532 vitio
904 491 1053 532 vitium
1072 506 1207 547 prope
1226 493 1375 549 majus,

326 564 548 620 Asperitas
569 564 746 621 agrestis
768 571 810 605 et
829 564 1082 606 inconcinna
1101 565 1338 622 gravisque,

328 637 439 686 Quae
462 652 506 678 se
527 637 797 679 commendat
816 645 945 679 tonsa*
959 646 1067 688 cute,
1090 637 1287 680 dentibus
1308 639 1435 689 atris;

325 707 446 749 Dum
467 707 557 748 vult
577 707 749 748 libertas
771 707 855 749 dici
875 723 1005 758 mera,
1028 722 1211 765 veraque
1231 708 1376 750 virtus.
1480 700 1482 703 V

327 780 474 821 Virtus
495 788 560 822 est
579 780 767 822 medium
787 781 999 831 vitiorum,
1022 788 1064 822 et
1085 782 1282 838 utrinque
1302 781 1535 824 reductum.

242 854 292 892 10
326 850 449 892 Alter
469 850 514 891 in
535 851 785 907 obsequium
806 851 902 907 plus
923 866 1049 908 aequo
1069 866 1244 907 pronus,
1267 859 1309 893 et
1327 851 1403 892 imi

326 922 507 964 Derisor
527 921 638 973 lecti,
663 923 722 964 sic
742 930 893 964 nutum
914 923 1054 964 divitis
1074 922 1234 974 horret,

329 995 398 1036 Sic
419 995 543 1036 iterat
563 1010 701 1046 voces,
723 1003 766 1036 et
785 996 915 1037 verba
935 996 1128 1037 cadentia
1147 996 1270 1046 tollit,

328 1064 391 1106 Ut
410 1080 593 1120 puerum
615 1080 728 1106 saevo
750 1065 896 1107 credas
918 1065 1075 1107 dictata
1094 1067 1297 1124 magistro

328 1137 541 1189 Reddere,
564 1138 631 1180 vel
650 1146 793 1195 partes
813 1139 990 1180 mimum
1011 1146 1192 1182 tractare
1214 1138 1418 1181 secundas
1435 1155 1445 1180 :

242 1211 293 1250 15
326 1208 450 1250 Alter
470 1208 634 1250 rixatur
654 1209 709 1250 de
728 1208 826 1250 lana
846 1225 960 1265 saepe
981 1210 1166 1265 caprina,

206 1348 323 1368 scurrae
348 1343 380 1367 et
401 1338 533 1368 hominis
553 1339 655 1378 asperi
679 1337 806 1378 imag03
829 1337 976 1368 ultimam

205 1388 312 1410 autem
328 1381 396 1422 ejus
411 1388 533 1420 partem
559 1391 654 1411 nemo
678 1380 837 1411 erectioris
862 1381 978 1412 indolis

206 1424 312 1464 legere
327 1430 436 1463 potest,
452 1425 529 1465 quin
544 1430 610 1454 tam
625 1424 672 1458 iis,
689 1425 804 1465 quibus
829 1424 870 1455 ad
895 1435 977 1455 verae

205 1467 365 1498 felicitatis
393 1468 452 1499 sibi
482 1468 629 1508 parandae
653 1468 795 1499 studium
822 1468 978 1499 excitatur

207 1511 346 1549 Lollius,
369 1522 466 1552 quam
490 1518 573 1548 voto,
598 1521 663 1552 quo
688 1513 771 1542 hauc
798 1511 978 1551 Epistolam

208 1555 367 1585 Horatius
392 1555 471 1592 finit,
494 1566 588 1585 sensu
615 1557 807 1593 percutiatur
832 1555 977 1585 suavissi-

206 1608 270 1629 mo.
288 1615 334 1623 —-
351 1599 500 1629 Ceterum
530 1600 660 1635 Lollius,
686 1605 725 1630 ut
750 1605 834 1629 recte
855 1599 978 1639 judicat

207 1642 258 1673 cl.
285 1644 451 1677 Welzelius,
467 1641 552 1672 idem
569 1652 635 1672 esse
660 1642 794 1679 videtur,
818 1642 858 1672 ad
882 1652 978 1683 quem

206 1686 321 1724 scripta
349 1692 397 1716 est
427 1686 572 1724 Epistola
601 1686 699 1728 hujus
727 1685 798 1716 libri
831 1686 978 1723 secunda,

205 1729 324 1760 scilicet
346 1731 510 1761 Mam'mns
526 1731 658 1765 Lollius,
675 1732 725 1761 M.
742 1731 839 1761 Lollii
855 1731 981 1761 Palica-

205 1775 252 1809 ni,
268 1772 308 1803 ad
323 1783 419 1813 quem
445 1773 598 1812 scriptum
623 1779 671 1804 est
694 1783 821 1804 carmen
844 1773 980 1813 lyricum

205 1827 302 1856 supra
319 1815 383 1847 od.
405 1817 467 1848 IV.
487 1815 534 1853 9.,
549 1815 644 1847 filius.

248 1870 278 1890 v.
306 1858 336 1897 l,
367 1859 399 1890 2.
434 1861 588 1892 liberrime
612 1862 751 1892 —liber
776 1860 900 1895 dicitur,
923 1859 979 1901 qui

204 1903 328 1934 alienus
342 1906 383 1935 ab
397 1904 484 1934 omni
501 1903 711 1940 simulatione,
735 1914 808 1944 quae
831 1903 927 1934 sentit
947 1910 980 1935 ct

199 1947 335 1989 judicat,
350 1947 447 1978 libere
462 1955 494 1978 et
508 1947 649 1989 ingenue
663 1948 780 1987 profert
795 1954 828 1978 et
841 1948 950 1987 aperit.

249 2002 279 2021 v.
304 1990 335 2022 2.
363 1993 555 2027 Scurrantis,
585 1991 626 2021 cf.
658 1991 761 2031 Epist.
787 1991 920 2032 praeced.
948 2002 978 2022 v.

208 2033 260 2066 19.
346 2036 504 2077 professus
523 2037 674 2072 amicum,
698 2035 724 2065 si
743 2035 841 2066 semel
864 2041 895 2066 te
921 2034 978 2065 ali·

206 2079 300 2120 cujus
315 2080 453 2109 amicum
469 2078 628 2118 professus
641 2089 685 2110 es.

250 2134 280 2153 ν.
305 2121 336 2153 4«.
362 2123 524 2164 eleganter
549 2130 703 2159 matrona,
730 2122 823 2163 cujus
848 2123 981 2154 honesta

206 2166 325 2206 specics
339 2166 462 2197 diversa
476 2172 523 2196 est
537 2177 556 2196 a
571 2166 742 2197 meretricis
763 2167 867 2206 specie
887 2166 980 2197 inho-

205 2217 308 2247 nesta,
331 2217 462 2240 vocatur
482 2210 639 2240 meretrici
662 2211 803 2248 discolor,
825 2220 884 2251 pro
909 2210 979 2241 vul-

207 2255 293 2294 gari:
321 2253 502 2291 dissimilis;
526 2254 570 2284 sic
596 2256 677 2285 color
702 2265 830 2295 quoque
856 2254 897 2285 de
923 2264 977 2284 ex-

204 2304 296 2328 terna
321 2297 425 2338 specie
450 2297 500 2328 vel
525 2296 565 2327 de
594 2304 725 2328 externo
757 2298 867 2328 habitu
893 2303 925 2327 et
946 2308 979 2328 se

207 2341 339 2383 gerendi
354 2342 484 2379 ratione,
501 2351 596 2380 supra
614 2341 678 2372 Sat.
699 2341 748 2372 11.
771 2340 798 2372 l.
817 2341 871 2372 30.
905 2342 980 2373 Om-

208 2387 258 2417 nis
274 2387 470 2425 Aristippum
484 2386 588 2416 decuit
603 2387 683 2416 color
697 2392 724 2416 et
741 2391 840 2417 status
860 2392 889 2417 el
915 2396 974 2416 res.

205 2431 352 2472 —infid.
370 2440 413 2460 sc.
430 2430 498 2460 dist.
517 2430 646 2465 amicus,
662 2429 706 2459 ita
720 2428 842 2459 amicus
866 2440 886 2459 a
910 2439 978 2459 ma-

206 2472 248 2502 1ae
278 2472 353 2503 fidei
380 2482 487 2502 scurra
516 2472 723 2512 discrepabit;
751 2473 907 2512 particula
934 2476 979 2504 ita

206 2522 280 2556 post
299 2522 345 2552 ut,
372 2514 424 2546 ¹vel
453 2517 540 2553 sicut,
569 2526 633 2547 non
657 2526 727 2546 raro
754 2517 856 2546 omitti
881 2516 978 2555 solet;

207 2559 270 2590 vid.
298 2560 457 2591 Drokenb.
484 2559 523 2590 ad
550 2559 621 2590 Liv.
651 2560 718 2590 IX.
745 2558 795 2589 17.
824 2561 843 2600 §
876 2558 907 2590 4«.
940 2560 980 2591 ad

204 2603 391 2688 ἔζῗζΧῐν.
408 2602 439 2633 9.
460 2604 479 2644 §
500 2601 550 2634 10.
569 2610 601 2634 et
632 2603 673 2633 ad
700 2603 884 2634 XXXIX.
921 2602 974 2634 41.

252 2702 281 2721 v.
307 2690 339 2721 5.
361 2693 433 2723 kuic
448 2693 529 2727 vitio,
551 2689 675 2721 scurrili
696 2689 852 2721 dicacitati
876 2697 908 2721 et
932 2691 979 2721 fa-

204 2735 297 2767 cetiis
310 2734 455 2774 placendi
471 2734 587 2765 studio.

252 2789 281 2810 v.
307 2778 338 2816 6,
357 2777 388 2809 7.
413 2781 614 2814 inconcinna,
640 2777 777 2815 inficeta,
801 2780 977 2819 gravisque,

205 2829 240 2853 et
254 2823 397 2858 molesta,
471 2825 548 2858 Quoe
561 2832 593 2854 se
615 2824 821 2858 commendat,
849 2831 882 2851 se
903 2832 979 2852 con-

207 2866 402 2905 spiciendam
417 2868 555 2906 praebet3
578 2867 726 2906 asperitas
747 2866 834 2896 enim
856 2865 977 2905 profec-

208 2915 242 2938 to
257 2920 289 2940 se
305 2920 368 2940 non
381 2910 580 2941 commendat
592 2919 687 2940 sensu
698 2909 823 2949 proprio
835 2921 845 2946 ;
910 2915 978 2939 ton-

206 2962 242 2982 sa
258 2959 339 2991 cute,
355 2963 441 2995 ergo,
468 2954 523 2996 qui
545 2953 586 2984 ad
610 2958 717 2984 cutem
743 2961 845 2994 usque
867 2952 977 2984 tonde-

1019 1339 1142 1373 bantur,
1158 1337 1314 1369 faciebant
1335 1337 1465 1379 aliqnid,
1489 1337 1574 1379 quod
1598 1337 1639 1369 ad
1663 1348 1789 1370 morum

1021 1381 1219 1420 asperitatem
1236 1382 1420 1421 pertinebat.

1063 1435 1093 1454 v.
1119 1424 1150 1455 8.
1176 1426 1271 1456 Dum
1285 1427 1351 1456 vult
1365 1427 1429 1463 lib„
1453 1424 1533 1455 dum
1556 1425 1673 1464 asperis
1694 1426 1790 1456 mori-

1020 1468 1080 1498 bus
1109 1469 1254 1498 homines
1282 1468 1381 1500 videri
1410 1468 1523 1499 volunt
1557 1475 1622 1500 tam
1651 1469 1788 1505 candidi,

1020 1512 1075 1552 qui
1090 1512 1198 1542 omnia
1211 1512 1309 1542 libere
1322 1511 1439 1550 dicant,
1455 1521 1551 1553 quam
1566 1521 1647 1542 verae
1668 1513 1793 1544 virtutis

1022 1554 1166 1586 studiosi.

1065 1609 1094 1628 v.
1121 1598 1151 1629 9.
1191 1600 1295 1630 Virtus
1310 1605 1355 1630 est
1368 1601 1507 1630 medium
1522 1605 1594 1630 cett.
1645 1599 1707 1631 Sed
1729 1600 1792 1630 vir-

1021 1648 1074 1673 tus
1102 1642 1239 1673 mediam
1261 1643 1351 1683 quasi
1375 1642 1483 1673 sedem
1507 1642 1591 1673 inter
1614 1642 1680 1674 duo
1709 1643 1792 1674 dicta

1022 1685 1099 1716 vitia
1112 1692 1208 1723 tenet,
1224 1685 1292 1725 pari
1316 1686 1418 1726 spatio
1439 1687 1480 1717 ab
1503 1693 1639 1728 utroque
1661 1685 1793 1718 reducta

1023 1739 1088 1759 Sive
1102 1737 1234 1760 remota.

1067 1783 1096 1803 v.
1125 1771 1176 1810 10,
1210 1772 1261 1803 11.
1295 1775 1396 1809 Alter,
1421 1781 1546 1810 seum3
1582 1774 1639 1805 imi
1663 1774 1795 1805 Derisor

1023 1818 1095 1848 lecti
1102 1819 1300 1854 —Deriscm
1322 1816 1379 1857 qui
1403 1816 1481 1847 alios
1504 1816 1670 1847 illudendo
1692 1817 1794 1859 risum

1022 1867 1135 1899 captat,
1152 1870 1278 1898 scurra;
1300 1870 1416 1891 scurroe
1429 1860 1516 1891 enim
1530 1870 1597 1891 una
1621 1869 1697 1891 cum
1717 1869 1795 1891 oon-

1022 1903 1160 1935 vivatore
1192 1905 1228 1934 in
1256 1905 1317 1935 imo
1345 1906 1421 1936 lecto
1450 1903 1578 1934 triclinii
1608 1905 1795 1935 accumbere

1023 1946 1187 1986 solebant3
1210 1947 1284 1978 hinc
1297 1957 1392 1987 supra
1409 1947 1472 1978 Sat.
1493 1947 1522 1978 1.
1540 1946 1574 1978 8.
1597 1944 1657 1979 40.
1678 1957 1794 1978 scurrae

1026 1990 1175 2022 Vibidius
1198 1991 1392 2032 Balatroque
1413 1993 1471 2023 imi
1490 1992 1561 2023 lecti
1585 1992 1718 2023 convivae
1737 1996 1795 2031 npss

1022 2034 1195 2076 pellantur.
1281 2037 1392 2073 horret,
1407 2035 1522 2075 plenus
1534 2035 1672 2065 horroris
1684 2041 1726 2065 et.
1738 2043 1793 2065 ve·

1023 2079 1184 2110 recundiae
1197 2080 1350 2110 observat.

1067 2120 1183 2154 v.14.
1221 2124 1373 2160 Reddere,
1402 2121 1554 2160 recitare:
1587 2120 1715 2153 reddere
1744 2120 1794 2151 di-

1025 2168 1158 2204 cuntur-¹,
1181 2167 1248 2208 qui,
1279 2166 1365 2207 quod
1393 2165 1598 2201 edidicerunt,
1637 2165 1793 2203 recitant;

1023 2210 1068 2241 sic
1082 2221 1177 2250 supra
1195 2209 1258 2241 Od.
1279 2210 1343 2241 IV.
1361 2209 1393 2240 6.
1421 2207 1476 2240 43.
1499 2211 1627 2240 reddere
1651 2219 1790 2240 carmen.

1023 2271 1068 2278 —
1082 2257 1128 2286 vel
1140 2261 1223 2295 part.
1241 2255 1328 2285 mim.
1346 2259 1436 2285 tract.
1454 2254 1616 2290 secundas,
1631 2251 1691 2288 vel,
1714 2252 1794 2283 dum

1022 2297 1139 2337 primas
1169 2297 1258 2338 quasi
1286 2303 1390 2337 partes
1422 2295 1494 2346 agit.
1521 2301 1679 2346 panorm&
1717 2305 1793 2326 eum

1023 2351 1118 2382 agere
1145 2338 1320 2379 secundas;
1345 2350 1420 2371 cum
1448 2339 1541 2370 mimi
1568 2338 1731 2379 prodirent
1758 2339 1794 2370 in

1023 2395 1160 2423 scenam,
1176 2384 1256 2415 alius
1265 2386 1398 2425 primas,
1413 2383 1495 2414 alius
1519 2383 1683 2419 secundas,
1711 2381 1794 2414 alius

1023 2431 1140 2465 tertias,
1157 2435 1189 2459 et
1202 2428 1246 2458 sic
1260 2438 1363 2468 porro,
1379 2433 1483 2468 partes
1508 2427 1630 2468 agebat,
1652 2426 1697 2456 ita
1722 2427 1794 2468 qui.

1024 2472 1107 2509 dem,
1122 2478 1159 2502 ut
1173 2471 1306 2502 histrio·
1296 2482 1332 2508 is,
1347 2471 1402 2512 qui
1414 2470 1530 2510 primas
1540 2470 1662 2511 agebat,
1674 2477 1795 2502 ceteros

1023 2522 1088 2546 tam
1114 2525 1149 2546 re
1170 2521 1202 2546 et
1223 2514 1324 2552 dictis,
1348 2523 1448 2556 quam
1469 2513 1594 2544 actione
1617 2521 1788 2552 superaret.

1027 2559 1111 2590 Rem
1126 2558 1262 2589 illustrat
1276 2559 1343 2600 jam
1360 2569 1378 2588 a
1393 2558 1549 2590 Lambino
1570 2556 1684 2587 a‘natus
1703 2556 1794 2588 locus
1839 2573 1847 2582 ι

1025 2602 1198 2640 ciceronis,
1218 2602 1295 2633 Div.
1314 2602 1405 2632 Verr.
1425 2611 1452 2631 c.
1473 2599 1524 2631 15-
1580 2602 1623 2632 Ut
1643 2602 1680 2632 in
1709 2607 1794 2632 octo-

1022 2647 1110 2678 ribus
1129 2646 1325 2689 Graecisjz'en'
1339 2647 1475 2677 videmus
1483 2660 1495 2681 ‚·
1519 2655 1598 2684 saepe
1612 2646 1713 2681 illum,
1738 2646 1795 2686 qui

1023 2696 1067 2721 est
1101 2691 1315 2721 secundarum
1350 2694 1408 2720 aut
1443 2691 1609 2719 tertiarum
1639 2689 1792 2728 partium,

1022 2745 1098 2765 cum
1118 2734 1211 2774 possit
1233 2734 1393 2774 aliquanto
1419 2733 1534 2763 clarius
1559 2733 1669 2769 dicere,
1695 2743 1794 2772 quam

1021 2779 1084 2818 ipse
1095 2778 1284 2818 primarum,
1300 2778 1438 2807 multum
1452 2776 1656 2811 summittere,
1681 2781 1720 2807 ut
1743 2777 1794 2807 ille

1019 2823 1165 2862 princeps
1180 2831 1277 2862 quam
1299 2822 1431 2850 maxime
1452 2821 1585 2850 excellat
1631 2818 1794 2860 Boet'tigen·

1022 2864 1191 2906 singularis
1206 2863 1246 2894 de
1261 2873 1298 2893 ea
1313 2873 1347 2894 re
1364 2869 1466 2894 exstat
1484 2862 1611 2893 libellus
1635 2864 1675 2894 de
1695 2865 1789 2902 prim.

1022 2909 1149 2983 ἶεᾷἔθηά.
1167 2914 1196 2940 et
1211 2909 1379 2939 tertiarum
1392 2912 1476 2947 port.
1493 2907 1658 2954 actoribus.
1683 2907 1791 2940 Vinar-
