1904 3250
209 240 288 279 184

321 363 401 406 Vel
421 379 498 406 nos
519 365 562 406 in
583 379 698 406 mare
718 364 959 419 proximum

834 237 1142 281 HORATII

1569 246 1675 294 [Lm.
1699 256 1770 285 111.

439 434 653 484 Gemmas,
676 440 719 474 et
738 432 913 489 lapides,
935 447 1086 475 aurum
1107 441 1150 475 et
1168 433 1326 486 inutile,

325 507 487 550 Summi
507 506 724 548 materiem
744 505 857 557 mali,

234 580 289 618 50

319 644 547 687 Eradenda
566 644 774 701 cupidinis

439 576 675 627 Mittamus,
698 575 903 618 scelerum
924 577 960 618 si
979 577 1087 619 bene
1107 578 1296 634 poenitet.

436 717 561 758 Pravi
583 724 681 758 sunt
700 717 928 759 elementa:
962 726 1003 759 et
1022 725 1181 760 tenerae
1202 718 1326 760 nimis

320 788 491 830 Mentes
513 789 797 844 asperioribus

437 857 690 900 Formandae
712 858 872 900 studiis.

231 933 285 970 55
318 928 497 971 Haerere
518 930 725 988 ingenuus
746 945 866 986 puer,

937 859 1084 901 Nescit
1103 875 1213 920 equo
1234 860 1351 902 rudis

434 999 675 1057 Venarique
696 1000 837 1050 timet3
874 1000 1020 1043 ludere
1043 1001 1221 1053 doctior,

318 1068 402 1110 Seu
426 1068 581 1110 Graeco
597 1069 748 1127 jubeas
769 1068 932 1120 trocho,

436 1141 520 1183 Seu
539 1141 660 1183 malis
681 1142 809 1183 vetita
828 1142 992 1200 legibus
1013 1141 1126 1183 alea:

320 1213 466 1263 Quum
486 1215 657 1270 perjura
676 1215 807 1270 patris
829 1214 935 1256 fides

230 1289 286 1326 60

318 1354 585 1413 Indignoque
605 1356 828 1411 pecuniam

438 1423 614 1466 Haeredi
634 1433 846 1480 properet.

200 1567 268 1597 HS-
287 1576 354 1597 una
369 1566 533 1596 donatione
554 1567 728 1597 contulerit.
822 1568 890 1601 Quo
906 1568 969 1597 cla-

201 1621 269 1641 mor
283 1619 348 1640 voc.
365 1613 396 1639 et
409 1609 500 1639 turba
509 1609 582 1650 fav-
601 1609 683 1640 inter
707 1609 843 1640 faustam
859 1609 968 1649 populi

199 1650 370 1692 praeeuntis
380 1651 649 1683 acclamationem.
716 1655 752 1684 in
766 1665 854 1685 mare
865 1655 968 1693 proxi-

199 1706 301 1732 mum,
327 1695 528 1736 Tyrrhenum
542 1701 638 1735 puta3
662 1695 761 1727 valuit
782 1703 887 1727 autem
897 1696 965 1738 J’am

199 1738 372 1780 antiquitus
394 1738 596 1778 proverbialis
610 1739 665 1770 illa
678 1739 806 1777 locutio,
821 1750 894 1781 qua,
910 1739 965 1780 qui

198 1792 248 1813 res
269 1781 423 1823 quasdam
449 1788 657 1814 contemnunt
681 1790 712 1814 et
735 1783 816 1814 nihil
842 1789 965 1821 curant,

201 1836 254 1856 eas
268 1836 302 1856 se
315 1825 350 1855 in
364 1835 476 1866 aquam
500 1825 632 1867 abjicere
647 1826 726 1857 velle
748 1826 847 1858 aiunt.
898 1827 967 1867 Op-

198 1876 335 1910 portune
350 1868 384 1899 in
399 1869 481 1900 hanc
495 1878 561 1900 rem
579 1872 765 1911 Boeetigerus
775 1870 884 1901 laudat
899 1871 967 1901 Lu-

198 1913 280 1944 cian.
301 1912 385 1943 Tim.
406 1914 426 1954 §
443 1911 497 1943 56.
515 1923 546 1953 p.
567 1912 640 1944 173.
666 1915 718 1945 Σσῖἱ
731 1913 758 1945 δὶ
774 1915 864 1945 αὐτοῦ
877 1915 967 1957 χέων

199 1958 338 1993 ἶσα-ἄλην,
355 1970 390 1991 ως
406 1970 447 1996 μοι
463 1955 487 1988 δι
479 1957 612 2000 ιαφθείρῃ
628 1958 658 1988 σὲ
674 1972 707 1989 ero
723 1959 863 2012 κάκιστον
880 1959 966 1989 τοῦτο

199 2001 253 2031 καὶ
268 2000 404 2056 ἔπιβουλὲ
392 2014 496 2031 σταται
512 2014 617 2041 κτῆμα
633 2002 646 2031 ὅ
662 2002 801 2038 πλοῦτος,
818 2002 831 2032 ὃ
843 2004 967 2036 πολλοῖς

200 2045 351 2077 πολλάκις
367 2043 460 2078 αἴτιος
476 2045 639 2077 &maim-m
654 2045 801 2101 συμφοςων
810 2045 969 2086 'ys-ynam}-

200 2101 253 2122 νος·
280 2088 304 2118 εἷ
325 2087 385 2130 »γάρ
405 2101 453 2127 μοι
478 2087 761 2128 ma‘so10,uoz>„mm
785 2088 848 2120 ozor
864 2089 901 2124 εἷς
918 2102 968 2121 την

200 2131 368 2162 θάλατταν
384 2131 434 2174 <vig
435 2145 470 2161 ων
485 2132 614 2171 ἐμβαλεῖ
600 2146 635 2166 ις.
726 2134 850 2173 lapides,
875 2133 968 2162 unio-

198 2183 273 2213 noe5
296 2173 339 2204 cf.
356 2173 397 2204 ad
419 2145 539 2206 Catull.
559 2175 699 2206 LXIX.
723 2174 755 2205 4«.
780 2181 898 2207 mentes
918 2177 968 2207 ηἰ-

200 2219 260 2250 mis
271 2223 392 2252 teneroe,
405 2227 477 2259 quae
486 2228 572 2248 nunc
587 2218 681 2249 nimis
696 2218 787 2250 molli
802 2226 834 2250 et
848 2218 968 2249 effemi-

201 2267 276 2292 nata
288 2260 410 2291 ratione
424 2267 605 2292 tractantur.

206 2320 209 2323 ·
245 2314 275 2335 v.
292 2302 433 2335 54-64.
460 2307 569 2337 Nescit
592 2316 668 2347 equo
690 2308 779 2338 rudis
800 2311 872 2337 cett.
888 2315 969 2346 puer

204 2348 372 2380 Romanus
385 2358 443 2388 pro
457 2348 611 2386 molliore,
628 2359 691 2390 qua
705 2359 791 2380 nunc
804 2349 967 2385 educatur,

201 2391 323 2423 ratione
351 2391 513 2433 equitandi
550 2393 625 2423 artis
653 2393 817 2432 imperitus
841 2399 908 2431 est;
924 2408 968 2418 --

199 2435 343 2485 jungupt
369 2436 458 2467 rudis
486 2437 594 2473 nescit,
624 2437 711 2486 quod
735 2436 856 2476 poetica
880 2437 970 2475 copia

203 2489 263 2520 pro
288 2477 448 2518 simplice:
480 2479 588 2517 nescit,
614 2480 663 2510 vel
688 2480 823 2521 ignorat,
847 2479 970 2510 dictum

203 2532 272 2554 esse
285 2528 408 2563 putant.
457 2521 519 2553 Sed
534 2522 687 2559 nondum,
709 2529 746 2554 ut
760 2523 799 2554 de
813 2523 909 2564 hujus
922 2523 969 2554 lo-

204 2565 341 2597 cutionis
353 2564 524 2597 Latinitate
535 2566 613 2596 mihi
620 2567 848 2606 persuaderem,
855 2566 970 2597 adduci

203 2609 306 2650 potui.
353 2609 439 2647 Nam
453 2609 524 2651 quis
537 2609 616 2640 ferat
631 2610 713 2640 hoe?
723 2621 805 2650 puer
815 2611 971 2651 ingenuus

204 2655 294 2686 rudis
309 2654 398 2696 (proz
422 2652 583 2695 equitandi
605 2653 781 2693 imperitus)
797 2654 891 2685 nescit
907 2655 970 2684 hae-

206 2706 276 2728 rere
289 2708 376 2739 equo,
391 2704 467 2737 prot
485 2704 551 2727 non
565 2701 666 2737 potest
680 2697 826 2737 equitare.
856 2696 966 2733 Quid?

206 2741 233 2772 si
248 2751 305 2780 pro
319 2741 407 2773 mdis
422 2739 576 2772 Horatius
596 2741 670 2771 rudi
690 2739 866 2779 scripserit?
892 2740 923 2770 h.
937 2750 965 2770 e.

206 2794 290 2826 equo
304 2784 449 2815 nondum
462 2782 582 2815 domito
596 2789 628 2814 et
642 2782 872 2820 condocesacto,
882 2783 969 2824 quali

207 2827 338 2869 quidem
351 2828 408 2869 qui
422 2826 545 2864 insidet,
559 2829 674 2859 hcm-ere
695 2827 726 2857 h.
748 2837 776 2857 e.
794 2826 926 2857 firmiter
939 2827 968 2857 ei

206 2870 341 2902 insidere
355 2872 457 2902 debet.
500 2870 587 2902 Nam
597 2869 684 2912 quod
697 2869 844 2900 nonnulli
853 2873 894 2911 τῷ
906 2872 968 2901 Izae-

207 2926 275 2946 rere
289 2914 450 2946 notionem
463 2914 651 2945 infirmitatis
663 2914 764 2944 inesse
777 2913 966 2950 existimant,

207 2963 246 2988 ut
259 2958 299 2989 sit
312 2968 385 2998 pro:
412 2958 496 2989 male
520 2957 666 3000 equitare,
692 2956 854 2988 sententiae
875 2957 967 2997 plane

208 3009 381 3043 repugnat;
395 3002 422 3032 si
436 3002 506 3043 quis
520 3003 617 3034 nescit
630 3001 712 3033 male
722 3000 870 3041 equitare,
882 3000 968 3031 haud

210 3043 305 3076 dubie
319 3046 398 3077 bene
420 3045 558 3088 equitat3
586 3051 617 3078 at
641 3045 696 3087 qui
720 3046 816 3077 nescit
838 3043 968 3076 firmiter

436 1285 688 1328 Consortem
710 1287 870 1328 socium
890 1287 1009 1328 fallat
1028 1295 1070 1328 et
1091 1286 1315 1343 hospitem,

912 1425 1080 1468 Scilicet
1099 1425 1291 1481 inprobae

1012 1576 1093 1607 equo
1121 1565 1265 1601 insidere,
1297 1565 1380 1596 male
1408 1565 1538 1607 equitat.
1588 1566 1642 1598 Ad
1672 1567 1775 1598 studia

1011 1616 1129 1646 autem,
1158 1609 1273 1650 quibus
1301 1608 1391 1649 pueri
1424 1609 1562 1641 Romani
1589 1610 1624 1641 in
1655 1611 1776 1651 Campo

1000 1652 1133 1683 Martio
1162 1653 1396 1691 exercebantur,
1433 1653 1620 1693 pertinuisse
1650 1664 1777 1696 quoque

1008 1696 1077 1732 hoc,
1103 1702 1140 1727 ut
1163 1706 1262 1738 equos
1285 1695 1389 1727 adhuc
1413 1696 1585 1727 indomitos
1608 1697 1658 1728 vel
1683 1700 1777 1729 rudes

1008 1739 1182 1772 domarent,
1206 1739 1280 1770 satis
1300 1748 1413 1770 notum
1435 1747 1491 1771 est.
1539 1740 1630 1772 Hinc
1661 1741 1778 1772 Noster

1009 1793 1093 1822 supr.
1115 1782 1242 1814 1.8.7.
1260 1782 1300 1814 de
1314 1782 1495 1814 effeminato
1512 1783 1634 1824 Sybari:
1654 1786 1777 1817 Gallica

1009 1837 1064 1858 nec
1077 1828 1193 1867 lupatis
1219 1828 1382 1867 Temperat
1402 1838 1456 1858 ora
1465 1828 1583 1870 frenis.
1671 1830 1778 1860 verum·

1010 1873 1105 1907 timet,
1122 1871 1319 1901 venationem
1333 1869 1469 1912 refugit,
1490 1877 1528 1902 ut
1540 1881 1625 1912 supr.
1644 1871 1674 1902 Ι.
1691 1870 1724 1902 8.
1741 1871 1775 1903 8.

1008 1916 1094 1944 timet
1114 1915 1251 1946 Tiberim
1265 1920 1400 1954 tangere.
1489 1915 1596 1947 Groeco
1608 1917 1721 1952 trocho,
1732 1933 1777 1941 —

1009 1960 1144 1995 trochus,
1157 1957 1295 2000 (τρέχος)
1311 1957 1448 1988 circulus
1458 1967 1583 1996 aeneuS,
1598 1965 1676 1990 τοῖσι
1689 1958 1778 1990 simi-

1011 2001 1059 2037 lis,
1085 2009 1181 2042 quem
1206 2001 1296 2041 pueri
1318 2000 1463 2032 ludentes
1484 2001 1573 2043 virga
1593 2001 1693 2033 ferrea
1715 2002 1777 2034 cir-

1012 2045 1232 2086 cumagebant,
1255 2044 1333 2075 dum
1348 2043 1439 2075 valde
1453 2044 1688 2077 delectabantur
1708 2046 1776 2088 ejus

1011 2089 1152 2128 strepitu,
1178 2098 1276 2129 quem
1299 2088 1415 2119 annexi
1439 2088 1550 2120 annuli
1573 2089 1656 2120 inter
1763 2109 1777 2115 -

1011 2131 1090 2162 dum
1126 2131 1278 2169 edebant3
1316 2131 1378 2162 vid.
1414 2131 1595 2163 Mercurial.
1615 2132 1670 2169 lde
1701 2133 1773 2163 Art.

1015 2175 1134 2216 Gymn.
1155 2175 1228 2206 ΙΙΙ.
1246 2174 1277 2206 8.
1359 2176 1478 2212 Groeco,
1501 2186 1519 2206 e
1547 2175 1670 2207 Graecia
1690 2175 1776 2207 enim

1010 2218 1046 2249 in
1062 2218 1188 2250 Italiam
1202 2218 1388 2250 translatum
1398 2218 1501 2250 fuerat
1510 2219 1572 2250 hoc
1584 2218 1776 2250 instrumen-

1010 2268 1080 2293 tum
1095 2261 1266 2300 lusorium,
1257 2273 1266 2281 ·
1289 2263 1511 2303 graecabantur
1524 2261 1632 2303 igitur,
1647 2269 1684 2294 ut
1698 2262 1772 2293 infr.

1014 2306 1078 2337 Sat.
1098 2305 1149 2336 11.
1168 2304 1199 2335 2.
1221 2303 1271 2336 11.
1298 2305 1424 2342 dicitur,
1447 2305 1537 2344 pueri
1565 2305 1713 2337 Rotnani.
1731 2322 1776 2332 —-

1010 2350 1092 2381 vetit.
1105 2350 1162 2389 leg.
1178 2350 1258 2386 alea,
1270 2347 1346 2380 hinc
1356 2350 1394 2379 de
1407 2349 1475 2380 alea
1486 2349 1532 2391 (1ι.
1543 2359 1570 2379 e.
1585 2348 1670 2387 lusu,
1685 2348 1777 2392 cnjus

1010 2398 1151 2428 eventus,
1167 2391 1292 2433 jactatis
1305 2401 1419 2431 nempe
1438 2392 1511 2422 talis
1525 2392 1574 2423 vel
1587 2394 1721 2432 tesseris,
1740 2394 1775 2424 in

1011 2436 1147 2466 fortunae
1161 2435 1280 2475 positus
1300 2435 1363 2466 suit
1383 2435 1522 2474 arbitrio,
1543 2446 1619 2468 nos·
1645 2439 1776 2468 hazard-

1010 2477 1098 2520 spiel)
1115 2480 1388 2511 condemnatorum
1410 2478 1604 2510 mentionem
1624 2479 1700 2511 facit
1721 2480 1778 2512 Ci-

1012 2532 1083 2553 cero
1114 2522 1252 2562 Philipp.
1285 2522 1336 2553 11.
1368 2521 1422 2553 23.
1515 2525 1623 2559 Quum
1647 2524 1777 2565 pezium

1008 2566 1108 2607 patris
1127 2567 1214 2609 fides
1236 2571 1308 2596 cett.
1338 2565 1416 2596 dum
1439 2566 1526 2607 turpi
1537 2566 1664 2598 fraude
1687 2573 1776 2607 pater

1011 2608 1145 2640 corr-adit
1172 2609 1350 2651 pecuniam,
1379 2619 1476 2651 quam
1503 2609 1589 2640 filius
1616 2609 1776 2650 profusius

1011 2651 1170 2692 dilapidet.
1259 2663 1317 2684 soc.
1351 2655 1449 2685 socius
1483 2651 1607 2690 dicitur,
1637 2663 1776 2695 quocum

1010 2695 1082 2737 quis
1104 2696 1139 2726 in
1160 2694 1249 2726 lucro
1272 2695 1417 2727 faciendo
1439 2696 1617 2728 societatem
1632 2696 1714 2728 iniit.
1731 2717 1775 2723 -

1008 2740 1119 2782 sallat,
1145 2739 1310 2770 commode
1334 2739 1466 2771 laudant
1500 2740 1568 2771 Cic.
1603 2750 1635 2781 p.
1675 2740 1771 2772 Rosc.

1015 2780 1287 2814 Amer.4o.1n
1301 2785 1390 2816 reb-us
1404 2785 1574 2815 minoribus
1588 2785 1774 2835 sociumsal-

1011 2828 1073 2857 lere
1086 2827 1301 2866 turpissimum
1316 2833 1369 2858 est.
1382 2844 1425 2851 —
1441 2829 1536 2859 Recte
1556 2828 1653 2868 igitur
1677 2827 1776 2868 majo-

1012 2880 1062 2901 res
1082 2880 1165 2907 eum,
1181 2871 1237 2911 qui
1250 2871 1366 2902 socium
1378 2870 1552 2914 sffellisset,
1568 2873 1604 2903 in.
1625 2873 1774 2903 bonorum

1009 2915 1147 2945 tn'rorum
1160 2924 1291 2945 numero
1306 2925 1369 2945 non
1380 2920 1539 2954 putarunt
1559 2915 1667 2946 haberi
1687 2925 1773 2956 opor-

1010 2963 1082 2988 tere.
1173 2963 1303 2989 consort.
1321 2975 1365 2982 --
1378 2957 1482 2989 socius
1502 2957 1618 2989 dicitur
1639 2969 1771 2995 consor-⁸,

1009 3000 1076 3041 qui,
1092 3000 1177 3042 quod
1191 3006 1300 3033 sortem
1325 3002 1497 3043 (summam
1516 3001 1670 3042 pecunie,
1693 3010 1768 3032 nos:

1011 3044 1137 3085 capital)
1162 3044 1195 3075 in
1217 3044 1357 3076 medium
1380 3045 1523 3083 contulit,
1549 3045 1622 3087 jure
1642 3054 1700 3076 suo
1729 3055 1771 3075 ae-
