1904 3250
203 187 257 225 76

610 185 914 228 HORATII
964 183 1305 226 CARMINA.

1599 191 1706 238 [Lm.
1732 200 1759 228 1.

263 314 287 351 5
322 311 508 367 Simplici
528 320 665 369 myrto
685 312 788 353 nihil
809 311 1028 352 adlabores

324 380 502 422 Sedulus
523 397 659 430 curae3
690 394 825 436 neque
846 388 887 420 te
906 379 1142 420 ministrum

322 453 512 495 Dedecet
532 460 706 509 myrtus,
729 466 864 507 neque
884 465 951 491 me
973 450 1050 491 sub
1071 457 1162 491 arta

725 524 821 565 Vite
841 523 1064 564 bibentem.

205 648 342 689 plicitate
364 646 464 687 magis
486 653 580 685 quam
603 641 766 683 splendido
780 651 890 672 eorum
904 652 957 682 ap-

205 698 314 732 paratu
337 689 490 725 delectari,
513 696 657 727 puerum,
681 686 733 716 cui
754 685 886 716 convivii
905 696 960 725 ap-

205 735 334 776 parandi
376 742 483 764 curam
523 729 774 767 demandaverat,
813 738 960 766 coronam

204 778 396 811 convivalem
424 774 509 806 haud
532 783 570 805 ex
600 772 727 804 floribus
751 772 962 813 undecunque

206 823 343 854 studiose
357 818 546 860 conquisitis,
568 816 622 848 sed
643 827 682 847 ex
703 815 845 856 simplice
859 823 962 856 myrto

206 873 328 898 nectere
337 865 438 906 jubet.

249 921 276 940 v.
297 905 387 938 1—4.
416 907 551 938 Persicos
565 906 614 935 odi
628 906 767 945 adparat.
814 903 866 934 De
883 903 958 934 Per-

206 963 310 985 sarum
331 952 408 982 luxu
425 956 456 980 et
469 948 702 990 magnificentia
723 947 757 977 in
778 947 962 987 apparandis

207 995 354 1028 conviviis
375 994 437 1024 vid.
467 993 583 1023 Athen.
610 991 672 1023 IV.
694 990 743 1022 10.
762 998 792 1022 et
810 989 860 1021 12.
886 990 957 1021 val.

208 1041 298 1071 Max.
330 1038 391 1069 IX.
423 1036 449 1068 l.
467 1036 585 1067 AElian.
615 1035 655 1065 V.
676 1035 723 1066 Η.
742 1034 841 1066 XIV.
859 1032 959 1065 34..-

208 1096 293 1116 nexae
303 1084 427 1124 philyra
443 1091 562 1112 coronae
582 1089 705 1110 coronae
727 1078 900 1109 convivales
921 1087 960 1108 ex

205 1127 296 1158 variis
309 1126 436 1156 floribus
456 1134 511 1164 per
531 1122 686 1163 philyram
706 1132 867 1160 connexae,
889 1132 960 1163 quae

207 1171 281 1201 inde
302 1170 485 1200 dicebantur
512 1169 615 1199 sutiles
627 1183 636 1203 ;
669 1167 709 1196 de
725 1168 848 1207 philyra
874 1165 957 1197 Plin.

210 1215 256 1245 H.
278 1215 320 1245 N.
341 1211 441 1244 XVI.
462 1209 511 1241 14·-
530 1222 553 1241 s.
572 1210 623 1240 25.
650 1212 740 1241 Inter
762 1211 904 1241 corticem
925 1220 962 1240 ac

205 1261 327 1299 lignum
342 1263 449 1288 tenues
470 1257 585 1287 tunicae
608 1255 768 1294 multiplici
787 1254 963 1284 membran-

205 1305 271 1339 ula,
293 1313 309 1332 e
337 1301 448 1342 quibus
478 1301 614 1334 vincula,
646 1299 719 1328 cilice
753 1295 959 1339 (lindenbast)

207 1351 366 1381 vocantur,
389 1345 573 1375 tenuissimoe
594 1353 704 1373 earum
722 1343 862 1382 philyroe,
879 1352 961 1372 coro-

205 1401 322 1420 narum
351 1388 499 1418 lemniscis
529 1387 663 1420 celebres,
686 1387 886 1426 antiquorum
909 1386 962 1414 ho-

206 1444 290 1464 nore.
366 1433 450 1462 mille
466 1429 538 1460 noli.
615 1440 679 1460 sera
696 1434 829 1460 moretur
843 1427 963 1458 serioris

1003 642 1078 672 anni
1100 648 1249 681 tempore,
1265 652 1328 682 quo
1349 650 1458 675 ceterae
1478 643 1686 681 defloruerint,
1703 645 1759 676 ad-

1002 686 1067 716 huc
1082 684 1201 715 floreat.
1218 685 1387 726 exquisite!

1046 739 1074 759 v.
1093 728 1189 759 5—8.
1200 726 1308 770 ‘Simpl.
1327 738 1419 771 myrt.
1433 733 1497 762 nih.
1510 734 1569 762 adl.
1589 734 1647 763 sed.
1663 743 1760 768 curce,

1003 782 1130 803 sensus:
1158 772 1241 810 nolo,
1258 772 1294 803 ut
1315 783 1353 803 ex
1375 773 1537 806 sedulitate
1550 781 1582 806 et
1595 785 1634 805 ex
1650 776 1759 806 minis-

1004 815 1074 847 terii
1090 817 1136 846 tui
1159 818 1238 847 bene
1261 816 1469 858 perfungendi
1491 828 1566 849 cum
1580 818 1656 849 alios
1670 818 1761 850 flores

1003 858 1136 899 simplici
1149 866 1252 900 myrto
1266 859 1439 902 adjungam
1462 871 1519 902 pro
1533 864 1659 894 sedulus
1673 874 1759 894 curae

1003 902 1099 945 vulgo
1113 902 1247 944 legitur:
1269 905 1394 936 sedulus
1407 916 1481 936 curo
1490 921 1501 942 ,-
1525 905 1579 935 sed
1593 915 1666 936 cum
1680 905 1759 937 dura

1003 946 1154 987 loquendi
1174 946 1273 977 ratio:
1313 959 1388 979 curo
1417 950 1494 980 nihil
1521 950 1685 986 adlabores,
1711 949 1759 979 in-

1004 989 1101 1031 digna
1123 1000 1187 1020 esse
1213 989 1354 1021 videatur
1384 991 1531 1028 Horatio,
1561 991 1642 1030 dedi,
1673 993 1758 1034 quod

1002 1035 1164 1066 Bentleius
1203 1044 1241 1064 ex
1283 1033 1362 1065 cod.
1397 1035 1572 1067 Bodleiano
1607 1036 1754 1076 protulit:

1004 1078 1136 1109 Sedulus
1157 1089 1251 1114 curae,
1274 1087 1347 1116 pro:
1374 1078 1502 1109 sedulus
1522 1079 1557 1110 in
1570 1081 1672 1116 rebus,
1687 1090 1758 1119 quae

1003 1130 1086 1151 curae
1100 1120 1247 1161 cordique
1260 1121 1354 1152 alicui
1367 1128 1449 1157 sunt,
1459 1122 1534 1160 sive,
1542 1131 1624 1163 pro:
1651 1123 1760 1154 sedula

1003 1174 1088 1195 cura.
1177 1166 1357 1197 ministrum
1372 1176 1415 1196 sc.
1433 1166 1506 1197 vini.
1540 1168 1658 1198 dedecet
1673 1179 1758 1208 myr-

1005 1214 1067 1246 tus,
1083 1218 1156 1238 nam
1171 1208 1363 1247 pocillatores
1380 1219 1506 1250 quoque
1519 1209 1607 1241 sertis
1620 1212 1759 1242 coronari

1006 1252 1155 1283 solebant.
1210 1254 1266 1283 sub
1279 1259 1349 1284 arta
1363 1255 1433 1289 vile,
1449 1255 1507 1284 sub
1521 1253 1619 1284 denso
1634 1255 1758 1285 umbra-

1004 1295 1078 1326 culo
1106 1306 1124 1326 e
1153 1294 1267 1326 vitibus
1286 1302 1453 1334 contextam
1482 1297 1527 1328 sic
1547 1297 1632 1337 apud
1665 1297 1753 1340 Virg.

1007 1339 1119 1381 Eclog.
1140 1338 1205 1370 IX.
1223 1337 1277 1372 42.
1300 1341 1391 1372 lentoe
1413 1342 1487 1372 vites
1500 1342 1682 1373 unubracula
1698 1349 1759 1374 lex-

1005 1395 1054 1415 ere
1068 1383 1226 1414 dicuntur.
