1904 3250
200 139 277 178 130

812 131 1115 179 HORATII

1488 136 1490 138 ’
1545 141 1653 188 [Lm.
1675 149 1731 176 111

312 263 406 305 Hac
426 271 466 304 te
487 271 726 312 merentem,
751 262 916 304 Bacche
934 256 1066 318 pater,
1087 269 1171 303 tuae

311 333 475 375 VexEre
495 334 636 391 tigres,
658 331 826 373 indocili
839 332 990 388 jugum

230 408 279 446 15
428 404 550 447 Collo
570 403 792 446 trahentes.

857 402 951 444 Hac
973 402 1176 452 Quirinus

541 472 693 515 Martis
713 471 829 527 equis
851 470 1094 512 Acheronta
1111 470 1229 527 fugit,

312 544 492 586 Gratum
513 538 711 598 eloquutB.
731 540 1043 582 consiliantibus

309 612 335 654 J
338 627 474 653 unone
496 610 644 651 Divis:
684 609 806 660 Ilion,
831 609 940 650 Ilion

428 678 581 720 Fatalis
602 678 866 735 incestusque
881 677 1016 734 judex

224 756 279 794 20

192 881 404 911 truculentior.
421 896 464 903 —-
479 878 539 908 nisi
552 878 622 919 quis
634 880 777 910 turbidus
790 889 846 919 pro
858 892 865 910 :
884 885 950 910 tur-

192 923 349 957 bulentus,
364 923 470 953 turbas
483 923 651 960 concitans,
676 922 829 962 explicare
849 922 949 953 malit.

193 985 236 991 —
251 969 368 998 Auster
387 968 450 997 dua·
471 967 613 1000 Hadriae,
635 966 675 996 cf.
696 976 781 1005 supr.
797 966 824 996 Ῑ.
843 966 875 997 3.
895 965 945 996 15.

193 1016 224 1040 et
237 1010 280 1040 sic
293 1011 495 1050 Capricornus
503 1019 586 1048 supr.
599 1009 649 1041 ΙΙ.
665 1008 714 1040 17.
732 1008 780 1039 19.
794 1016 950 1051 tyrannus

194 1055 352 1093 Hesperiae
371 1055 466 1084 undae
487 1052 610 1083 dicitur.
699 1065 814 1093 magna
836 1065 951 1085 manus

193 1098 223 1126 h.
256 1107 283 1126 e.
316 1096 428 1133 valida,
458 1102 577 1135 potens.
627 1096 775 1128 Similiter
802 1097 841 1128 de
870 1097 950 1130 Jove

195 1139 288 1170 Ovid.
310 1140 388 1170 Met.
410 1140 437 1170 1.
456 1139 531 1170 595.
579 1142 637 1171 Sed
650 1142 707 1181 qui
721 1143 850 1171 coelestia
864 1152 950 1180 mag-

192 1195 235 1214 na
251 1186 374 1224 Sceptra
395 1195 493 1215 manu
515 1192 599 1215 teneo
609 1200 620 1220 ,-
645 1191 677 1214 et
694 1183 747 1214 Sil.
769 1183 841 1214 Ital.
864 1184 946 1215 VII.

192 1226 267 1258 371.
285 1227 325 1257 de
346 1227 415 1266 ipso
436 1227 517 1259 Jove
537 1227 743 1258 fulminante:
773 1229 890 1259 Caelone
903 1239 951 1260 εω-

192 1272 330 1307 ciderinc,
346 1277 376 1301 et
390 1282 506 1311 magna
514 1271 665 1313 fulmina
688 1274 790 1302 dextra
819 1273 952 1303 Torserit

193 1316 383 1355 omnipotens
391 1330 402 1350 ;
426 1314 517 1353 plura
532 1313 600 1344 vide
614 1313 700 1352 apud
714 1317 894 1346 Burmann.
911 1314 951 1345 ad
967 1339 970 1342 Δ

196 1357 289 1388 ovid.
317 1357 410 1398 Eleg.
436 1357 470 1387 in
494 1357 590 1387 Drus.
609 1356 682 1387 224.
772 1361 805 1390 Si
819 1359 952 1400 fractus

191 1403 246 1432 inl.
259 1407 330 1432 cett.
349 1411 417 1439 nec,
433 1401 459 1431 si
473 1400 587 1431 caelum
599 1408 681 1438 ruat,
697 1401 764 1442 ejus
776 1403 868 1432 ruina
882 1412 951 1441 per·

192 1445 365 1475 terrebitur.
416 1445 606 1483 Comparant
622 1445 765 1485 Theogn.
784 1455 811 1475 v.
830 1443 906 1477 849.
919 1451 950 1476 et

195 1488 294 1519 Strnb.
322 1487 405 1519 VII.
429 1498 462 1528 p.
486 1485 560 1517 462.
619 1488 767 1519 Ceterum
797 1489 882 1519 hunc
904 1488 950 1518 lo-

191 1541 276 1568 cum,
292 1539 330 1562 ut
343 1533 483 1562 observat
496 1533 634 1566 Mitsclz„
650 1532 683 1561 in
698 1541 786 1562 suam
801 1542 868 1562 rem
883 1542 950 1562 ver-

190 1575 230 1606 tit
247 1575 356 1606 Senec.
377 1575 497 1611 Quaest.
511 1575 586 1605 Nat.
606 1575 668 1605 VI.
687 1573 739 1605 32.
765 1581 797 1606 et
820 1575 946 1616 Thyest-

235 1673 262 1692 v.
283 1660 399 1698 9-16‚
420 1663 498 1693 Hac
527 1668 603 1695 arte.
627 1663 686 1692 hac
714 1661 952 1702 inexpugnabili

191 1705 288 1737 animi
301 1705 335 1735 in
351 1705 508 1745 proposito
521 1712 726 1746 susceptoque
740 1706 869 1736 consilio
883 1716 951 1745 per-

132 1748 135 1751 ’
191 1749 371 1780 severantia.
418 1750 529 1780 Polluoe
542 1759 584 1779 sc.
602 1759 675 1779 cum
697 1749 794 1779 fratre
818 1752 951 1781 Castore.

192 1810 236 1818 —-
249 1803 354 1833 vagus,
384 1792 466 1822 refer
487 1792 526 1822 ad
555 1803 682 1829 errores,
709 1791 823 1832 quibus
851 1799 953 1823 totum

193 1846 283 1876 paene
297 1842 450 1866 terrarum
464 1837 569 1866 orbem
587 1842 770 1876 pervagatus
783 1846 849 1866 esse
866 1836 952 1866 Her-

192 1879 279 1911 cules
292 1879 415 1910 dicitur.
463 1879 608 1918 Euripid.
637 1879 735 1910 Herc.
762 1879 837 1910 Fur.
854 1878 952 1918 1196.3

193 1923 303 1954 Oi’mlz'v
319 1924 348 1963 γ’
365 1922 815 1966 sIBu‘m—nozvaezoeymlngou
829 1924 954 1954 suaa-52.

192 1983 237 1992 —
249 1968 354 1998 enisus
367 1984 410 1990 -
425 1968 500 1997 eniti
528 1967 650 2005 proprie
670 1967 710 1997 de
730 1967 777 2003 iis,
801 1967 857 2007 qui
878 1977 952 1997 cum

192 2010 268 2040 nisu·
278 2009 319 2040 ad
333 2009 440 2040 altiora
456 2009 600 2040 tendunt.
689 2021 776 2042 arces
790 2012 893 2051 attigit
907 2012 952 2051 ig-

192 2052 517 2090 neas,divinihouoris
531 2053 564 2083 in
579 2053 655 2083 caelo
676 2054 829 2094 particeps
851 2055 953 2084 factus

192 2103 262 2135 est;
285 2096 325 2127 de
349 2096 499 2126 Herculis
513 2096 675 2127 divinitate
690 2097 751 2128 vid.
771 2099 895 2130 Micsch.
913 2097 954 2128 ad

192 2141 224 2171 h.
242 2139 264 2171 l.
358 2144 440 2175 Quos
460 2142 542 2171 inter
566 2141 700 2180 August.
718 2143 853 2172 recumb.
878 2148 957 2172 cett..

194 2184 226 2214 h.
243 2193 271 2214 e.
289 2183 370 2214 inter
391 2193 469 2223 quos
493 2185 670 2224 Augustus,
693 2185 802 2215 eadem
825 2191 890 2215 arte
912 2184 954 2215 ad

194 2226 306 2258 caelum
321 2233 456 2262 evectus,
467 2227 533 2267 jam
555 2227 642 2257 Deus
656 2234 687 2258 et
705 2229 848 2259 Deorum
866 2238 954 2258 men-

194 2279 386 2306 soeconsors‚
403 2277 569 2310 nectarque
584 2271 699 2306 bibens,
717 2271 824 2301 divino
837 2272 955 2302 honore

193 2313 429 2354 exsplendescit.
516 2325 590 2345 cum
605 2316 663 2346 diis
677 2316 806 2355 epulari,
823 2315 871 2345 vel
885 2317 952 2346 deo-

194 2368 268 2389 rum
287 2368 402 2388 mensae
423 2363 451 2388 et
473 2358 571 2397 epulis
590 2359 728 2389 adhiberi
749 2358 886 2398 priscum
909 2358 954 2388 lo-

194 2399 312 2441 quendi
324 2410 425 2442 genus
440 2410 514 2439 pro:
540 2402 619 2431 inter
632 2403 702 2432 deos
723 2408 759 2433 ut
779 2403 874 2433 deum
887 2412 955 2432 ver-

195 2446 268 2482 sari,
283 2443 333 2476 vel
347 2445 476 2476 deorum
489 2445 605 2474 socium
619 2455 681 2475 esse
689 2461 700 2481 ;
725 2444 768 2475 sic
791 2447 956 2482 Hercules,

195 2494 233 2518 ut
245 2486 337 2524 deus,
347 2486 420 2518 infr.
435 2487 496 2518 IV.
515 2485 547 2516 8.
565 2486 618 2517 30.
643 2490 726 2520 Jovis
739 2489 837 2528 epulis
857 2490 953 2519 inter-

195 2542 258 2563 esse
278 2530 412 2569 dieitur3
445 2530 494 2561 cst
513 2529 614 2561 Hom.
643 2531 755 2572 Odyss.
786 2531 852 2561 XI.
878 2531 960 2562 603..

199 2573 313 2616 virgil.
346 2573 458 2615 Eclog.
491 2579 570 2604 extr.
601 2574 678 2604 AEn.
711 2575 737 2605 1.
752 2599 754 2602 .
771 2573 824 2605 79.
874 2575 957 2606 Scite

196 2625 303 2648 autem
324 2623 424 2658 poeta,
446 2617 657 2658 utAugusto
677 2617 872 2648 divinitatem
893 2618 953 2647 vir-

196 2668 264 2692 tute
293 2666 412 2701 partam
438 2661 570 2703 'adseren
592 2671 666 2691 eum
695 2661 776 2692 inter
805 2671 857 2691 eos
881 2661 956 2692 deos

196 2704 317 2744 epulari
331 2703 432 2745 fingit,
448 2714 536 2745 quos,
550 2710 587 2734 ut
601 2703 702 2744 prisco
716 2714 857 2735 sermone
871 2705 955 2744 apud

200 2748 299 2779 Cicer.
325 2747 365 2778 de
388 2747 561 2789 LeggrlI.
577 2746 609 2778 S.
627 2747 758 2778 dicitur:
783 2749 861 2779 endo
883 2750 956 2779 caelo

197 2793 305 2823 merita
325 2793 504 2823 locaverunt
514 2807 528 2828 ‚·
549 2790 590 2822 ad
610 2791 668 2822 bos
688 2797 794 2821 autem
817 2791 957 2830 inprimis

200 2834 368 2872 Hercules,
393 2834 552 2872 Dioscuri,
575 2834 720 2866 Bacchus
747 2841 780 2865 et
805 2833 959 2869 Quirinus

198 2879 304 2909 referri
325 2878 448 2917 solent;
478 2877 523 2909 cf.
546 2877 618 2909 infr.
647 2877 710 2909 IV.
738 2877 769 2908 8.
799 2876 843 2908 30
871 2887 954 2918 seqq.

201 2920 300 2952 Cleer.
326 2922 346 2952 Ι.
372 2922 394 2953 l.
420 2928 452 2954 et
475 2920 530 2953 Sil.
556 2921 628 2954 Iul.
654 2921 735 2953 XV.
758 2919 800 2952 77
814 2931 958 2963 seqq.—

543 750 599 792 Et
618 749 768 792 mulier
788 751 1011 808 peregrina
1029 751 1152 792 vertit

989 890 1147 920 purpureo
1168 891 1228 918 ore,
1250 879 1332 911 refer
1352 878 1392 910 ud
1410 877 1576 920 insignem,
1598 888 1692 920 quem
1713 885 1750 910 ut

993 922 1072 953 deus
1093 933 1178 953 nunc
1206 924 1298 955 vultu
1317 934 1383 964 prae
1403 933 1438 954 se
1457 922 1584 959 ferebat,
1606 922 1750 963 splendo-

993 976 1080 1004 rem3
1104 966 1148 997 sic
1172 968 1282 999 Venus
1295 966 1380 1007 apud
1396 965 1508 1007 virgil.
1531 966 1606 996 AEn.
1624 965 1654 996 1.
1671 964 1748 997 590.

995 1010 1118 1048 AEneae,
1132 1016 1169 1040 ut
1183 1021 1256 1042 eum
1275 1011 1335 1042 deo
1355 1009 1488 1040 similem
1502 1008 1654 1046 redderet,
1673 1020 1750 1050 pur-

988 1064 1125 1093 pureum
1153 1055 1297 1095 juventae
1331 1056 1438 1085 lumen
1465 1054 1596 1094 adsta-sse
1623 1051 1748 1084 dicitur.

995 1096 1119 1128 Scilicet
1128 1109 1308 1139 purpureus
1322 1097 1434 1137 passim
1450 1095 1575 1127 additur
1595 1097 1688 1127 rebus
1701 1095 1750 1127 vel

993 1141 1130 1179 personis
1151 1141 1266 1183 insigni
1286 1139 1498 1181 pulcritudine
1518 1138 1568 1170 vel
1587 1138 1751 1179 splendore

993 1184 1177 1223 conspicuis,
1227 1185 1277 1216 Cl.
1294 1185 1417 1216 Milsch·
1442 1194 1475 1215 οε
1493 1194 1689 1224 purpureum
1710 1182 1750 1214 de

995 1237 1044 1264 eo,
1060 1228 1112 1258 cui
1126 1228 1258 1259 nectaris
1271 1226 1420 1268 purpurei
1438 1226 1522 1258 color
1542 1225 1624 1257 inter
1643 1227 1752 1257 biben-

995 1271 1072 1301 dum
1095 1271 1295 1308 adsundatur,
1311 1276 1421 1312 argute
1442 1270 1543 1309 magis
1564 1279 1658 1310 quam
1682 1279 1752 1300 vere

994 1314 1135 1354 explicat.
1225 1323 1254 1347 te
1274 1319 1453 1349 merentem,
1476 1313 1620 1354 dignum,
1641 1312 1696 1354 qui
1716 1312 1751 1342 in

994 1357 1107 1388 caelum
1140 1359 1287 1394 eveharis,
1328 1365 1359 1389 te
1399 1358 1608 1397 praebentem;
1655 1355 1750 1387 Ovid.

995 1400 1090 1432 Trist.
1111 1402 1151 1432 V.
1169 1401 1201 1432 3.
1227 1401 1276 1432 19.
1302 1401 1342 1432 de
1369 1401 1513 1432 Baccho:
1539 1402 1610 1440 Ipse
1633 1410 1753 1441 quoque

991 1446 1135 1477 (ethereas
1156 1448 1273 1478 meritis
1292 1447 1429 1477 invectus
1443 1455 1475 1475 es
1489 1454 1582 1480 arces,
1603 1445 1674 1478 Qua
1688 1454 1755 1474 non

992 1490 1099 1528 exiguo
1115 1490 1210 1531 sacta
1238 1491 1338 1520 labore
1364 1489 1414 1519 via
1442 1493 1496 1518 ese.
1573 1493 1637 1518 iuae
1662 1488 1753 1527 tigres

993 1542 1105 1569 vexere,
1132 1533 1275 1563 Bacchus
1295 1531 1381 1562 enim
1403 1538 1473 1570 post
1495 1530 1621 1560 Indiam
1642 1529 1753 1569 perdo-

992 1575 1101 1606 mitam
1130 1576 1185 1617 (cf.
1211 1586 1294 1615 supr.
1327 1575 1376 1605 11.
1409 1573 1458 1604 19.
1491 1572 1560 1614 17.)
1592 1579 1629 1604 ut
1657 1573 1754 1604 victor

994 1618 1191 1658 triumphans
1218 1629 1312 1650 curru
1341 1618 1475 1658 tigribus
1499 1617 1612 1658 juncto
1639 1616 1754 1647 ductus

996 1661 1069 1702 (Sil.
1088 1662 1159 1693 Ital.
1181 1663 1259 1693 XV.
1285 1660 1426 1696 79,-81.
1486 1662 1578 1696 Quid,
1601 1662 1663 1696 cui,
1682 1665 1753 1700 post

995 1709 1082 1737 Seras
1103 1712 1131 1737 et
1153 1708 1251 1738 Indos
1274 1707 1396 1746 Captiva
1409 1706 1505 1736 LiI>er
1519 1715 1592 1735 cum
1605 1705 1694 1744 signa
1707 1714 1755 1734 re·

991 1750 1098 1792 ferret
1112 1751 1148 1780 ab
1170 1752 1272 1787 Euro,
1297 1752 1460 1781 Caumseae
1481 1759 1612 1780 currum
1641 1749 1755 1779 duxere

991 1795 1049 1833 per
1063 1794 1172 1834 oppida
1187 1794 1277 1834 tigres
1289 1793 1328 1834 3³)
1351 1798 1383 1824 et
1403 1791 1462 1822 hac
1482 1789 1665 1830 triumphali
1684 1800 1756 1829 spe-

995 1837 1042 1867 cie
1056 1836 1096 1866 ad
1110 1836 1223 1867 caelurn
1237 1846 1364 1877 quoque
1378 1842 1502 1866 evectus
1522 1844 1589 1865 esse
1609 1833 1757 1874 fingitur<-

999 1879 1147 1910 Similiter
1171 1879 1311 1910 Ariadne
1332 1878 1420 1919 apud.
1439 1878 1580 1917 Propert.
1607 1877 1679 1909 111.
1700 1875 1755 1908 17.

996 1923 1027 1953 8.
1055 1923 1172 1954 Bacchi
1186 1924 1326 1965 lyncibus
1340 1925 1374 1954 in
1387 1923 1499 1954 caelum
1513 1927 1598 1953 vecla
1612 1919 1756 1952 truditur.

994 1969 1172 2003 -indocui‚
1186 1968 1266 1997 bene
1281 1966 1320 1996 ad
1333 1965 1496 2007 tigridum,
1510 1975 1588 2006 quas
1611 1963 1757 1997 Bacchus

995 2010 1255 2045 condocefeceran
1286 2009 1440 2040 feritatem
1474 2007 1756 2048 designandam.—

996 2055 1110 2086 Martis
1131 2056 1224 2095 equis.
1254 2052 1348 2084 ovid.
1370 2052 1454 2083 Fast.
1473 2051 1523 2083 II.
1541 2049 1617 2082 496.
1633 2050 1675 2082 de
1690 2053 1754 2083 Ro-

996 2099 1092 2134 mulo,
1115 2097 1150 2127 in
1171 2097 1283 2127 caelum
1305 2102 1412 2127 vecto:
1452 2097 1541 2127 Hinc
1556 2099 1663 2131 tome,
1682 2096 1763 2138 hinc

997 2143 1094 2173 missis
1108 2142 1304 2181 abrumpitur
1318 2141 1442 2180 ignibus
1451 2141 1543 2170 oeelner
1553 2154 1565 2175 ,-
1590 2138 1754 2179 Fit-fuga:

999 2187 1066 2216 Rea*
1089 2186 1199 2225 patriis
1227 2190 1310 2214 astra
1334 2183 1454 2223 petebat
1478 2182 1577 2223 equis,
1598 2180 1649 2213 cf..
1674 2181 1753 2214 Met.

1000 2228 1100 2259 XIV.
1125 2226 1286 2258 805-28.
1373 2227 1548 2257 Acheronta
1568 2224 1667 2265 figit,
1699 2225 1755 2254 ob-

997 2278 1120 2302 servent
1133 2272 1250 2302 tirones
1263 2275 1362 2310 poetae
1375 2275 1474 2300 artem
1496 2274 1527 2298 et
1544 2266 1676 2306 copiam,
1691 2277 1758 2308 qua

998 2315 1126 2356 vulgare
1154 2313 1254 2344 illudz
1289 2315 1324 2344 in
1353 2315 1464 2344 coelum
1491 2312 1574 2343 evelti
1601 2317 1634 2341 et
1661 2312 1755 2343 deum

1066 2356 1256 2389 'variaveris
1282 2358 1404 2396 Baeuig.
1422 2361 1581 2394 comparat
1595 2353 1752 2385 Theou-it.

1001 2401 1122 2432 XVII.
1150 2398 1203 2430 4⁴7.
1235 2399 1400 2441 Ἀχίςοντι
1422 2398 1594 2430 πολύυ-την
1616 2398 1666 2428 οὐκ
1689 2398 1759 2429 ἰσί-

998 2457 1090 2519 euvzv-
1107 2484 1242 2517 17-24.
1283 2486 1412 2517 Nexus:
1465 2485 1626 2517 Romulus*
1649 2463 1758 2514 autari

1002 2532 1093 2562 Deus
1115 2530 1215 2560 factus
1239 2536 1286 2560 est
1308 2536 1387 2565 tum,
1412 2537 1576 2570 postquam
1597 2527 1701 2559 Juno-
1719 2527 1759 2556 in>

1001 2574 1130 2606 consilio
1146 2574 1276 2604 deorum
1287 2573 1354 2604 haec
1367 2573 1476 2603 ceteris
1489 2571 1548 2602 diis
1561 2577 1650 2612 grata
1661 2571 1756 2606 verbu

998 2617 1272 2658 pronunciaverat:
1351 2618 1446 2653 Ilion,
1454 2616 1539 2647 Ilion
1547 2620 1618 2647 cett.
1628 2613 1730 2654 junge
1741 2626 1750 2644 ε

1001 2662 1121 2693 Fatalis
1142 2662 1337 2701 incestusque
1355 2660 1456 2699 judea·
1475 2664 1504 2692 et
1526 2658 1649 2690 mulier.
1664 2667 1758 2697 pere·⁴>

996 2706 1089 2745 gri-na
1104 2705 1195 2738 Ilion,
1210 2705 1304 2739 Ilion,
1321 2714 1394 2735 cum
1407 2703 1558 2743 populo-et
1571 2699 1759 2742 ducesrauq'

999 2749 1131 2783 dulento,
1167 2749 1246 2778 milri
1269 2754 1420 2787 casteque
1443 2747 1603 2780 Miner-tm
1637 2755 1673 2775 ex
1693 2755 1757 2785 quo

1001 2792 1179 2823 Laomedon
1189 2793 1256 2821 deos
1266 2792 1403 2821 mercede
1409 2794 1503 2829 pacta
1513 2789 1656 2823 destituit,
1665 2789 1759 2823 dam-5

1000 2840 1123 2870 natum,
1153 2835 1240 2865 vertit
1264 2835 1298 2864 in
1395 2843 1478 2863 erem
1489 2847 1500 2868 ;
1533 2831 1565 2861 h.
1594 2830 1760 2872 sija„

1000 2888 1080 2918 quae
1093 2876 1170 2907 mihi
1193 2885 1225 2907 et
1257 2876 1411 2907 Minervae
1425 2874 1465 2905 ad
1486 2874 1623 2915 perfidiae
1637 2873 1760 2911 οῑῙιιοη

1001 2920 1147 2953 medonte
1167 2919 1340 2952 commissae
1354 2928 1476 2959 poenam
1502 2928 1526 2949 a.
1539 2917 1658 2958 populo
1673 2917 1759 2962 Τφῃ
