<?xml version="1.0" encoding="UTF-8"?>
<!DOCTYPE html PUBLIC "-//W3C//DTD XHTML 1.0 Transitional//EN"
    "http://www.w3.org/TR/xhtml1/DTD/xhtml1-transitional.dtd">
<html xmlns="http://www.w3.org/1999/xhtml" xml:lang="en" lang="en">
 <head>
  <title>
</title>
<meta http-equiv="Content-Type" content="text/html;charset=utf-8" />
  <meta name='ocr-system' content='tesseract 3.04.00' />
  <meta name='ocr-capabilities' content='ocr_page ocr_carea ocr_par ocr_line ocrx_word'/>
</head>
<body>
  <div class='ocr_page' id='page_1' title='image "./operaomniacumind00horauoft_0610.png"; bbox 0 0 1904 3250; ppageno 0'>
   <div class='ocr_carea' id='block_1_1' title="bbox 207 166 291 204">
    <p class='ocr_par' dir='ltr' id='par_1_1' title="bbox 207 166 291 204">
     <span class='ocr_line' id='line_1_1' title="bbox 207 166 291 204; baseline 0.012 -1"><span class='ocrx_word' id='word_1_1' title='bbox 207 166 291 204; x_wconf 74' lang='lat'>570</span> 
     </span>
    </p>
   </div>
   <div class='ocr_carea' id='block_1_2' title="bbox 833 162 1139 206">
    <p class='ocr_par' dir='ltr' id='par_1_2' title="bbox 833 162 1139 206">
     <span class='ocr_line' id='line_1_2' title="bbox 833 162 1139 206; baseline 0 -2"><span class='ocrx_word' id='word_1_2' title='bbox 833 162 1139 206; x_wconf 83' lang='lat' dir='ltr'><strong>HORATII</strong></span> 
     </span>
    </p>
   </div>
   <div class='ocr_carea' id='block_1_3' title="bbox 323 287 1367 417">
    <p class='ocr_par' dir='ltr' id='par_1_3' title="bbox 323 287 1367 417">
     <span class='ocr_line' id='line_1_3' title="bbox 325 287 1367 344; baseline 0.001 -13"><span class='ocrx_word' id='word_1_3' title='bbox 325 288 465 331; x_wconf 84' lang='lat' dir='ltr'>Omne</span> <span class='ocrx_word' id='word_1_4' title='bbox 487 289 582 330; x_wconf 91' lang='lat' dir='ltr'>tulit</span> <span class='ocrx_word' id='word_1_5' title='bbox 601 288 915 344; x_wconf 17' lang='lat' dir='ltr'>punctum,rqui</span> <span class='ocrx_word' id='word_1_6' title='bbox 934 287 1101 329; x_wconf 88' lang='lat' dir='ltr'><strong>miscuit</strong></span> <span class='ocrx_word' id='word_1_7' title='bbox 1119 288 1220 330; x_wconf 89' lang='lat' dir='ltr'>utile</span> <span class='ocrx_word' id='word_1_8' title='bbox 1240 289 1367 342; x_wconf 86' lang='lat' dir='ltr'>dulci,</span> 
     </span>
     <span class='ocr_line' id='line_1_4' title="bbox 323 359 1333 417; baseline 0.003 -15"><span class='ocrx_word' id='word_1_9' title='bbox 323 362 547 404; x_wconf 88' lang='lat' dir='ltr'>Lectorem</span> <span class='ocrx_word' id='word_1_10' title='bbox 567 359 828 410; x_wconf 83' lang='lat' dir='ltr'>delectando,</span> <span class='ocrx_word' id='word_1_11' title='bbox 850 360 1091 417; x_wconf 87' lang='lat' dir='ltr'><strong>pariterque</strong></span> <span class='ocrx_word' id='word_1_12' title='bbox 1111 362 1333 405; x_wconf 91' lang='lat' dir='ltr'>monendo.</span> 
     </span>
    </p>
   </div>
   <div class='ocr_carea' id='block_1_4' title="bbox 206 432 975 484">
    <p class='ocr_par' dir='ltr' id='par_1_4' title="bbox 206 432 975 484">
     <span class='ocr_line' id='line_1_5' title="bbox 206 432 975 484; baseline -0.001 -9"><span class='ocrx_word' id='word_1_13' title='bbox 206 438 290 476; x_wconf 82' lang='lat'>345</span> <span class='ocrx_word' id='word_1_14' title='bbox 324 434 409 476; x_wconf 91' lang='lat' dir='ltr'>Hic</span> <span class='ocrx_word' id='word_1_15' title='bbox 429 441 563 474; x_wconf 91' lang='lat' dir='ltr'>meret</span> <span class='ocrx_word' id='word_1_16' title='bbox 583 447 669 474; x_wconf 88' lang='lat' dir='ltr'>aera</span> <span class='ocrx_word' id='word_1_17' title='bbox 687 432 795 474; x_wconf 87' lang='lat' dir='ltr'>liber</span> <span class='ocrx_word' id='word_1_18' title='bbox 819 433 975 484; x_wconf 84' lang='lat' dir='ltr'>Sosiis3</span> 
     </span>
    </p>
   </div>
   <div class='ocr_carea' id='block_1_5' title="bbox 1006 433 1451 487">
    <p class='ocr_par' dir='ltr' id='par_1_5' title="bbox 1006 433 1451 487">
     <span class='ocr_line' id='line_1_6' title="bbox 1006 433 1451 487; baseline 0.009 -12"><span class='ocrx_word' id='word_1_19' title='bbox 1006 433 1076 476; x_wconf 83' lang='lat' dir='ltr'>hic</span> <span class='ocrx_word' id='word_1_20' title='bbox 1096 441 1139 476; x_wconf 89' lang='lat' dir='ltr'>et</span> <span class='ocrx_word' id='word_1_21' title='bbox 1158 450 1273 477; x_wconf 89' lang='lat' dir='ltr'>mare</span> <span class='ocrx_word' id='word_1_22' title='bbox 1292 437 1451 487; x_wconf 84' lang='lat' dir='ltr'><strong>transit,</strong></span> 
     </span>
    </p>
   </div>
   <div class='ocr_carea' id='block_1_6' title="bbox 204 503 1742 986">
    <p class='ocr_par' dir='ltr' id='par_1_6' title="bbox 319 503 1742 775">
     <span class='ocr_line' id='line_1_7' title="bbox 324 503 1305 562; baseline 0.002 -17"><span class='ocrx_word' id='word_1_23' title='bbox 324 504 379 545; x_wconf 86' lang='lat' dir='ltr'>Et</span> <span class='ocrx_word' id='word_1_24' title='bbox 399 503 575 560; x_wconf 85' lang='lat' dir='ltr'>longum</span> <span class='ocrx_word' id='word_1_25' title='bbox 594 510 697 544; x_wconf 91' lang='lat' dir='ltr'>noto</span> <span class='ocrx_word' id='word_1_26' title='bbox 718 503 915 559; x_wconf 75' lang='lat' dir='ltr'>scriptori</span> <span class='ocrx_word' id='word_1_27' title='bbox 934 512 1138 562; x_wconf 85' lang='lat' dir='ltr'>prorogat</span> <span class='ocrx_word' id='word_1_28' title='bbox 1156 520 1305 547; x_wconf 86' lang='lat' dir='ltr'>aevum.</span> 
     </span>
     <span class='ocr_line' id='line_1_8' title="bbox 323 572 1408 631; baseline 0.004 -18"><span class='ocrx_word' id='word_1_29' title='bbox 323 573 431 614; x_wconf 87' lang='lat' dir='ltr'>Sunt</span> <span class='ocrx_word' id='word_1_30' title='bbox 451 572 604 614; x_wconf 91' lang='lat' dir='ltr'>delicta</span> <span class='ocrx_word' id='word_1_31' title='bbox 623 581 778 624; x_wconf 88' lang='lat' dir='ltr'>tamen,</span> <span class='ocrx_word' id='word_1_32' title='bbox 801 573 953 630; x_wconf 91' lang='lat' dir='ltr'>quibus</span> <span class='ocrx_word' id='word_1_33' title='bbox 973 574 1186 631; x_wconf 85' lang='lat' dir='ltr'>ignovisse</span> <span class='ocrx_word' id='word_1_34' title='bbox 1206 575 1381 618; x_wconf 89' lang='lat' dir='ltr'>velimus</span> <span class='ocrx_word' id='word_1_35' title='bbox 1397 591 1408 617; x_wconf 74' lang='grc' dir='ltr'><strong>ε</strong></span> 
     </span>
     <span class='ocr_line' id='line_1_9' title="bbox 319 644 1742 704; baseline 0.004 -19"><span class='ocrx_word' id='word_1_36' title='bbox 319 644 431 686; x_wconf 87' lang='lat' dir='ltr'>Nam</span> <span class='ocrx_word' id='word_1_37' title='bbox 451 660 587 702; x_wconf 94' lang='lat' dir='ltr'>neque</span> <span class='ocrx_word' id='word_1_38' title='bbox 609 645 769 688; x_wconf 87' lang='lat' dir='ltr'>chorda</span> <span class='ocrx_word' id='word_1_39' title='bbox 788 661 938 687; x_wconf 90' lang='lat' dir='ltr'>sonum</span> <span class='ocrx_word' id='word_1_40' title='bbox 957 646 1110 697; x_wconf 87' lang='lat' dir='ltr'>reddit,</span> <span class='ocrx_word' id='word_1_41' title='bbox 1133 662 1257 704; x_wconf 92' lang='lat' dir='ltr'>quem</span> <span class='ocrx_word' id='word_1_42' title='bbox 1276 647 1367 689; x_wconf 85' lang='lat' dir='ltr'>vult</span> <span class='ocrx_word' id='word_1_43' title='bbox 1385 663 1533 690; x_wconf 84' lang='lat' dir='ltr'>manus</span> <span class='ocrx_word' id='word_1_44' title='bbox 1552 656 1594 691; x_wconf 88' lang='lat' dir='ltr'>et</span> <span class='ocrx_word' id='word_1_45' title='bbox 1613 664 1742 700; x_wconf 68' lang='lat' dir='ltr'>mem,</span> 
     </span>
     <span class='ocr_line' id='line_1_10' title="bbox 320 716 1414 775; baseline 0.003 -17"><span class='ocrx_word' id='word_1_46' title='bbox 320 716 600 774; x_wconf 87' lang='lat' dir='ltr'>Poscentique</span> <span class='ocrx_word' id='word_1_47' title='bbox 620 733 795 775; x_wconf 88' lang='lat' dir='ltr'>gravem</span> <span class='ocrx_word' id='word_1_48' title='bbox 814 733 1005 775; x_wconf 85' lang='lat' dir='ltr'>persaepe</span> <span class='ocrx_word' id='word_1_49' title='bbox 1026 719 1200 761; x_wconf 87' lang='lat' dir='ltr'>remittit</span> <span class='ocrx_word' id='word_1_50' title='bbox 1219 727 1387 761; x_wconf 87' lang='lat' dir='ltr'>acutum</span> <span class='ocrx_word' id='word_1_51' title='bbox 1402 735 1414 770; x_wconf 84' lang='lat'><em>3</em></span> 
     </span>
    </p>

    <p class='ocr_par' dir='ltr' id='par_1_7' title="bbox 204 786 1522 986">
     <span class='ocr_line' id='line_1_11' title="bbox 204 786 1478 846; baseline 0.003 -18"><span class='ocrx_word' id='word_1_52' title='bbox 204 791 289 828; x_wconf 88' lang='lat'>350</span> <span class='ocrx_word' id='word_1_53' title='bbox 322 786 413 828; x_wconf 92' lang='lat' dir='ltr'>Nec</span> <span class='ocrx_word' id='word_1_54' title='bbox 435 802 600 843; x_wconf 86' lang='lat' dir='ltr'>semper</span> <span class='ocrx_word' id='word_1_55' title='bbox 619 787 752 840; x_wconf 77' lang='lat' dir='ltr'>feriet,</span> <span class='ocrx_word' id='word_1_56' title='bbox 777 788 1059 846; x_wconf 87' lang='lat' dir='ltr'>quodcunque</span> <span class='ocrx_word' id='word_1_57' title='bbox 1081 789 1321 841; x_wconf 85' lang='lat' dir='ltr'>minabitur,</span> <span class='ocrx_word' id='word_1_58' title='bbox 1343 805 1478 832; x_wconf 86' lang='lat' dir='ltr'>arcus.</span> 
     </span>
     <span class='ocr_line' id='line_1_12' title="bbox 318 858 1522 918; baseline 0.003 -19"><span class='ocrx_word' id='word_1_59' title='bbox 318 858 479 899; x_wconf 90' lang='lat' dir='ltr'>Verum</span> <span class='ocrx_word' id='word_1_60' title='bbox 499 858 571 900; x_wconf 93' lang='lat' dir='ltr'>ubi</span> <span class='ocrx_word' id='word_1_61' title='bbox 591 858 716 914; x_wconf 90' lang='lat' dir='ltr'>plura</span> <span class='ocrx_word' id='word_1_62' title='bbox 735 859 871 900; x_wconf 88' lang='lat' dir='ltr'>nitent</span> <span class='ocrx_word' id='word_1_63' title='bbox 890 859 934 900; x_wconf 91' lang='lat' dir='ltr'>in</span> <span class='ocrx_word' id='word_1_64' title='bbox 955 859 1152 910; x_wconf 87' lang='lat' dir='ltr'>carmine,</span> <span class='ocrx_word' id='word_1_65' title='bbox 1173 875 1260 901; x_wconf 92' lang='lat' dir='ltr'>non</span> <span class='ocrx_word' id='word_1_66' title='bbox 1281 876 1360 918; x_wconf 88' lang='lat' dir='ltr'>ego</span> <span class='ocrx_word' id='word_1_67' title='bbox 1379 861 1522 917; x_wconf 87' lang='lat' dir='ltr'>paucis</span> 
     </span>
     <span class='ocr_line' id='line_1_13' title="bbox 319 927 1274 986; baseline 0.001 -16"><span class='ocrx_word' id='word_1_68' title='bbox 319 927 525 970; x_wconf 87' lang='lat' dir='ltr'>Offendar</span> <span class='ocrx_word' id='word_1_69' title='bbox 545 929 733 980; x_wconf 90' lang='lat' dir='ltr'>maculis,</span> <span class='ocrx_word' id='word_1_70' title='bbox 757 945 860 986; x_wconf 89' lang='lat' dir='ltr'>quas</span> <span class='ocrx_word' id='word_1_71' title='bbox 881 938 954 971; x_wconf 89' lang='lat' dir='ltr'>aut</span> <span class='ocrx_word' id='word_1_72' title='bbox 973 930 1135 971; x_wconf 85' lang='lat' dir='ltr'>incuria</span> <span class='ocrx_word' id='word_1_73' title='bbox 1153 929 1274 981; x_wconf 90' lang='lat' dir='ltr'>fudit,</span> 
     </span>
    </p>
   </div>
   <div class='ocr_carea' id='block_1_7' title="bbox 317 998 1090 1055">
    <p class='ocr_par' dir='ltr' id='par_1_8' title="bbox 317 998 1090 1055">
     <span class='ocr_line' id='line_1_14' title="bbox 317 998 1090 1055; baseline 0.003 -16"><span class='ocrx_word' id='word_1_74' title='bbox 317 998 408 1039; x_wconf 91' lang='lat' dir='ltr'>Aut</span> <span class='ocrx_word' id='word_1_75' title='bbox 427 998 611 1040; x_wconf 89' lang='lat' dir='ltr'>humana</span> <span class='ocrx_word' id='word_1_76' title='bbox 630 1014 781 1055; x_wconf 88' lang='lat' dir='ltr'>parum</span> <span class='ocrx_word' id='word_1_77' title='bbox 801 999 910 1041; x_wconf 89' lang='lat' dir='ltr'>cavit</span> <span class='ocrx_word' id='word_1_78' title='bbox 929 1008 1090 1041; x_wconf 89' lang='lat' dir='ltr'>natura.</span> 
     </span>
    </p>
   </div>
   <div class='ocr_carea' id='block_1_8' title="bbox 1153 1000 1507 1059">
    <p class='ocr_par' dir='ltr' id='par_1_9' title="bbox 1153 1000 1507 1059">
     <span class='ocr_line' id='line_1_15' title="bbox 1153 1000 1507 1059; baseline 0.003 -17"><span class='ocrx_word' id='word_1_79' title='bbox 1153 1000 1270 1050; x_wconf 85' lang='lat' dir='ltr'>Quid</span> <span class='ocrx_word' id='word_1_80' title='bbox 1290 1016 1392 1059; x_wconf 87' lang='lat' dir='ltr'>ergo</span> <span class='ocrx_word' id='word_1_81' title='bbox 1411 1000 1507 1044; x_wconf 85' lang='lat' dir='ltr'>est?</span> 
     </span>
    </p>
   </div>
   <div class='ocr_carea' id='block_1_9' title="bbox 204 1068 1476 1342">
    <p class='ocr_par' dir='ltr' id='par_1_10' title="bbox 322 1068 1320 1128">
     <span class='ocr_line' id='line_1_16' title="bbox 322 1068 1320 1128; baseline 0.002 -17"><span class='ocrx_word' id='word_1_82' title='bbox 322 1068 383 1111; x_wconf 85' lang='lat' dir='ltr'>Ut</span> <span class='ocrx_word' id='word_1_83' title='bbox 405 1069 584 1125; x_wconf 87' lang='lat' dir='ltr'>scriptor</span> <span class='ocrx_word' id='word_1_84' title='bbox 605 1070 639 1111; x_wconf 91' lang='lat' dir='ltr'>si</span> <span class='ocrx_word' id='word_1_85' title='bbox 659 1077 807 1126; x_wconf 89' lang='lat' dir='ltr'>peccat</span> <span class='ocrx_word' id='word_1_86' title='bbox 826 1069 939 1112; x_wconf 89' lang='lat' dir='ltr'>idem</span> <span class='ocrx_word' id='word_1_87' title='bbox 958 1070 1153 1112; x_wconf 88' lang='lat' dir='ltr'>librarius</span> <span class='ocrx_word' id='word_1_88' title='bbox 1174 1085 1320 1128; x_wconf 88' lang='lat' dir='ltr'>usque,</span> 
     </span>
    </p>

    <p class='ocr_par' dir='ltr' id='par_1_11' title="bbox 204 1137 1476 1342">
     <span class='ocr_line' id='line_1_17' title="bbox 204 1137 1476 1190; baseline 0.003 -11"><span class='ocrx_word' id='word_1_89' title='bbox 204 1141 288 1179; x_wconf 87' lang='lat'>355</span> <span class='ocrx_word' id='word_1_90' title='bbox 321 1137 524 1188; x_wconf 85' lang='lat' dir='ltr'>Quamvis</span> <span class='ocrx_word' id='word_1_91' title='bbox 546 1148 610 1180; x_wconf 88' lang='lat' dir='ltr'>est</span> <span class='ocrx_word' id='word_1_92' title='bbox 628 1140 825 1190; x_wconf 88' lang='lat' dir='ltr'>monitus,</span> <span class='ocrx_word' id='word_1_93' title='bbox 848 1140 969 1181; x_wconf 86' lang='lat' dir='ltr'>venia</span> <span class='ocrx_word' id='word_1_94' title='bbox 989 1148 1129 1190; x_wconf 89' lang='lat' dir='ltr'>caret;</span> <span class='ocrx_word' id='word_1_95' title='bbox 1160 1145 1202 1182; x_wconf 83' lang='lat' dir='ltr'>et</span> <span class='ocrx_word' id='word_1_96' title='bbox 1222 1141 1476 1183; x_wconf 87' lang='lat' dir='ltr'>citharoedus</span> 
     </span>
     <span class='ocr_line' id='line_1_18' title="bbox 325 1210 1358 1270; baseline 0.004 -18"><span class='ocrx_word' id='word_1_97' title='bbox 325 1210 518 1263; x_wconf 89' lang='lat' dir='ltr'>Ridetur,</span> <span class='ocrx_word' id='word_1_98' title='bbox 542 1212 703 1255; x_wconf 88' lang='lat' dir='ltr'>chorda</span> <span class='ocrx_word' id='word_1_99' title='bbox 722 1213 794 1270; x_wconf 92' lang='lat' dir='ltr'>qui</span> <span class='ocrx_word' id='word_1_100' title='bbox 814 1228 979 1269; x_wconf 90' lang='lat' dir='ltr'>semper</span> <span class='ocrx_word' id='word_1_101' title='bbox 999 1213 1168 1255; x_wconf 85' lang='lat' dir='ltr'>oberrat</span> <span class='ocrx_word' id='word_1_102' title='bbox 1189 1213 1358 1256; x_wconf 85' lang='lat' dir='ltr'>eadem:</span> 
     </span>
     <span class='ocr_line' id='line_1_19' title="bbox 322 1283 1404 1342; baseline 0.005 -17"><span class='ocrx_word' id='word_1_103' title='bbox 322 1283 391 1325; x_wconf 88' lang='lat' dir='ltr'>Sic</span> <span class='ocrx_word' id='word_1_104' title='bbox 411 1283 528 1335; x_wconf 90' lang='lat' dir='ltr'>mihi,</span> <span class='ocrx_word' id='word_1_105' title='bbox 551 1285 623 1342; x_wconf 91' lang='lat' dir='ltr'>qui</span> <span class='ocrx_word' id='word_1_106' title='bbox 644 1284 824 1326; x_wconf 91' lang='lat' dir='ltr'>multum</span> <span class='ocrx_word' id='word_1_107' title='bbox 845 1293 992 1337; x_wconf 87' lang='lat' dir='ltr'>cessat,</span> <span class='ocrx_word' id='word_1_108' title='bbox 1015 1285 1066 1327; x_wconf 87' lang='lat' dir='ltr'>fit</span> <span class='ocrx_word' id='word_1_109' title='bbox 1087 1284 1300 1328; x_wconf 90' lang='lat' dir='ltr'>Choerilus</span> <span class='ocrx_word' id='word_1_110' title='bbox 1320 1286 1404 1338; x_wconf 89' lang='lat' dir='ltr'>ille,</span> 
     </span>
    </p>
   </div>
   <div class='ocr_carea' id='block_1_10' title="bbox 194 1398 962 3012">
    <p class='ocr_par' dir='ltr' id='par_1_12' title="bbox 197 1398 962 1572">
     <span class='ocr_line' id='line_1_20' title="bbox 242 1398 962 1442; baseline 0.003 -12"><span class='ocrx_word' id='word_1_111' title='bbox 242 1410 272 1430; x_wconf 87' lang='lat' dir='ltr'>v.</span> <span class='ocrx_word' id='word_1_112' title='bbox 297 1398 371 1431; x_wconf 72' lang='lat'>341.</span> <span class='ocrx_word' id='word_1_113' title='bbox 399 1403 556 1433; x_wconf 77' lang='lat' dir='ltr'>Centuriae</span> <span class='ocrx_word' id='word_1_114' title='bbox 569 1403 738 1439; x_wconf 73' lang='lat' dir='ltr'>seniorum,</span> <span class='ocrx_word' id='word_1_115' title='bbox 759 1412 817 1442; x_wconf 87' lang='lat' dir='ltr'>pro</span> <span class='ocrx_word' id='word_1_116' title='bbox 842 1402 962 1441; x_wconf 85' lang='lat' dir='ltr'>simpli-</span> 
     </span>
     <span class='ocr_line' id='line_1_21' title="bbox 198 1445 961 1483; baseline 0.001 -9"><span class='ocrx_word' id='word_1_117' title='bbox 198 1454 253 1475; x_wconf 89' lang='lat' dir='ltr'>ce:</span> <span class='ocrx_word' id='word_1_118' title='bbox 281 1445 439 1483; x_wconf 87' lang='lat' dir='ltr'>seniores;</span> <span class='ocrx_word' id='word_1_119' title='bbox 461 1447 602 1477; x_wconf 63' lang='lat' dir='ltr'>centuria</span> <span class='ocrx_word' id='word_1_120' title='bbox 619 1445 704 1476; x_wconf 85' lang='lat' dir='ltr'>enim</span> <span class='ocrx_word' id='word_1_121' title='bbox 723 1445 763 1476; x_wconf 91' lang='lat' dir='ltr'>de</span> <span class='ocrx_word' id='word_1_122' title='bbox 785 1445 961 1477; x_wconf 81' lang='lat' dir='ltr'>multitudi-</span> 
     </span>
     <span class='ocr_line' id='line_1_22' title="bbox 197 1487 956 1530; baseline 0.005 -13"><span class='ocrx_word' id='word_1_123' title='bbox 197 1488 246 1517; x_wconf 88' lang='lat' dir='ltr'>nis</span> <span class='ocrx_word' id='word_1_124' title='bbox 259 1487 392 1529; x_wconf 78' lang='lat' dir='ltr'>alicujus</span> <span class='ocrx_word' id='word_1_125' title='bbox 406 1499 539 1520; x_wconf 89' lang='lat' dir='ltr'>numero</span> <span class='ocrx_word' id='word_1_126' title='bbox 553 1489 639 1520; x_wconf 87' lang='lat' dir='ltr'>haud</span> <span class='ocrx_word' id='word_1_127' title='bbox 653 1489 752 1520; x_wconf 82' lang='lat' dir='ltr'>finito.</span> <span class='ocrx_word' id='word_1_128' title='bbox 828 1492 956 1530; x_wconf 75' lang='lat' dir='ltr'>agitam,</span> 
     </span>
     <span class='ocr_line' id='line_1_23' title="bbox 199 1531 536 1572; baseline 0.003 -10"><span class='ocrx_word' id='word_1_129' title='bbox 199 1532 369 1572; x_wconf 78' lang='lat' dir='ltr'>exagitant,</span> <span class='ocrx_word' id='word_1_130' title='bbox 385 1531 536 1563; x_wconf 82' lang='lat' dir='ltr'>derident.</span> 
     </span>
    </p>

    <p class='ocr_par' dir='ltr' id='par_1_13' title="bbox 194 1574 961 2401">
     <span class='ocr_line' id='line_1_24' title="bbox 240 1574 958 1614; baseline 0.006 -10"><span class='ocrx_word' id='word_1_131' title='bbox 240 1585 269 1604; x_wconf 88' lang='lat' dir='ltr'>v.</span> <span class='ocrx_word' id='word_1_132' title='bbox 294 1574 370 1611; x_wconf 79' lang='lat'>342.</span> <span class='ocrx_word' id='word_1_133' title='bbox 393 1574 469 1606; x_wconf 79' lang='lat'>343.</span> <span class='ocrx_word' id='word_1_134' title='bbox 497 1579 644 1612; x_wconf 82' lang='lat' dir='ltr'>Ramnes,</span> <span class='ocrx_word' id='word_1_135' title='bbox 671 1576 721 1607; x_wconf 88' lang='lat' dir='ltr'>vel</span> <span class='ocrx_word' id='word_1_136' title='bbox 753 1578 958 1614; x_wconf 79' lang='lat' dir='ltr'>Ramnenses,</span> 
     </span>
     <span class='ocr_line' id='line_1_25' title="bbox 196 1619 958 1661; baseline 0.001 -12"><span class='ocrx_word' id='word_1_137' title='bbox 196 1627 261 1649; x_wconf 80' lang='lat' dir='ltr'>una</span> <span class='ocrx_word' id='word_1_138' title='bbox 275 1620 371 1649; x_wconf 85' lang='lat' dir='ltr'>trium</span> <span class='ocrx_word' id='word_1_139' title='bbox 386 1619 594 1658; x_wconf 83' lang='lat' dir='ltr'>decuriarum,</span> <span class='ocrx_word' id='word_1_140' title='bbox 610 1620 644 1650; x_wconf 89' lang='lat' dir='ltr'>in</span> <span class='ocrx_word' id='word_1_141' title='bbox 666 1630 744 1661; x_wconf 84' lang='lat' dir='ltr'>quas</span> <span class='ocrx_word' id='word_1_142' title='bbox 767 1631 786 1651; x_wconf 82' lang='lat' dir='ltr'>a</span> <span class='ocrx_word' id='word_1_143' title='bbox 817 1620 958 1652; x_wconf 83' lang='lat' dir='ltr'>Romulo</span> 
     </span>
     <span class='ocr_line' id='line_1_26' title="bbox 196 1661 960 1704; baseline 0.004 -12"><span class='ocrx_word' id='word_1_144' title='bbox 196 1661 342 1702; x_wconf 83' lang='lat' dir='ltr'>descripti</span> <span class='ocrx_word' id='word_1_145' title='bbox 358 1670 433 1694; x_wconf 90' lang='lat' dir='ltr'>sunt</span> <span class='ocrx_word' id='word_1_146' title='bbox 447 1664 575 1704; x_wconf 85' lang='lat' dir='ltr'>equites.</span> <span class='ocrx_word' id='word_1_147' title='bbox 619 1663 731 1694; x_wconf 84' lang='lat' dir='ltr'>Livius</span> <span class='ocrx_word' id='word_1_148' title='bbox 747 1664 776 1694; x_wconf 90' lang='grc' dir='ltr'><strong>Ι.</strong></span> <span class='ocrx_word' id='word_1_149' title='bbox 797 1662 849 1694; x_wconf 90' lang='grc'><strong>13.</strong></span> <span class='ocrx_word' id='word_1_150' title='bbox 894 1665 960 1695; x_wconf 86' lang='grc' dir='ltr'>Ευ-</span> 
     </span>
     <span class='ocr_line' id='line_1_27' title="bbox 195 1707 961 1748; baseline 0.001 -12"><span class='ocrx_word' id='word_1_151' title='bbox 195 1707 265 1737; x_wconf 85' lang='lat' dir='ltr'>dem</span> <span class='ocrx_word' id='word_1_152' title='bbox 278 1712 412 1747; x_wconf 74' lang='lat' dir='ltr'>tempore</span> <span class='ocrx_word' id='word_1_153' title='bbox 424 1713 455 1738; x_wconf 82' lang='lat' dir='ltr'>et</span> <span class='ocrx_word' id='word_1_154' title='bbox 469 1709 620 1739; x_wconf 72' lang='lat' dir='ltr'>centuriae</span> <span class='ocrx_word' id='word_1_155' title='bbox 641 1713 702 1738; x_wconf 79' lang='lat' dir='ltr'>tres</span> <span class='ocrx_word' id='word_1_156' title='bbox 721 1709 863 1748; x_wconf 73' lang='lat' dir='ltr'>equitum</span> <span class='ocrx_word' id='word_1_157' title='bbox 887 1718 961 1738; x_wconf 83' lang='lat' dir='ltr'>con-</span> 
     </span>
     <span class='ocr_line' id='line_1_28' title="bbox 196 1751 960 1790; baseline 0.004 -11"><span class='ocrx_word' id='word_1_158' title='bbox 196 1751 317 1790; x_wconf 76' lang='lat' dir='ltr'>scripta·</span> <span class='ocrx_word' id='word_1_159' title='bbox 344 1757 428 1787; x_wconf 74' lang='lat' dir='ltr'>sunt,</span> <span class='ocrx_word' id='word_1_160' title='bbox 460 1753 654 1782; x_wconf 78' lang='lat' dir='ltr'>Ramnenses</span> <span class='ocrx_word' id='word_1_161' title='bbox 680 1752 719 1782; x_wconf 82' lang='lat' dir='ltr'>ab</span> <span class='ocrx_word' id='word_1_162' title='bbox 749 1753 891 1785; x_wconf 78' lang='lat' dir='ltr'>Romulo,</span> <span class='ocrx_word' id='word_1_163' title='bbox 921 1752 960 1782; x_wconf 80' lang='lat' dir='ltr'>ab</span> 
     </span>
     <span class='ocr_line' id='line_1_29' title="bbox 202 1795 958 1831; baseline 0.001 -7"><span class='ocrx_word' id='word_1_164' title='bbox 202 1795 270 1824; x_wconf 76' lang='lat' dir='ltr'>Tito</span> <span class='ocrx_word' id='word_1_165' title='bbox 291 1796 380 1825; x_wconf 73' lang='lat' dir='ltr'>Tatio</span> <span class='ocrx_word' id='word_1_166' title='bbox 402 1796 579 1831; x_wconf 52' lang='lat' dir='ltr'>Tenen-sen</span> <span class='ocrx_word' id='word_1_167' title='bbox 607 1796 770 1826; x_wconf 80' lang='lat' dir='ltr'>Lucerum</span> <span class='ocrx_word' id='word_1_168' title='bbox 783 1795 917 1826; x_wconf 76' lang='lat' dir='ltr'>nominis</span> <span class='ocrx_word' id='word_1_169' title='bbox 929 1800 958 1825; x_wconf 74' lang='lat' dir='ltr'>et</span> 
     </span>
     <span class='ocr_line' id='line_1_30' title="bbox 195 1837 959 1877; baseline 0 -10"><span class='ocrx_word' id='word_1_170' title='bbox 195 1838 329 1877; x_wconf 62' lang='lat' dir='ltr'>originis</span> <span class='ocrx_word' id='word_1_171' title='bbox 351 1848 447 1869; x_wconf 82' lang='lat' dir='ltr'>causa</span> <span class='ocrx_word' id='word_1_172' title='bbox 476 1840 593 1869; x_wconf 74' lang='lat' dir='ltr'>incerta</span> <span class='ocrx_word' id='word_1_173' title='bbox 619 1843 672 1869; x_wconf 71' lang='lat' dir='ltr'>est.</span> <span class='ocrx_word' id='word_1_174' title='bbox 750 1839 838 1874; x_wconf 76' lang='lat' dir='ltr'>Celsi,</span> <span class='ocrx_word' id='word_1_175' title='bbox 875 1837 959 1875; x_wconf 82' lang='lat' dir='ltr'>elati,</span> 
     </span>
     <span class='ocr_line' id='line_1_31' title="bbox 196 1880 961 1921; baseline 0.001 -11"><span class='ocrx_word' id='word_1_176' title='bbox 196 1887 298 1911; x_wconf 74' lang='lat' dir='ltr'>erecto</span> <span class='ocrx_word' id='word_1_177' title='bbox 311 1880 420 1920; x_wconf 88' lang='lat' dir='ltr'>capite,</span> <span class='ocrx_word' id='word_1_178' title='bbox 437 1881 558 1912; x_wconf 83' lang='lat' dir='ltr'>incessu</span> <span class='ocrx_word' id='word_1_179' title='bbox 574 1887 606 1912; x_wconf 86' lang='lat' dir='ltr'>et</span> <span class='ocrx_word' id='word_1_180' title='bbox 620 1887 686 1911; x_wconf 87' lang='lat' dir='ltr'>toto</span> <span class='ocrx_word' id='word_1_181' title='bbox 701 1881 838 1921; x_wconf 83' lang='lat' dir='ltr'>corporis</span> <span class='ocrx_word' id='word_1_182' title='bbox 851 1881 961 1912; x_wconf 83' lang='lat' dir='ltr'>habitu</span> 
     </span>
     <span class='ocr_line' id='line_1_32' title="bbox 195 1923 958 1963; baseline 0.001 -9"><span class='ocrx_word' id='word_1_183' title='bbox 195 1924 372 1963; x_wconf 88' lang='lat' dir='ltr'>superbiam</span> <span class='ocrx_word' id='word_1_184' title='bbox 398 1924 463 1955; x_wconf 88' lang='lat' dir='ltr'>sive</span> <span class='ocrx_word' id='word_1_185' title='bbox 491 1923 712 1955; x_wconf 83' lang='lat' dir='ltr'>confidentiam</span> <span class='ocrx_word' id='word_1_186' title='bbox 738 1924 958 1963; x_wconf 49' lang='lat' dir='ltr'>ostendentem</span> 
     </span>
     <span class='ocr_line' id='line_1_33' title="bbox 196 1967 960 2009; baseline 0.004 -13"><span class='ocrx_word' id='word_1_187' title='bbox 196 1967 257 1998; x_wconf 90' lang='lat' dir='ltr'>vid.</span> <span class='ocrx_word' id='word_1_188' title='bbox 277 1969 398 1999; x_wconf 76' lang='lat' dir='ltr'>Duker.</span> <span class='ocrx_word' id='word_1_189' title='bbox 417 1967 458 1998; x_wconf 78' lang='lat' dir='ltr'>ad</span> <span class='ocrx_word' id='word_1_190' title='bbox 483 1968 555 1999; x_wconf 89' lang='lat' dir='ltr'>Liv.</span> <span class='ocrx_word' id='word_1_191' title='bbox 588 1968 708 1999; x_wconf 88' lang='lat' dir='ltr'>XXX.</span> <span class='ocrx_word' id='word_1_192' title='bbox 736 1967 789 1999; x_wconf 79' lang='grc'><strong>32.</strong></span> <span class='ocrx_word' id='word_1_193' title='bbox 874 1980 960 2009; x_wconf 81' lang='lat' dir='ltr'>prae-</span> 
     </span>
     <span class='ocr_line' id='line_1_34' title="bbox 195 2011 957 2051; baseline 0.001 -10"><span class='ocrx_word' id='word_1_194' title='bbox 195 2017 331 2048; x_wconf 79' lang='lat' dir='ltr'>tereunt,</span> <span class='ocrx_word' id='word_1_195' title='bbox 355 2011 435 2042; x_wconf 89' lang='lat' dir='ltr'>nihil</span> <span class='ocrx_word' id='word_1_196' title='bbox 456 2017 627 2048; x_wconf 75' lang='lat' dir='ltr'>momatur,</span> <span class='ocrx_word' id='word_1_197' title='bbox 650 2011 730 2042; x_wconf 86' lang='lat' dir='ltr'>nihil</span> <span class='ocrx_word' id='word_1_198' title='bbox 750 2018 882 2049; x_wconf 87' lang='lat' dir='ltr'>curant;</span> <span class='ocrx_word' id='word_1_199' title='bbox 903 2022 957 2051; x_wconf 82' lang='lat' dir='ltr'>ap-</span> 
     </span>
     <span class='ocr_line' id='line_1_35' title="bbox 196 2055 957 2097; baseline 0.001 -12"><span class='ocrx_word' id='word_1_200' title='bbox 196 2055 295 2094; x_wconf 87' lang='lat' dir='ltr'>posite</span> <span class='ocrx_word' id='word_1_201' title='bbox 309 2055 350 2085; x_wconf 89' lang='lat' dir='ltr'>de</span> <span class='ocrx_word' id='word_1_202' title='bbox 364 2056 461 2094; x_wconf 74' lang='lat' dir='ltr'>celsis,</span> <span class='ocrx_word' id='word_1_203' title='bbox 478 2055 543 2096; x_wconf 92' lang='lat' dir='ltr'>qui,</span> <span class='ocrx_word' id='word_1_204' title='bbox 558 2065 638 2097; x_wconf 84' lang='lat' dir='ltr'>quos</span> <span class='ocrx_word' id='word_1_205' title='bbox 651 2055 786 2088; x_wconf 80' lang='lat' dir='ltr'>salutare</span> <span class='ocrx_word' id='word_1_206' title='bbox 794 2055 957 2093; x_wconf 76' lang='lat' dir='ltr'>debebant,</span> 
     </span>
     <span class='ocr_line' id='line_1_36' title="bbox 195 2099 954 2137; baseline 0.001 -9"><span class='ocrx_word' id='word_1_207' title='bbox 195 2105 396 2137; x_wconf 81' lang='lat' dir='ltr'>praetereunt.</span> <span class='ocrx_word' id='word_1_208' title='bbox 495 2106 633 2137; x_wconf 76' lang='lat' dir='ltr'>austera,</span> <span class='ocrx_word' id='word_1_209' title='bbox 667 2109 732 2129; x_wconf 87' lang='lat' dir='ltr'>non</span> <span class='ocrx_word' id='word_1_210' title='bbox 758 2099 954 2130; x_wconf 76' lang='lat' dir='ltr'>delectantia.</span> 
     </span>
     <span class='ocr_line' id='line_1_37' title="bbox 198 2141 958 2174; baseline 0.003 -3"><span class='ocrx_word' id='word_1_211' title='bbox 198 2141 355 2173; x_wconf 84' lang='lat' dir='ltr'>Horatius</span> <span class='ocrx_word' id='word_1_212' title='bbox 377 2142 446 2173; x_wconf 86' lang='lat' dir='ltr'>vult</span> <span class='ocrx_word' id='word_1_213' title='bbox 459 2142 578 2173; x_wconf 84' lang='lat' dir='ltr'>dicere:</span> <span class='ocrx_word' id='word_1_214' title='bbox 605 2142 741 2173; x_wconf 87' lang='lat' dir='ltr'>seniores</span> <span class='ocrx_word' id='word_1_215' title='bbox 755 2143 894 2174; x_wconf 85' lang='lat' dir='ltr'>carmina</span> <span class='ocrx_word' id='word_1_216' title='bbox 906 2142 958 2173; x_wconf 87' lang='lat' dir='ltr'>lu-</span> 
     </span>
     <span class='ocr_line' id='line_1_38' title="bbox 196 2185 959 2226; baseline 0.001 -11"><span class='ocrx_word' id='word_1_217' title='bbox 196 2185 282 2216; x_wconf 86' lang='lat' dir='ltr'>dicra</span> <span class='ocrx_word' id='word_1_218' title='bbox 307 2192 339 2216; x_wconf 92' lang='lat' dir='ltr'>et</span> <span class='ocrx_word' id='word_1_219' title='bbox 364 2185 442 2216; x_wconf 89' lang='lat' dir='ltr'>nihil</span> <span class='ocrx_word' id='word_1_220' title='bbox 465 2186 608 2217; x_wconf 82' lang='lat' dir='ltr'>utilitatis</span> <span class='ocrx_word' id='word_1_221' title='bbox 619 2187 797 2225; x_wconf 83' lang='lat' dir='ltr'>praebentia,</span> <span class='ocrx_word' id='word_1_222' title='bbox 817 2186 959 2226; x_wconf 89' lang='lat' dir='ltr'>juniores</span> 
     </span>
     <span class='ocr_line' id='line_1_39' title="bbox 196 2229 955 2271; baseline 0.001 -12"><span class='ocrx_word' id='word_1_223' title='bbox 196 2229 336 2260; x_wconf 89' lang='lat' dir='ltr'>carmina</span> <span class='ocrx_word' id='word_1_224' title='bbox 357 2229 519 2260; x_wconf 84' lang='lat' dir='ltr'>severioris</span> <span class='ocrx_word' id='word_1_225' title='bbox 538 2231 716 2271; x_wconf 82' lang='lat' dir='ltr'>argumenti</span> <span class='ocrx_word' id='word_1_226' title='bbox 738 2236 955 2261; x_wconf 88' lang='lat' dir='ltr'>contemnunt.</span> 
     </span>
     <span class='ocr_line' id='line_1_40' title="bbox 198 2272 960 2313; baseline 0 -11"><span class='ocrx_word' id='word_1_227' title='bbox 198 2273 287 2303; x_wconf 89' lang='lat' dir='ltr'>Hinc</span> <span class='ocrx_word' id='word_1_228' title='bbox 301 2272 408 2304; x_wconf 85' lang='lat' dir='ltr'>addit:</span> <span class='ocrx_word' id='word_1_229' title='bbox 438 2274 536 2305; x_wconf 83' lang='lat' dir='ltr'>Omne</span> <span class='ocrx_word' id='word_1_230' title='bbox 551 2276 622 2305; x_wconf 79' lang='lat' dir='ltr'>tulit</span> <span class='ocrx_word' id='word_1_231' title='bbox 632 2280 800 2313; x_wconf 82' lang='lat' dir='ltr'>punctum,</span> <span class='ocrx_word' id='word_1_232' title='bbox 816 2274 960 2303; x_wconf 81' lang='lat' dir='ltr'>omnium</span> 
     </span>
     <span class='ocr_line' id='line_1_41' title="bbox 194 2317 957 2358; baseline 0.001 -12"><span class='ocrx_word' id='word_1_233' title='bbox 194 2322 259 2346; x_wconf 81' lang='lat' dir='ltr'>tam</span> <span class='ocrx_word' id='word_1_234' title='bbox 286 2317 455 2351; x_wconf 80' lang='lat' dir='ltr'>seniorum,</span> <span class='ocrx_word' id='word_1_235' title='bbox 481 2327 577 2358; x_wconf 84' lang='lat' dir='ltr'>quam</span> <span class='ocrx_word' id='word_1_236' title='bbox 595 2317 760 2357; x_wconf 87' lang='lat' dir='ltr'>juniorum</span> <span class='ocrx_word' id='word_1_237' title='bbox 788 2317 957 2358; x_wconf 77' lang='lat' dir='ltr'>suffiagia3</span> 
     </span>
     <span class='ocr_line' id='line_1_42' title="bbox 195 2359 955 2401; baseline 0.001 -11"><span class='ocrx_word' id='word_1_238' title='bbox 195 2361 235 2390; x_wconf 90' lang='lat' dir='ltr'>de</span> <span class='ocrx_word' id='word_1_239' title='bbox 250 2370 325 2391; x_wconf 88' lang='lat' dir='ltr'>voce</span> <span class='ocrx_word' id='word_1_240' title='bbox 342 2366 499 2401; x_wconf 76' lang='lat' dir='ltr'>punctum</span> <span class='ocrx_word' id='word_1_241' title='bbox 520 2360 581 2391; x_wconf 85' lang='lat' dir='ltr'>vid.</span> <span class='ocrx_word' id='word_1_242' title='bbox 607 2371 701 2400; x_wconf 86' lang='lat' dir='ltr'>supra</span> <span class='ocrx_word' id='word_1_243' title='bbox 722 2361 823 2401; x_wconf 84' lang='lat' dir='ltr'>Epist.</span> <span class='ocrx_word' id='word_1_244' title='bbox 849 2361 897 2392; x_wconf 92' lang='grc' dir='ltr'><strong>ΙΙ.</strong></span> <span class='ocrx_word' id='word_1_245' title='bbox 925 2359 955 2391; x_wconf 78' lang='grc'><strong>2.</strong></span> 
     </span>
    </p>

    <p class='ocr_par' dir='ltr' id='par_1_14' title="bbox 195 2444 959 2741">
     <span class='ocr_line' id='line_1_43' title="bbox 239 2444 958 2488; baseline 0.004 -12"><span class='ocrx_word' id='word_1_246' title='bbox 239 2457 266 2476; x_wconf 83' lang='grc' dir='ltr'><strong>ν.</strong></span> <span class='ocrx_word' id='word_1_247' title='bbox 292 2444 367 2476; x_wconf 77' lang='grc'><strong>345.</strong></span> <span class='ocrx_word' id='word_1_248' title='bbox 395 2449 459 2478; x_wconf 87' lang='lat' dir='ltr'>Hic</span> <span class='ocrx_word' id='word_1_249' title='bbox 473 2448 556 2482; x_wconf 82' lang='lat' dir='ltr'>liber,</span> <span class='ocrx_word' id='word_1_250' title='bbox 574 2447 630 2488; x_wconf 93' lang='lat' dir='ltr'>qui</span> <span class='ocrx_word' id='word_1_251' title='bbox 644 2454 675 2478; x_wconf 90' lang='lat' dir='ltr'>et</span> <span class='ocrx_word' id='word_1_252' title='bbox 690 2447 824 2479; x_wconf 81' lang='lat' dir='ltr'>delectat</span> <span class='ocrx_word' id='word_1_253' title='bbox 837 2454 869 2479; x_wconf 89' lang='lat' dir='ltr'>et</span> <span class='ocrx_word' id='word_1_254' title='bbox 890 2458 958 2479; x_wconf 90' lang='lat' dir='ltr'>mo·</span> 
     </span>
     <span class='ocr_line' id='line_1_44' title="bbox 196 2490 958 2531; baseline 0.003 -11"><span class='ocrx_word' id='word_1_255' title='bbox 196 2497 250 2521; x_wconf 87' lang='lat' dir='ltr'>net</span> <span class='ocrx_word' id='word_1_256' title='bbox 265 2490 422 2525; x_wconf 88' lang='lat' dir='ltr'>lectorem,</span> <span class='ocrx_word' id='word_1_257' title='bbox 439 2502 502 2521; x_wconf 70' lang='grc' dir='ltr'>(ενα</span> <span class='ocrx_word' id='word_1_258' title='bbox 517 2498 623 2528; x_wconf 80' lang='lat' dir='ltr'>meret,</span> <span class='ocrx_word' id='word_1_259' title='bbox 643 2491 781 2521; x_wconf 85' lang='lat' dir='ltr'>multum</span> <span class='ocrx_word' id='word_1_260' title='bbox 803 2492 881 2522; x_wconf 88' lang='lat' dir='ltr'>lucri</span> <span class='ocrx_word' id='word_1_261' title='bbox 904 2502 958 2531; x_wconf 86' lang='lat' dir='ltr'>pa-</span> 
     </span>
     <span class='ocr_line' id='line_1_45' title="bbox 195 2533 953 2574; baseline 0 -9"><span class='ocrx_word' id='word_1_262' title='bbox 195 2541 252 2570; x_wconf 81' lang='lat' dir='ltr'>rat,</span> <span class='ocrx_word' id='word_1_263' title='bbox 269 2536 368 2570; x_wconf 79' lang='lat' dir='ltr'>Sosiis,</span> <span class='ocrx_word' id='word_1_264' title='bbox 385 2533 580 2574; x_wconf 86' lang='lat' dir='ltr'>bibliopolis;</span> <span class='ocrx_word' id='word_1_265' title='bbox 602 2534 662 2564; x_wconf 89' lang='lat' dir='ltr'>vid.</span> <span class='ocrx_word' id='word_1_266' title='bbox 681 2545 775 2573; x_wconf 84' lang='lat' dir='ltr'>supra</span> <span class='ocrx_word' id='word_1_267' title='bbox 789 2536 829 2565; x_wconf 91' lang='lat' dir='ltr'>ad</span> <span class='ocrx_word' id='word_1_268' title='bbox 852 2535 953 2574; x_wconf 82' lang='lat' dir='ltr'>Epist.</span> 
     </span>
     <span class='ocr_line' id='line_1_46' title="bbox 201 2576 958 2615; baseline 0.001 -7"><span class='ocrx_word' id='word_1_269' title='bbox 201 2578 226 2608; x_wconf 83' lang='lat'>1.</span> <span class='ocrx_word' id='word_1_270' title='bbox 245 2576 343 2608; x_wconf 60' lang='grc'><strong>20.“2.</strong></span> <span class='ocrx_word' id='word_1_271' title='bbox 433 2580 481 2609; x_wconf 69' lang='lat' dir='ltr'>liic</span> <span class='ocrx_word' id='word_1_272' title='bbox 495 2584 524 2609; x_wconf 78' lang='lat' dir='ltr'>et</span> <span class='ocrx_word' id='word_1_273' title='bbox 539 2589 627 2609; x_wconf 85' lang='lat' dir='ltr'>mare</span> <span class='ocrx_word' id='word_1_274' title='bbox 643 2580 765 2615; x_wconf 75' lang='lat' dir='ltr'>transit,</span> <span class='ocrx_word' id='word_1_275' title='bbox 788 2578 862 2609; x_wconf 88' lang='lat' dir='ltr'>hinc</span> <span class='ocrx_word' id='word_1_276' title='bbox 885 2578 958 2609; x_wconf 86' lang='lat' dir='ltr'>Ho-</span> 
     </span>
     <span class='ocr_line' id='line_1_47' title="bbox 195 2621 959 2662; baseline 0.003 -11"><span class='ocrx_word' id='word_1_277' title='bbox 195 2622 304 2658; x_wconf 74' lang='lat' dir='ltr'>ratius,</span> <span class='ocrx_word' id='word_1_278' title='bbox 320 2621 360 2652; x_wconf 91' lang='lat' dir='ltr'>de</span> <span class='ocrx_word' id='word_1_279' title='bbox 375 2631 434 2652; x_wconf 90' lang='lat' dir='ltr'>suo</span> <span class='ocrx_word' id='word_1_280' title='bbox 447 2621 544 2660; x_wconf 84' lang='lat' dir='ltr'>ipsius</span> <span class='ocrx_word' id='word_1_281' title='bbox 561 2621 640 2652; x_wconf 88' lang='lat' dir='ltr'>libro</span> <span class='ocrx_word' id='word_1_282' title='bbox 663 2622 842 2660; x_wconf 83' lang='lat' dir='ltr'>vaticinans,</span> <span class='ocrx_word' id='word_1_283' title='bbox 865 2632 959 2662; x_wconf 80' lang='lat' dir='ltr'>supra</span> 
     </span>
     <span class='ocr_line' id='line_1_48' title="bbox 197 2663 958 2708; baseline 0.003 -13"><span class='ocrx_word' id='word_1_284' title='bbox 197 2665 300 2704; x_wconf 84' lang='lat' dir='ltr'>Epist.</span> <span class='ocrx_word' id='word_1_285' title='bbox 321 2665 350 2695; x_wconf 93' lang='grc' dir='ltr'><strong>Ι.</strong></span> <span class='ocrx_word' id='word_1_286' title='bbox 367 2663 420 2695; x_wconf 77' lang='lat'>20.</span> <span class='ocrx_word' id='word_1_287' title='bbox 449 2663 498 2696; x_wconf 85' lang='grc'><strong>13.</strong></span> <span class='ocrx_word' id='word_1_288' title='bbox 525 2667 591 2696; x_wconf 79' lang='lat' dir='ltr'>Aul</span> <span class='ocrx_word' id='word_1_289' title='bbox 605 2666 715 2708; x_wconf 81' lang='lat' dir='ltr'>fugies</span> <span class='ocrx_word' id='word_1_290' title='bbox 745 2667 878 2700; x_wconf 79' lang='lat' dir='ltr'>Uticam.</span> <span class='ocrx_word' id='word_1_291' title='bbox 902 2672 958 2697; x_wconf 80' lang='lat' dir='ltr'>aut</span> 
     </span>
     <span class='ocr_line' id='line_1_49' title="bbox 195 2710 624 2741; baseline 0 -1"><span class='ocrx_word' id='word_1_292' title='bbox 195 2711 317 2740; x_wconf 77' lang='lat' dir='ltr'>vinctus</span> <span class='ocrx_word' id='word_1_293' title='bbox 332 2710 461 2740; x_wconf 74' lang='lat' dir='ltr'>mitteris</span> <span class='ocrx_word' id='word_1_294' title='bbox 474 2711 624 2741; x_wconf 81' lang='lat' dir='ltr'>Ilerdam.</span> 
     </span>
    </p>

    <p class='ocr_par' dir='ltr' id='par_1_15' title="bbox 195 2748 652 2826">
     <span class='ocr_line' id='line_1_50' title="bbox 239 2748 652 2789; baseline 0.005 -8"><span class='ocrx_word' id='word_1_295' title='bbox 239 2762 266 2782; x_wconf 85' lang='lat' dir='ltr'>v.</span> <span class='ocrx_word' id='word_1_296' title='bbox 292 2748 367 2783; x_wconf 66' lang='lat'>34⁵6.</span> <span class='ocrx_word' id='word_1_297' title='bbox 394 2758 473 2789; x_wconf 74' lang='lat' dir='ltr'>nalo,</span> <span class='ocrx_word' id='word_1_298' title='bbox 489 2752 652 2783; x_wconf 79' lang='lat' dir='ltr'>celebrato.</span> 
     </span>
     <span class='ocr_line' id='line_1_51' title="bbox 195 2795 307 2826; baseline 0.009 -1"><span class='ocrx_word' id='word_1_299' title='bbox 195 2795 307 2826; x_wconf 83' lang='lat' dir='ltr'>tendit.</span> 
     </span>
    </p>

    <p class='ocr_par' dir='ltr' id='par_1_16' title="bbox 196 2838 957 3012">
     <span class='ocr_line' id='line_1_52' title="bbox 238 2838 956 2880; baseline 0 -10"><span class='ocrx_word' id='word_1_300' title='bbox 238 2851 266 2870; x_wconf 90' lang='lat' dir='ltr'>v.</span> <span class='ocrx_word' id='word_1_301' title='bbox 292 2838 368 2870; x_wconf 77' lang='lat'>349.</span> <span class='ocrx_word' id='word_1_302' title='bbox 390 2851 479 2880; x_wconf 80' lang='lat' dir='ltr'>grav.</span> <span class='ocrx_word' id='word_1_303' title='bbox 492 2851 574 2880; x_wconf 78' lang='lat' dir='ltr'>pers.</span> <span class='ocrx_word' id='word_1_304' title='bbox 591 2850 666 2871; x_wconf 79' lang='lat' dir='ltr'>rem.</span> <span class='ocrx_word' id='word_1_305' title='bbox 684 2845 768 2871; x_wconf 74' lang='lat' dir='ltr'>acue.</span> <span class='ocrx_word' id='word_1_306' title='bbox 782 2856 825 2864; x_wconf 90' lang='lat'>-—</span> <span class='ocrx_word' id='word_1_307' title='bbox 845 2841 956 2871; x_wconf 78' lang='lat' dir='ltr'>Gesne-</span> 
     </span>
     <span class='ocr_line' id='line_1_53' title="bbox 197 2882 957 2923; baseline 0 -11"><span class='ocrx_word' id='word_1_308' title='bbox 197 2895 251 2913; x_wconf 78' lang='lat' dir='ltr'>rus</span> <span class='ocrx_word' id='word_1_309' title='bbox 266 2884 393 2923; x_wconf 85' lang='lat' dir='ltr'>culpam</span> <span class='ocrx_word' id='word_1_310' title='bbox 409 2883 479 2914; x_wconf 83' lang='lat' dir='ltr'>falsi</span> <span class='ocrx_word' id='word_1_311' title='bbox 495 2883 563 2914; x_wconf 89' lang='lat' dir='ltr'>soni</span> <span class='ocrx_word' id='word_1_312' title='bbox 578 2883 612 2913; x_wconf 77' lang='lat' dir='ltr'>in</span> <span class='ocrx_word' id='word_1_313' title='bbox 626 2882 775 2913; x_wconf 84' lang='lat' dir='ltr'>chordam</span> <span class='ocrx_word' id='word_1_314' title='bbox 791 2889 847 2913; x_wconf 86' lang='lat' dir='ltr'>aut</span> <span class='ocrx_word' id='word_1_315' title='bbox 863 2883 957 2913; x_wconf 89' lang='lat' dir='ltr'>nimis</span> 
     </span>
     <span class='ocr_line' id='line_1_54' title="bbox 196 2926 957 2966; baseline 0.001 -11"><span class='ocrx_word' id='word_1_316' title='bbox 196 2934 251 2956; x_wconf 87' lang='lat' dir='ltr'>aut</span> <span class='ocrx_word' id='word_1_317' title='bbox 268 2937 377 2966; x_wconf 84' lang='lat' dir='ltr'>parum</span> <span class='ocrx_word' id='word_1_318' title='bbox 393 2932 511 2957; x_wconf 80' lang='lat' dir='ltr'>tensam</span> <span class='ocrx_word' id='word_1_319' title='bbox 527 2926 657 2958; x_wconf 78' lang='lat' dir='ltr'>confert.</span> <span class='ocrx_word' id='word_1_320' title='bbox 706 2926 767 2957; x_wconf 87' lang='lat' dir='ltr'>Sed</span> <span class='ocrx_word' id='word_1_321' title='bbox 788 2936 890 2957; x_wconf 85' lang='lat' dir='ltr'>sermo</span> <span class='ocrx_word' id='word_1_322' title='bbox 911 2934 957 2956; x_wconf 85' lang='lat' dir='ltr'>est</span> 
     </span>
     <span class='ocr_line' id='line_1_55' title="bbox 196 2969 956 3012; baseline 0.003 -13"><span class='ocrx_word' id='word_1_323' title='bbox 196 2969 235 2999; x_wconf 88' lang='lat' dir='ltr'>de</span> <span class='ocrx_word' id='word_1_324' title='bbox 259 2980 370 3007; x_wconf 71' lang='lat' dir='ltr'>errore,</span> <span class='ocrx_word' id='word_1_325' title='bbox 396 2971 447 3001; x_wconf 91' lang='lat' dir='ltr'>cui</span> <span class='ocrx_word' id='word_1_326' title='bbox 477 2970 615 3010; x_wconf 77' lang='lat' dir='ltr'>optimus</span> <span class='ocrx_word' id='word_1_327' title='bbox 643 2969 773 3012; x_wconf 86' lang='lat' dir='ltr'>quisque</span> <span class='ocrx_word' id='word_1_328' title='bbox 802 2970 956 3002; x_wconf 82' lang='lat' dir='ltr'>obnoxius</span> 
     </span>
    </p>
   </div>
   <div class='ocr_carea' id='block_1_11' title="bbox 729 2758 956 2792">
    <p class='ocr_par' dir='ltr' id='par_1_17' title="bbox 729 2758 956 2792">
     <span class='ocr_line' id='line_1_56' title="bbox 729 2758 956 2792; baseline 0 -10"><span class='ocrx_word' id='word_1_329' title='bbox 729 2763 860 2792; x_wconf 80' lang='lat' dir='ltr'>proroga</span> <span class='ocrx_word' id='word_1_330' title='bbox 864 2758 886 2788; x_wconf 82' lang='lat' dir='ltr'>t,</span> <span class='ocrx_word' id='word_1_331' title='bbox 902 2762 956 2782; x_wconf 86' lang='lat' dir='ltr'>ex-</span> 
     </span>
    </p>
   </div>
   <div class='ocr_carea' id='block_1_12' title="bbox 1000 1402 1763 2706">
    <p class='ocr_par' dir='ltr' id='par_1_18' title="bbox 1002 1402 1763 1571">
     <span class='ocr_line' id='line_1_57' title="bbox 1005 1402 1763 1448; baseline 0.008 -16"><span class='ocrx_word' id='word_1_332' title='bbox 1005 1407 1060 1433; x_wconf 63' lang='lat' dir='ltr'>est.</span> <span class='ocrx_word' id='word_1_333' title='bbox 1109 1402 1192 1433; x_wconf 83' lang='lat' dir='ltr'>Fieri</span> <span class='ocrx_word' id='word_1_334' title='bbox 1206 1403 1291 1434; x_wconf 87' lang='lat' dir='ltr'>enim</span> <span class='ocrx_word' id='word_1_335' title='bbox 1305 1410 1416 1443; x_wconf 76' lang='lat' dir='ltr'>potest,</span> <span class='ocrx_word' id='word_1_336' title='bbox 1432 1411 1468 1435; x_wconf 88' lang='lat' dir='ltr'>ut</span> <span class='ocrx_word' id='word_1_337' title='bbox 1481 1405 1619 1445; x_wconf 81' lang='lat' dir='ltr'>optimus</span> <span class='ocrx_word' id='word_1_338' title='bbox 1631 1405 1763 1448; x_wconf 85' lang='lat' dir='ltr'>quisque</span> 
     </span>
     <span class='ocr_line' id='line_1_58' title="bbox 1004 1445 1762 1491; baseline 0.008 -15"><span class='ocrx_word' id='word_1_339' title='bbox 1004 1445 1191 1477; x_wconf 81' lang='lat' dir='ltr'>citharoedus</span> <span class='ocrx_word' id='word_1_340' title='bbox 1234 1447 1350 1478; x_wconf 85' lang='lat' dir='ltr'>chorda</span> <span class='ocrx_word' id='word_1_341' title='bbox 1395 1448 1500 1489; x_wconf 81' lang='lat' dir='ltr'>aliqua</span> <span class='ocrx_word' id='word_1_342' title='bbox 1534 1460 1762 1491; x_wconf 78' lang='lat' dir='ltr'>nonnunquam</span> 
     </span>
     <span class='ocr_line' id='line_1_59' title="bbox 1004 1490 1762 1535; baseline 0.008 -16"><span class='ocrx_word' id='word_1_343' title='bbox 1004 1491 1146 1528; x_wconf 86' lang='lat' dir='ltr'>oberret;</span> <span class='ocrx_word' id='word_1_344' title='bbox 1172 1495 1214 1528; x_wconf 82' lang='lat' dir='ltr'>at,</span> <span class='ocrx_word' id='word_1_345' title='bbox 1242 1491 1286 1533; x_wconf 83' lang='lat' dir='ltr'>(v.</span> <span class='ocrx_word' id='word_1_346' title='bbox 1311 1490 1407 1531; x_wconf 87' lang='grc'><strong>356.)</strong></span> <span class='ocrx_word' id='word_1_347' title='bbox 1433 1494 1546 1523; x_wconf 70' lang='lat' dir='ltr'>chorda</span> <span class='ocrx_word' id='word_1_348' title='bbox 1568 1495 1622 1533; x_wconf 77' lang='lat' dir='ltr'>qui</span> <span class='ocrx_word' id='word_1_349' title='bbox 1645 1504 1762 1535; x_wconf 72' lang='lat' dir='ltr'>semper</span> 
     </span>
     <span class='ocr_line' id='line_1_60' title="bbox 1002 1535 1410 1571; baseline 0.005 -7"><span class='ocrx_word' id='word_1_350' title='bbox 1002 1535 1120 1564; x_wconf 80' lang='lat' dir='ltr'>oberrat</span> <span class='ocrx_word' id='word_1_351' title='bbox 1134 1536 1249 1571; x_wconf 78' lang='lat' dir='ltr'>eadem,</span> <span class='ocrx_word' id='word_1_352' title='bbox 1267 1536 1410 1566; x_wconf 78' lang='lat' dir='ltr'>Ridetur.</span> 
     </span>
    </p>

    <p class='ocr_par' dir='ltr' id='par_1_19' title="bbox 1002 1576 1762 1781">
     <span class='ocr_line' id='line_1_61' title="bbox 1045 1576 1761 1621; baseline 0.008 -15"><span class='ocrx_word' id='word_1_353' title='bbox 1045 1586 1074 1607; x_wconf 90' lang='lat' dir='ltr'>v.</span> <span class='ocrx_word' id='word_1_354' title='bbox 1091 1576 1166 1607; x_wconf 88' lang='grc'><strong>350.</strong></span> <span class='ocrx_word' id='word_1_355' title='bbox 1181 1579 1251 1609; x_wconf 87' lang='lat' dir='ltr'>Nec</span> <span class='ocrx_word' id='word_1_356' title='bbox 1264 1588 1384 1618; x_wconf 79' lang='lat' dir='ltr'>semper</span> <span class='ocrx_word' id='word_1_357' title='bbox 1385 1579 1467 1621; x_wconf 69' lang='lat' dir='ltr'>ser„</span> <span class='ocrx_word' id='word_1_358' title='bbox 1483 1581 1591 1620; x_wconf 80' lang='lat' dir='ltr'>quode.</span> <span class='ocrx_word' id='word_1_359' title='bbox 1608 1581 1686 1611; x_wconf 76' lang='lat' dir='ltr'>min.</span> <span class='ocrx_word' id='word_1_360' title='bbox 1709 1593 1761 1612; x_wconf 82' lang='lat' dir='ltr'>ar-</span> 
     </span>
     <span class='ocr_line' id='line_1_62' title="bbox 1002 1629 1762 1708; baseline 0.008 -15"><span class='ocrx_word' id='word_1_361' title='bbox 1002 1630 1142 1700; x_wconf 58' lang='lat' dir='ltr'>ffississss‘f</span> <span class='ocrx_word' id='word_1_362' title='bbox 1153 1629 1762 1708; x_wconf 55' lang='grc' dir='ltr'>ΐέιῗὲἒὲἳῧῖἶῗέυῗῗςέἰῗαΐζ</span> 
     </span>
     <span class='ocr_line' id='line_1_63' title="bbox 1003 1706 1761 1750; baseline 0.007 -13"><span class='ocrx_word' id='word_1_363' title='bbox 1003 1706 1204 1748; x_wconf 72' lang='lat' dir='ltr'>dirigebatur,</span> <span class='ocrx_word' id='word_1_364' title='bbox 1219 1707 1275 1738; x_wconf 88' lang='lat' dir='ltr'>sed</span> <span class='ocrx_word' id='word_1_365' title='bbox 1288 1717 1517 1750; x_wconf 77' lang='lat' dir='ltr'>nonnunquam</span> <span class='ocrx_word' id='word_1_366' title='bbox 1530 1719 1551 1740; x_wconf 81' lang='lat' dir='ltr'>a.</span> <span class='ocrx_word' id='word_1_367' title='bbox 1570 1716 1654 1741; x_wconf 69' lang='lat' dir='ltr'>men</span> <span class='ocrx_word' id='word_1_368' title='bbox 1673 1712 1761 1742; x_wconf 70' lang='lat' dir='ltr'>aber-</span> 
     </span>
     <span class='ocr_line' id='line_1_64' title="bbox 1003 1751 1093 1781; baseline 0 0"><span class='ocrx_word' id='word_1_369' title='bbox 1003 1751 1093 1781; x_wconf 73' lang='lat' dir='ltr'>rabit.</span> 
     </span>
    </p>

    <p class='ocr_par' dir='ltr' id='par_1_20' title="bbox 1003 1793 1761 1912">
     <span class='ocr_line' id='line_1_65' title="bbox 1045 1793 1761 1840; baseline 0.007 -17"><span class='ocrx_word' id='word_1_370' title='bbox 1045 1804 1073 1824; x_wconf 85' lang='lat' dir='ltr'>v.</span> <span class='ocrx_word' id='word_1_371' title='bbox 1099 1793 1173 1824; x_wconf 84' lang='lat'>352.</span> <span class='ocrx_word' id='word_1_372' title='bbox 1188 1795 1291 1837; x_wconf 67' lang='lat' dir='ltr'>fidit,</span> <span class='ocrx_word' id='word_1_373' title='bbox 1320 1794 1479 1835; x_wconf 75' lang='lat' dir='ltr'>adspersit,</span> <span class='ocrx_word' id='word_1_374' title='bbox 1505 1795 1612 1833; x_wconf 76' lang='lat' dir='ltr'>illevit,</span> <span class='ocrx_word' id='word_1_375' title='bbox 1635 1796 1761 1840; x_wconf 70' lang='lat' dir='ltr'>elegan-</span> 
     </span>
     <span class='ocr_line' id='line_1_66' title="bbox 1003 1837 1760 1882; baseline 0.007 -15"><span class='ocrx_word' id='word_1_376' title='bbox 1003 1844 1052 1868; x_wconf 84' lang='lat' dir='ltr'>ter</span> <span class='ocrx_word' id='word_1_377' title='bbox 1075 1843 1107 1868; x_wconf 88' lang='lat' dir='ltr'>et</span> <span class='ocrx_word' id='word_1_378' title='bbox 1127 1837 1359 1870; x_wconf 69' lang='lat' dir='ltr'>accommodate</span> <span class='ocrx_word' id='word_1_379' title='bbox 1379 1839 1420 1870; x_wconf 73' lang='lat' dir='ltr'>ad</span> <span class='ocrx_word' id='word_1_380' title='bbox 1439 1841 1589 1876; x_wconf 72' lang='lat' dir='ltr'>maculas,</span> <span class='ocrx_word' id='word_1_381' title='bbox 1612 1846 1760 1882; x_wconf 76' lang='lat' dir='ltr'>tanquam</span> 
     </span>
     <span class='ocr_line' id='line_1_67' title="bbox 1003 1880 1464 1912; baseline 0 -1"><span class='ocrx_word' id='word_1_382' title='bbox 1003 1891 1070 1912; x_wconf 88' lang='lat' dir='ltr'>rem</span> <span class='ocrx_word' id='word_1_383' title='bbox 1085 1880 1224 1912; x_wconf 82' lang='lat' dir='ltr'>fluidam.</span> <span class='ocrx_word' id='word_1_384' title='bbox 1461 1908 1464 1911; x_wconf 91' lang='lat'>.</span> 
     </span>
    </p>

    <p class='ocr_par' dir='ltr' id='par_1_21' title="bbox 1000 1924 1761 2706">
     <span class='ocr_line' id='line_1_68' title="bbox 1044 1924 1761 1967; baseline 0.007 -12"><span class='ocrx_word' id='word_1_385' title='bbox 1044 1935 1073 1956; x_wconf 85' lang='lat' dir='ltr'>v.</span> <span class='ocrx_word' id='word_1_386' title='bbox 1088 1924 1270 1956; x_wconf 85' lang='grc'><strong>353-365.</strong></span> <span class='ocrx_word' id='word_1_387' title='bbox 1285 1928 1355 1957; x_wconf 76' lang='lat' dir='ltr'>Aut</span> <span class='ocrx_word' id='word_1_388' title='bbox 1362 1927 1502 1958; x_wconf 73' lang='lat' dir='ltr'>humana</span> <span class='ocrx_word' id='word_1_389' title='bbox 1513 1929 1671 1967; x_wconf 56' lang='lat' dir='ltr'>paneam}</span> <span class='ocrx_word' id='word_1_390' title='bbox 1683 1935 1761 1967; x_wconf 68' lang='lat' dir='ltr'>nat„</span> 
     </span>
     <span class='ocr_line' id='line_1_69' title="bbox 1002 1969 1757 2004; baseline 0.007 -5"><span class='ocrx_word' id='word_1_391' title='bbox 1002 1976 1058 1999; x_wconf 84' lang='lat' dir='ltr'>aut</span> <span class='ocrx_word' id='word_1_392' title='bbox 1071 1969 1211 1999; x_wconf 79' lang='lat' dir='ltr'>humana</span> <span class='ocrx_word' id='word_1_393' title='bbox 1229 1969 1424 2000; x_wconf 77' lang='lat' dir='ltr'>imbecillitas</span> <span class='ocrx_word' id='word_1_394' title='bbox 1444 1979 1508 2000; x_wconf 85' lang='lat' dir='ltr'>non</span> <span class='ocrx_word' id='word_1_395' title='bbox 1529 1969 1605 2001; x_wconf 73' lang='lat' dir='ltr'>satis</span> <span class='ocrx_word' id='word_1_396' title='bbox 1618 1971 1757 2004; x_wconf 72' lang='lat' dir='ltr'>evitavit.</span> 
     </span>
     <span class='ocr_line' id='line_1_70' title="bbox 1001 2013 1761 2053; baseline 0.005 -10"><span class='ocrx_word' id='word_1_397' title='bbox 1001 2030 1044 2036; x_wconf 89' lang='lat'>—-</span> <span class='ocrx_word' id='word_1_398' title='bbox 1057 2014 1138 2048; x_wconf 74' lang='lat' dir='ltr'>Quid</span> <span class='ocrx_word' id='word_1_399' title='bbox 1157 2024 1228 2053; x_wconf 86' lang='lat' dir='ltr'>ergo</span> <span class='ocrx_word' id='word_1_400' title='bbox 1249 2013 1322 2044; x_wconf 77' lang='lat' dir='ltr'>est?</span> <span class='ocrx_word' id='word_1_401' title='bbox 1346 2019 1418 2044; x_wconf 83' lang='lat' dir='ltr'>cett.</span> <span class='ocrx_word' id='word_1_402' title='bbox 1466 2013 1584 2045; x_wconf 77' lang='lat' dir='ltr'>Sensus</span> <span class='ocrx_word' id='word_1_403' title='bbox 1602 2020 1637 2046; x_wconf 74' lang='lat' dir='ltr'>et</span> <span class='ocrx_word' id='word_1_404' title='bbox 1658 2025 1761 2047; x_wconf 72' lang='lat' dir='ltr'>nexus</span> 
     </span>
     <span class='ocr_line' id='line_1_71' title="bbox 1002 2055 1760 2098; baseline 0.008 -13"><span class='ocrx_word' id='word_1_405' title='bbox 1002 2056 1098 2098; x_wconf 89' lang='lat' dir='ltr'>hujus</span> <span class='ocrx_word' id='word_1_406' title='bbox 1125 2056 1221 2095; x_wconf 78' lang='lat' dir='ltr'>paulo</span> <span class='ocrx_word' id='word_1_407' title='bbox 1241 2055 1445 2096; x_wconf 78' lang='lat' dir='ltr'>impeditioris</span> <span class='ocrx_word' id='word_1_408' title='bbox 1465 2056 1527 2088; x_wconf 86' lang='lat' dir='ltr'>loci</span> <span class='ocrx_word' id='word_1_409' title='bbox 1549 2057 1673 2090; x_wconf 76' lang='lat' dir='ltr'>videtur</span> <span class='ocrx_word' id='word_1_410' title='bbox 1692 2069 1760 2091; x_wconf 74' lang='lat' dir='ltr'>esse</span> 
     </span>
     <span class='ocr_line' id='line_1_72' title="bbox 1000 2099 1758 2141; baseline 0.007 -12"><span class='ocrx_word' id='word_1_411' title='bbox 1000 2099 1070 2130; x_wconf 84' lang='lat' dir='ltr'>hic:</span> <span class='ocrx_word' id='word_1_412' title='bbox 1114 2100 1203 2136; x_wconf 84' lang='lat' dir='ltr'>Quid</span> <span class='ocrx_word' id='word_1_413' title='bbox 1227 2100 1324 2141; x_wconf 85' lang='lat' dir='ltr'>igitur</span> <span class='ocrx_word' id='word_1_414' title='bbox 1347 2100 1388 2131; x_wconf 90' lang='lat' dir='ltr'>de</span> <span class='ocrx_word' id='word_1_415' title='bbox 1412 2100 1494 2131; x_wconf 85' lang='lat' dir='ltr'>vitiis</span> <span class='ocrx_word' id='word_1_416' title='bbox 1513 2107 1674 2141; x_wconf 75' lang='lat' dir='ltr'>poetarum</span> <span class='ocrx_word' id='word_1_417' title='bbox 1695 2109 1758 2134; x_wconf 67' lang='lat' dir='ltr'>sta-</span> 
     </span>
     <span class='ocr_line' id='line_1_73' title="bbox 1000 2142 1759 2186; baseline 0.004 -13"><span class='ocrx_word' id='word_1_418' title='bbox 1000 2142 1154 2173; x_wconf 88' lang='lat' dir='ltr'>tuendum</span> <span class='ocrx_word' id='word_1_419' title='bbox 1183 2153 1249 2174; x_wconf 85' lang='lat' dir='ltr'>esse</span> <span class='ocrx_word' id='word_1_420' title='bbox 1277 2143 1421 2175; x_wconf 78' lang='lat' dir='ltr'>videtur?</span> <span class='ocrx_word' id='word_1_421' title='bbox 1443 2144 1497 2186; x_wconf 86' lang='lat' dir='ltr'>qui</span> <span class='ocrx_word' id='word_1_422' title='bbox 1525 2144 1759 2185; x_wconf 64' lang='lat' dir='ltr'>multumpec-</span> 
     </span>
     <span class='ocr_line' id='line_1_74' title="bbox 1001 2186 1757 2228; baseline 0.005 -12"><span class='ocrx_word' id='word_1_423' title='bbox 1001 2194 1082 2224; x_wconf 85' lang='lat' dir='ltr'>cant,</span> <span class='ocrx_word' id='word_1_424' title='bbox 1107 2186 1363 2227; x_wconf 84' lang='lat' dir='ltr'>reprehendendi,</span> <span class='ocrx_word' id='word_1_425' title='bbox 1388 2188 1444 2228; x_wconf 76' lang='lat' dir='ltr'>qui</span> <span class='ocrx_word' id='word_1_426' title='bbox 1471 2197 1541 2218; x_wconf 78' lang='lat' dir='ltr'>raro</span> <span class='ocrx_word' id='word_1_427' title='bbox 1563 2188 1598 2218; x_wconf 85' lang='lat' dir='ltr'>in</span> <span class='ocrx_word' id='word_1_428' title='bbox 1622 2197 1757 2220; x_wconf 79' lang='lat' dir='ltr'>errorem</span> 
     </span>
     <span class='ocr_line' id='line_1_75' title="bbox 1002 2230 1758 2273; baseline 0.004 -13"><span class='ocrx_word' id='word_1_429' title='bbox 1002 2230 1137 2271; x_wconf 86' lang='lat' dir='ltr'>aliquem</span> <span class='ocrx_word' id='word_1_430' title='bbox 1160 2241 1193 2261; x_wconf 88' lang='lat' dir='ltr'>se</span> <span class='ocrx_word' id='word_1_431' title='bbox 1214 2230 1321 2261; x_wconf 88' lang='lat' dir='ltr'>induci</span> <span class='ocrx_word' id='word_1_432' title='bbox 1346 2231 1518 2270; x_wconf 76' lang='lat' dir='ltr'>patiuntur,</span> <span class='ocrx_word' id='word_1_433' title='bbox 1535 2231 1573 2262; x_wconf 78' lang='lat' dir='ltr'>iis</span> <span class='ocrx_word' id='word_1_434' title='bbox 1593 2231 1758 2273; x_wconf 74' lang='lat' dir='ltr'>ignoscen-</span> 
     </span>
     <span class='ocr_line' id='line_1_76' title="bbox 1001 2274 1758 2316; baseline 0.005 -13"><span class='ocrx_word' id='word_1_435' title='bbox 1001 2274 1080 2304; x_wconf 89' lang='lat' dir='ltr'>dum</span> <span class='ocrx_word' id='word_1_436' title='bbox 1094 2281 1151 2305; x_wconf 82' lang='lat' dir='ltr'>est.</span> <span class='ocrx_word' id='word_1_437' title='bbox 1199 2276 1264 2316; x_wconf 81' lang='lat' dir='ltr'>(Ut</span> <span class='ocrx_word' id='word_1_438' title='bbox 1277 2276 1415 2315; x_wconf 75' lang='lat' dir='ltr'>scriptor,</span> <span class='ocrx_word' id='word_1_439' title='bbox 1440 2276 1467 2306; x_wconf 74' lang='lat' dir='ltr'>si</span> <span class='ocrx_word' id='word_1_440' title='bbox 1486 2274 1608 2315; x_wconf 79' lang='lat' dir='ltr'>peccat)</span> <span class='ocrx_word' id='word_1_441' title='bbox 1635 2275 1758 2312; x_wconf 75' lang='lat' dir='ltr'>Qnem-</span> 
     </span>
     <span class='ocr_line' id='line_1_77' title="bbox 1002 2318 1756 2359; baseline 0.003 -12"><span class='ocrx_word' id='word_1_442' title='bbox 1002 2318 1174 2348; x_wconf 80' lang='lat' dir='ltr'>admodum</span> <span class='ocrx_word' id='word_1_443' title='bbox 1196 2318 1303 2349; x_wconf 73' lang='lat' dir='ltr'>scribae</span> <span class='ocrx_word' id='word_1_444' title='bbox 1324 2319 1478 2359; x_wconf 72' lang='lat' dir='ltr'>(scriptori</span> <span class='ocrx_word' id='word_1_445' title='bbox 1497 2319 1648 2358; x_wconf 73' lang='lat' dir='ltr'>librario),</span> <span class='ocrx_word' id='word_1_446' title='bbox 1672 2319 1699 2349; x_wconf 89' lang='lat' dir='ltr'>si</span> <span class='ocrx_word' id='word_1_447' title='bbox 1719 2320 1756 2357; x_wconf 87' lang='lat' dir='ltr'>is,</span> 
     </span>
     <span class='ocr_line' id='line_1_78' title="bbox 1002 2360 1757 2402; baseline 0.004 -11"><span class='ocrx_word' id='word_1_448' title='bbox 1002 2362 1143 2402; x_wconf 84' lang='lat' dir='ltr'>quamvis</span> <span class='ocrx_word' id='word_1_449' title='bbox 1171 2360 1226 2391; x_wconf 74' lang='lat' dir='ltr'>est&#39;</span> <span class='ocrx_word' id='word_1_450' title='bbox 1241 2362 1452 2401; x_wconf 79' lang='lat' dir='ltr'>reprehensus,</span> <span class='ocrx_word' id='word_1_451' title='bbox 1468 2361 1503 2391; x_wconf 90' lang='lat' dir='ltr'>in</span> <span class='ocrx_word' id='word_1_452' title='bbox 1522 2361 1633 2392; x_wconf 78' lang='lat' dir='ltr'>iisdem</span> <span class='ocrx_word' id='word_1_453' title='bbox 1656 2364 1757 2394; x_wconf 82' lang='lat' dir='ltr'>verbis</span> 
     </span>
     <span class='ocr_line' id='line_1_79' title="bbox 1002 2404 1756 2445; baseline 0.004 -11"><span class='ocrx_word' id='word_1_454' title='bbox 1002 2404 1211 2435; x_wconf 82' lang='lat' dir='ltr'>describendis</span> <span class='ocrx_word' id='word_1_455' title='bbox 1231 2411 1346 2444; x_wconf 80' lang='lat' dir='ltr'>peccat,</span> <span class='ocrx_word' id='word_1_456' title='bbox 1362 2405 1445 2435; x_wconf 76' lang='lat' dir='ltr'>haud</span> <span class='ocrx_word' id='word_1_457' title='bbox 1459 2404 1685 2445; x_wconf 82' lang='lat' dir='ltr'>ignoscendum</span> <span class='ocrx_word' id='word_1_458' title='bbox 1700 2413 1756 2444; x_wconf 85' lang='lat' dir='ltr'>est,</span> 
     </span>
     <span class='ocr_line' id='line_1_80' title="bbox 1002 2447 1757 2490; baseline 0.001 -11"><span class='ocrx_word' id='word_1_459' title='bbox 1002 2455 1033 2479; x_wconf 84' lang='lat' dir='ltr'>et</span> <span class='ocrx_word' id='word_1_460' title='bbox 1054 2447 1317 2489; x_wconf 73' lang='lat' dir='ltr'>quemadmodum</span> <span class='ocrx_word' id='word_1_461' title='bbox 1339 2447 1535 2485; x_wconf 76' lang='lat' dir='ltr'>citharoedus,</span> <span class='ocrx_word' id='word_1_462' title='bbox 1555 2448 1611 2489; x_wconf 83' lang='lat' dir='ltr'>qui</span> <span class='ocrx_word' id='word_1_463' title='bbox 1635 2459 1757 2490; x_wconf 78' lang='lat' dir='ltr'>semper</span> 
     </span>
     <span class='ocr_line' id='line_1_81' title="bbox 1001 2491 1755 2533; baseline -0.003 -11"><span class='ocrx_word' id='word_1_464' title='bbox 1001 2492 1110 2522; x_wconf 79' lang='lat' dir='ltr'>eadem</span> <span class='ocrx_word' id='word_1_465' title='bbox 1124 2491 1239 2522; x_wconf 80' lang='lat' dir='ltr'>chorda</span> <span class='ocrx_word' id='word_1_466' title='bbox 1252 2492 1382 2528; x_wconf 81' lang='lat' dir='ltr'>oberrat,</span> <span class='ocrx_word' id='word_1_467' title='bbox 1397 2501 1432 2522; x_wconf 83' lang='lat' dir='ltr'>se</span> <span class='ocrx_word' id='word_1_468' title='bbox 1449 2491 1653 2522; x_wconf 79' lang='lat' dir='ltr'>deridendum</span> <span class='ocrx_word' id='word_1_469' title='bbox 1675 2503 1755 2533; x_wconf 73' lang='lat' dir='ltr'>proe.</span> 
     </span>
     <span class='ocr_line' id='line_1_82' title="bbox 1001 2534 1756 2575; baseline 0.003 -9"><span class='ocrx_word' id='word_1_470' title='bbox 1001 2537 1062 2572; x_wconf 90' lang='lat' dir='ltr'>bet,</span> <span class='ocrx_word' id='word_1_471' title='bbox 1077 2535 1121 2566; x_wconf 88' lang='lat' dir='ltr'>sic</span> <span class='ocrx_word' id='word_1_472' title='bbox 1135 2535 1211 2564; x_wconf 89' lang='lat' dir='ltr'>mihi</span> <span class='ocrx_word' id='word_1_473' title='bbox 1224 2534 1278 2565; x_wconf 88' lang='lat' dir='ltr'>ille</span> <span class='ocrx_word' id='word_1_474' title='bbox 1292 2541 1392 2574; x_wconf 86' lang='lat' dir='ltr'>poeta,</span> <span class='ocrx_word' id='word_1_475' title='bbox 1413 2535 1470 2575; x_wconf 90' lang='lat' dir='ltr'>qui</span> <span class='ocrx_word' id='word_1_476' title='bbox 1490 2541 1586 2566; x_wconf 79' lang='lat' dir='ltr'>scatet</span> <span class='ocrx_word' id='word_1_477' title='bbox 1605 2536 1696 2574; x_wconf 82' lang='lat' dir='ltr'>vitiis,</span> <span class='ocrx_word' id='word_1_478' title='bbox 1719 2537 1756 2569; x_wconf 80' lang='lat' dir='ltr'>fit</span> 
     </span>
     <span class='ocr_line' id='line_1_83' title="bbox 1001 2578 1754 2621; baseline 0.004 -12"><span class='ocrx_word' id='word_1_479' title='bbox 1001 2579 1078 2609; x_wconf 85' lang='lat' dir='ltr'>alter</span> <span class='ocrx_word' id='word_1_480' title='bbox 1105 2578 1192 2619; x_wconf 78' lang='lat' dir='ltr'>quasi</span> <span class='ocrx_word' id='word_1_481' title='bbox 1221 2578 1384 2614; x_wconf 76' lang='lat' dir='ltr'>Choerilus,</span> <span class='ocrx_word' id='word_1_482' title='bbox 1413 2588 1518 2619; x_wconf 86' lang='lat' dir='ltr'>quem,</span> <span class='ocrx_word' id='word_1_483' title='bbox 1549 2586 1754 2621; x_wconf 70' lang='lat' dir='ltr'>praeterquam</span> 
     </span>
     <span class='ocr_line' id='line_1_84' title="bbox 1003 2621 1755 2664; baseline -0.003 -10"><span class='ocrx_word' id='word_1_484' title='bbox 1003 2624 1088 2664; x_wconf 81' lang='lat' dir='ltr'>(cum</span> <span class='ocrx_word' id='word_1_485' title='bbox 1101 2622 1181 2662; x_wconf 77' lang='lat' dir='ltr'>risu)</span> <span class='ocrx_word' id='word_1_486' title='bbox 1196 2621 1281 2662; x_wconf 89' lang='lat' dir='ltr'>quod</span> <span class='ocrx_word' id='word_1_487' title='bbox 1295 2621 1396 2652; x_wconf 73' lang='lat' dir='ltr'>multa</span> <span class='ocrx_word' id='word_1_488' title='bbox 1412 2622 1480 2662; x_wconf 80' lang='lat' dir='ltr'>ejus</span> <span class='ocrx_word' id='word_1_489' title='bbox 1501 2622 1574 2653; x_wconf 75' lang='lat' dir='ltr'>vitia</span> <span class='ocrx_word' id='word_1_490' title='bbox 1594 2623 1691 2661; x_wconf 84' lang='lat' dir='ltr'>rideo,</span> <span class='ocrx_word' id='word_1_491' title='bbox 1713 2624 1755 2655; x_wconf 78' lang='lat' dir='ltr'>si.</span> 
     </span>
     <span class='ocr_line' id='line_1_85' title="bbox 1001 2664 1755 2706; baseline 0 -11"><span class='ocrx_word' id='word_1_492' title='bbox 1001 2665 1068 2696; x_wconf 85' lang='lat' dir='ltr'>mul</span> <span class='ocrx_word' id='word_1_493' title='bbox 1083 2664 1188 2702; x_wconf 85' lang='lat' dir='ltr'>miror,</span> <span class='ocrx_word' id='word_1_494' title='bbox 1202 2664 1229 2695; x_wconf 87' lang='lat' dir='ltr'>si</span> <span class='ocrx_word' id='word_1_495' title='bbox 1244 2674 1469 2706; x_wconf 81' lang='lat' dir='ltr'>nonnunquam</span> <span class='ocrx_word' id='word_1_496' title='bbox 1484 2667 1564 2696; x_wconf 86' lang='lat' dir='ltr'>bene</span> <span class='ocrx_word' id='word_1_497' title='bbox 1577 2667 1679 2705; x_wconf 75' lang='lat' dir='ltr'>canit3</span> <span class='ocrx_word' id='word_1_498' title='bbox 1705 2668 1755 2698; x_wconf 79' lang='lat' dir='ltr'>ni-</span> 
     </span>
    </p>
   </div>
   <div class='ocr_carea' id='block_1_13' title="bbox 1000 2707 1819 2750">
    <p class='ocr_par' dir='ltr' id='par_1_22' title="bbox 1000 2707 1819 2750">
     <span class='ocr_line' id='line_1_86' title="bbox 1000 2707 1819 2750; baseline 0.005 -11"><span class='ocrx_word' id='word_1_499' title='bbox 1000 2708 1169 2740; x_wconf 87' lang='lat' dir='ltr'>hilominus</span> <span class='ocrx_word' id='word_1_500' title='bbox 1181 2714 1286 2739; x_wconf 73' lang='lat' dir='ltr'>tamen</span> <span class='ocrx_word' id='word_1_501' title='bbox 1300 2707 1383 2738; x_wconf 86' lang='lat' dir='ltr'>idem</span> <span class='ocrx_word' id='word_1_502' title='bbox 1397 2719 1468 2749; x_wconf 82' lang='lat' dir='ltr'>ego,</span> <span class='ocrx_word' id='word_1_503' title='bbox 1483 2709 1538 2750; x_wconf 90' lang='lat' dir='ltr'>qui</span> <span class='ocrx_word' id='word_1_504' title='bbox 1559 2710 1656 2741; x_wconf 82' lang='lat' dir='ltr'>miror</span> <span class='ocrx_word' id='word_1_505' title='bbox 1675 2711 1754 2743; x_wconf 70' lang='lat' dir='ltr'>adeo</span> <span class='ocrx_word' id='word_1_506' title='bbox 1815 2707 1819 2711; x_wconf 69' lang='grc'><strong>’</strong></span> 
     </span>
    </p>
   </div>
   <div class='ocr_carea' id='block_1_14' title="bbox 998 2751 1754 3013">
    <p class='ocr_par' dir='ltr' id='par_1_23' title="bbox 998 2751 1754 3013">
     <span class='ocr_line' id='line_1_87' title="bbox 999 2751 1753 2794; baseline 0.004 -11"><span class='ocrx_word' id='word_1_507' title='bbox 999 2763 1084 2790; x_wconf 89' lang='lat' dir='ltr'>eum,</span> <span class='ocrx_word' id='word_1_508' title='bbox 1097 2751 1152 2794; x_wconf 81' lang='lat' dir='ltr'>qui</span> <span class='ocrx_word' id='word_1_509' title='bbox 1166 2752 1212 2783; x_wconf 86' lang='lat' dir='ltr'>bis</span> <span class='ocrx_word' id='word_1_510' title='bbox 1231 2757 1459 2783; x_wconf 76' lang='lat' dir='ltr'>terve-tantum</span> <span class='ocrx_word' id='word_1_511' title='bbox 1482 2763 1515 2783; x_wconf 86' lang='lat' dir='ltr'>se</span> <span class='ocrx_word' id='word_1_512' title='bbox 1539 2754 1658 2784; x_wconf 88' lang='lat' dir='ltr'>bonum</span> <span class='ocrx_word' id='word_1_513' title='bbox 1679 2765 1753 2794; x_wconf 79' lang='lat' dir='ltr'>poe-</span> 
     </span>
     <span class='ocr_line' id='line_1_88' title="bbox 999 2794 1753 2837; baseline 0.001 -10"><span class='ocrx_word' id='word_1_514' title='bbox 999 2802 1062 2827; x_wconf 66' lang='lat' dir='ltr'>tam</span> <span class='ocrx_word' id='word_1_515' title='bbox 1078 2797 1201 2836; x_wconf 83' lang='lat' dir='ltr'>praebet,</span> <span class='ocrx_word' id='word_1_516' title='bbox 1224 2805 1295 2836; x_wconf 86' lang='lat' dir='ltr'>ego,</span> <span class='ocrx_word' id='word_1_517' title='bbox 1319 2794 1458 2836; x_wconf 81' lang='lat' dir='ltr'>inquam,</span> <span class='ocrx_word' id='word_1_518' title='bbox 1481 2796 1535 2837; x_wconf 88' lang='lat' dir='ltr'>qui</span> <span class='ocrx_word' id='word_1_519' title='bbox 1557 2798 1666 2836; x_wconf 80' lang='lat' dir='ltr'>paucis</span> <span class='ocrx_word' id='word_1_520' title='bbox 1685 2808 1753 2828; x_wconf 79' lang='lat' dir='ltr'>ma-</span> 
     </span>
     <span class='ocr_line' id='line_1_89' title="bbox 999 2838 1754 2878; baseline 0.003 -8"><span class='ocrx_word' id='word_1_521' title='bbox 999 2839 1078 2870; x_wconf 83' lang='lat' dir='ltr'>culis</span> <span class='ocrx_word' id='word_1_522' title='bbox 1091 2839 1124 2869; x_wconf 88' lang='lat' dir='ltr'>in</span> <span class='ocrx_word' id='word_1_523' title='bbox 1137 2838 1282 2875; x_wconf 71' lang='lat' dir='ltr'>omnine,</span> <span class='ocrx_word' id='word_1_524' title='bbox 1298 2839 1354 2869; x_wconf 91' lang='lat' dir='ltr'>ubi</span> <span class='ocrx_word' id='word_1_525' title='bbox 1374 2839 1466 2878; x_wconf 82' lang='lat' dir='ltr'>plura</span> <span class='ocrx_word' id='word_1_526' title='bbox 1486 2841 1595 2877; x_wconf 69' lang='lat' dir='ltr'>nitent,</span> <span class='ocrx_word' id='word_1_527' title='bbox 1617 2851 1680 2872; x_wconf 87' lang='lat' dir='ltr'>non</span> <span class='ocrx_word' id='word_1_528' title='bbox 1705 2842 1754 2872; x_wconf 81' lang='lat' dir='ltr'>of·</span> 
     </span>
     <span class='ocr_line' id='line_1_90' title="bbox 998 2882 1753 2924; baseline 0.003 -11"><span class='ocrx_word' id='word_1_529' title='bbox 998 2882 1085 2913; x_wconf 83' lang='lat' dir='ltr'>fendi</span> <span class='ocrx_word' id='word_1_530' title='bbox 1109 2883 1269 2919; x_wconf 79' lang='lat' dir='ltr'>debebam,</span> <span class='ocrx_word' id='word_1_531' title='bbox 1298 2882 1454 2924; x_wconf 86' lang='lat' dir='ltr'>indignor,</span> <span class='ocrx_word' id='word_1_532' title='bbox 1490 2884 1618 2924; x_wconf 85' lang='lat' dir='ltr'>quando</span> <span class='ocrx_word' id='word_1_533' title='bbox 1651 2886 1753 2916; x_wconf 77' lang='lat' dir='ltr'>bonus</span> 
     </span>
     <span class='ocr_line' id='line_1_91' title="bbox 1002 2925 1753 2970; baseline 0.003 -13"><span class='ocrx_word' id='word_1_534' title='bbox 1002 2927 1162 2958; x_wconf 83' lang='lat' dir='ltr'>Homerus</span> <span class='ocrx_word' id='word_1_535' title='bbox 1197 2925 1365 2964; x_wconf 82' lang='lat' dir='ltr'>dormitat3</span> <span class='ocrx_word' id='word_1_536' title='bbox 1396 2937 1585 2968; x_wconf 78' lang='lat' dir='ltr'>quamquain</span> <span class='ocrx_word' id='word_1_537' title='bbox 1625 2928 1753 2970; x_wconf 77' lang='lat' dir='ltr'>aequitas</span> 
     </span>
     <span class='ocr_line' id='line_1_92' title="bbox 999 2969 1750 3013; baseline 0.003 -12"><span class='ocrx_word' id='word_1_538' title='bbox 999 2970 1126 3001; x_wconf 86' lang='lat' dir='ltr'>omnino</span> <span class='ocrx_word' id='word_1_539' title='bbox 1162 2969 1305 3010; x_wconf 75' lang='lat' dir='ltr'>postulat,</span> <span class='ocrx_word' id='word_1_540' title='bbox 1337 2978 1372 3001; x_wconf 85' lang='lat' dir='ltr'>ut</span> <span class='ocrx_word' id='word_1_541' title='bbox 1402 2970 1442 3009; x_wconf 88' lang='lat' dir='ltr'>ei,</span> <span class='ocrx_word' id='word_1_542' title='bbox 1471 2971 1525 3011; x_wconf 81' lang='lat' dir='ltr'>qni</span> <span class='ocrx_word' id='word_1_543' title='bbox 1547 2970 1643 3013; x_wconf 75' lang='lat' dir='ltr'>longo</span> <span class='ocrx_word' id='word_1_544' title='bbox 1665 2970 1750 3012; x_wconf 83' lang='lat' dir='ltr'>operi</span> 
     </span>
    </p>
   </div>
  </div>
 </body>
</html>
