1904 3250
235 180 322 221 394

867 176 1171 221 HORATII

1601 183 1716 233 [121ss.
1737 191 1789 220 11.

351 304 505 347 Astuta
524 305 752 361 ingenuum
770 301 916 358 vulpes
936 303 1095 344 imitata
1113 303 1275 346 leonem
1289 305 1310 347 ?

355 373 422 415 Ne
442 373 534 430 quis
553 369 749 413 humasse
766 369 867 412 velit
888 370 1075 427 Ajacem,
1098 372 1262 424 Atrida,
1281 381 1396 416 vetas
1416 374 1527 416 cur?

355 445 450 486 Rex
471 458 575 485 sum.
637 442 711 483 Nil
729 441 841 483 ultra
860 457 1006 499 quaero
1024 442 1225 498 plebeius.

1287 444 1344 487 Et
1363 461 1526 503 aequam

355 513 462 554 Rem
483 510 702 567 imperito:
733 518 789 562 at,
812 511 846 551 si
867 511 934 552 cui
954 510 1100 552 videor
1120 525 1206 553 non
1219 512 1370 568 justus,
1391 514 1526 556 inulto

243 588 322 626 190
352 583 521 634 Dicere,
543 582 660 639 quod
678 583 818 634 sentis,
840 583 1051 639 permitto,
1075 582 1266 625 Maxime
1284 598 1445 642 regum,

352 655 412 698 Di
433 655 508 697 tibi
529 655 631 696 dent
649 663 772 711 capta
792 655 967 697 classem
985 655 1188 698 reducere
1210 655 1341 713 Troja
1358 656 1369 700 !

353 727 470 785 Ergo
490 726 722 778 consulere,
743 734 786 769 et
804 742 906 769 mox
926 728 1181 784 respondere
1201 727 1373 771 licebit?
1409 787 1414 791 .

354 795 552 838 Consule.
615 796 704 838 Cur
726 796 837 852 Ajax
857 796 982 838 heros
1002 797 1057 839 ab
1078 797 1246 839 Achille
1266 797 1473 840 secundus

354 868 552 919 Putescit,
574 868 695 910 toties
717 869 889 910 servatis
909 861 1046 911 clarus
1068 869 1273 912 Achivis?

239 942 316 980 195
349 938 544 980 Gaudeat
564 946 612 980 ut
629 939 812 994 populus
835 939 992 980 Priami
1015 939 1290 997 Priamusque
1310 940 1539 992 inhumato,

354 1011 436 1053 Per
456 1026 581 1067 quem
600 1019 663 1053 tot
676 1013 852 1068 juvenes
872 1014 1009 1068 patrio
1029 1028 1202 1056 caruere
1222 1012 1447 1070 sepulcro}>

353 1081 475 1122 Mille
496 1081 636 1122 ovium
656 1082 827 1123 insanus
846 1083 973 1124 morti
993 1082 1122 1134 dedit,
1143 1083 1346 1140 inclytum
1368 1083 1565 1140 Ulyssem

353 1151 410 1193 Et
432 1151 675 1193 Menelaum
696 1167 781 1194 una
798 1167 964 1194 mecum
985 1168 1029 1194 se
1049 1153 1241 1195 occidere
1260 1153 1457 1195 clamans.

351 1223 421 1265 Tu
442 1240 537 1266 cum
558 1240 637 1280 pro
656 1225 787 1266 vitula
808 1226 953 1266 statuis
973 1225 1140 1267 dulcem
1163 1225 1318 1267 Aulide
1337 1233 1480 1267 natam

235 1298 319 1335 200
352 1294 463 1335 Ante
484 1309 591 1345 aras,
613 1295 858 1351 spargisque
878 1294 989 1335 mola
1009 1302 1147 1350 caput,
1170 1294 1373 1351 improbe,
1395 1294 1517 1345 salsa,

353 1363 533 1405 Rectum
553 1364 680 1404 animi
701 1363 872 1405 servas?
903 1363 1119 1413 Quorsum
1139 1363 1341 1406 insanus?
1372 1364 1489 1414 Quid
1509 1365 1619 1406 enim
1641 1364 1752 1422 Ajax

352 1435 481 1487 Fecit,
503 1451 599 1478 cum
620 1436 766 1478 stravit
784 1435 896 1478 ferro
916 1452 1043 1492 pecus
1055 1435 1076 1477 ?
1106 1437 1323 1479 Abstinuit
1342 1437 1426 1478 vim

275 1584 303 1604 v.
325 1571 396 1604 189.
420 1575 531 1610 inulto,
545 1573 684 1613 impune.

275 1627 304 1647 v.
326 1615 396 1647 191.
423 1616 473 1648 Di
495 1619 550 1648 tibi
575 1619 657 1649 dent.
686 1619 782 1649 Schol.
810 1619 904 1658 Cruq.
925 1618 993 1648 Ho-

234 1661 385 1692 mericum
399 1662 455 1692 hoc
474 1667 520 1692 est
542 1660 652 1702 (lliad.
674 1660 703 1691 Ι.
725 1659 815 1700 18.):
839 1662 922 1700 ’Ὑμῖν
943 1662 994 1700 μὶν

234 1705 294 1735 θεοὶ
308 1702 374 1735 δοῖυ
388 1703 541 1744 Ὀλύμπια
554 1703 665 1744 δέσματ’
688 1705 814 1745 ἔχοντες,
833 1704 992 1747 Ἐκπέρσαι

235 1748 371 1790 Πριάμοιο
387 1747 478 1782 πόλιν.
497 1746 528 1779 εὖ
542 1746 564 1778 δ’
586 1747 676 1778 οἴκαδ’
699 1748 826 1779 Masou-
912 1757 988 1786 pro:

231 1792 378 1822 reducere
392 1797 475 1827 sunt,
491 1790 548 1831 qui
568 1790 660 1822 metri
680 1789 881 1821 suffulciendi
901 1800 995 1821 causa

232 1833 386 1865 scribant:
411 1836 587 1871 redducere,
610 1840 647 1865 ut
672 1836 786 1874 relligio
808 1844 866 1874 pro
879 1835 992 1874 religio,

231 1879 349 1908 rettulit
370 1887 427 1916 pro
439 1879 555 1914 retulit,
569 1883 602 1908 et
616 1877 649 1907 in
663 1877 827 1914 similibus,
842 1877 898 1908 sed
911 1883 994 1908 recte

228 1921 296 1962 jam
311 1920 367 1951 diu
382 1921 476 1951 missa
497 1927 544 1951 est
564 1921 633 1950 haec
646 1920 801 1952 scribendi
814 1920 906 1957 ratim
919 1930 994 1951 cum

233 1963 351 2004 syllaba
365 1975 400 1995 re
413 1963 509 1995 modo
522 1963 723 2004 producatur,
739 1963 835 1995 modo
850 1963 996 2004 corripia-

231 2014 293 2039 tur.

273 2061 303 2081 v.
321 2049 392 2081 192.
417 2053 506 2092 Ergo
527 2053 687 2083 consulere
700 2056 772 2082 cett.
789 2061 866 2093 ergo
879 2050 996 2089 licebit,

233 2105 285 2125 me
313 2101 344 2125 te
368 2095 540 2130 consulere,
565 2101 597 2126 et
625 2102 656 2126 te
679 2095 757 2125 mihi
785 2094 993 2134 respondere;

233 2156 277 2164 —
290 2140 457 2175 consulere,
472 2149 611 2178 quaerere
625 2138 665 2169 de
681 2138 764 2180 jure,
786 2147 825 2169 ex
849 2148 914 2179 quo
938 2137 994 2168 ali-

233 2181 310 2223 quid
333 2181 370 2211 fit
392 2181 441 2211 vel
463 2181 529 2212 fieri
543 2181 657 2220 debet;
743 2185 933 2222 respondere,
949 2191 990 2212 sc.

233 2225 273 2256 ad
288 2223 331 2262 id,
345 2224 385 2255 de
406 2235 470 2264 quo
491 2225 658 2265 quaesitum
683 2231 750 2262 est;
778 2225 995 2266 jurisconsulti

233 2270 273 2300 ab
294 2268 341 2304 iis,
363 2267 419 2309 qui
439 2277 494 2298 eos
517 2268 645 2306 adeunt,
667 2271 885 2305 consuluntur,
911 2275 943 2299 et
970 2268 994 2299 ii

233 2310 468 2343 consulentibus
481 2315 673 2352 respondent.

276 2366 305 2386 v.
324 2352 398 2386 194.
423 2357 572 2392 Putea-it,
588 2355 627 2386 de
642 2365 770 2395 corpore
783 2355 958 2386 inhumato.

276 2409 305 2429 v.
326 2397 397 2429 195.
423 2400 565 2430 Gaudeat
586 2405 625 2430 ut
644 2401 752 2439 popul.
773 2401 841 2430 Pri.
869 2399 992 2430 Home-

234 2441 344 2473 ticum.
364 2441 456 2474 Iliad.
476 2441 505 2472 Ῑ.
524 2440 598 2472 255.
618 2441 662 2473 'H
685 2455 732 2474 κει
752 2443 877 2483 γηθήσαι
902 2442 992 2485 Πρία-

233 2500 303 2527 μαςμ
315 2485 450 2524 Πριάμοιό
462 2489 498 2516 ’τι
513 2484 626 2520 παῖδες.

278 2539 308 2560 v.
341 2527 414 2560 19'7.
450 2529 539 2560 Mille
560 2540 604 2560 ου.
632 2531 764 2561 insanus
791 2534 863 2560 cett.
895 2528 989 2570 Ajax,

235 2583 310 2604 cum
323 2583 411 2604 arma
426 2571 570 2610 Achillis,
585 2582 656 2613 quae
665 2573 738 2613 jure
751 2582 810 2602 suo
829 2582 863 2602 se
883 2579 991 2611 postu-

234 2617 299 2648 lare
319 2626 410 2657 posse
431 2616 569 2656 putabat,
598 2616 638 2646 ab
669 2616 921 2657 Agamemnone,
945 2615 994 2646 vel

235 2660 339 2700 potius
351 2658 525 2691 secundum
542 2658 721 2689 Homerum
735 2669 756 2689 a
777 2658 922 2699 Trojanis
937 2658 995 2699 ju-

235 2704 367 2742 dicibus,
382 2701 489 2743 Ulynd
498 2701 678 2744 adjudicata
700 2707 811 2736 essent,
835 2701 939 2732 furere
960 2708 993 2732 et

235 2747 370 2778 insanire
384 2745 488 2787 coepit.
533 2745 575 2777 In
588 2745 648 2776 hoc
667 2744 774 2775 furore
794 2744 829 2775 in
853 2753 994 2776 armenta

236 2797 269 2822 et
282 2801 402 2832 greges,
417 2798 577 2830 tamquam
594 2787 750 2829 Ulyssem,
775 2788 993 2829 Agamemno-

236 2845 310 2865 nem
345 2840 377 2864 et
415 2832 597 2864 Menelaum
632 2831 790 2863 occisurus
826 2831 988 2872 (Sophocl.

239 2878 332 2919 Ajax.
351 2888 380 2908 v.
397 2875 487 2916 235.)
501 2886 575 2907 ense
586 2875 662 2912 ruit,
677 2874 777 2905 donec
797 2884 870 2904 ense
894 2874 992 2914 ipsius

237 2931 333 2952 manu
363 2931 419 2961 per
446 2926 555 2960 pectus
575 2918 684 2951 adacto
708 2917 812 2958 periit.
842 2917 988 2957 Sophocl.

240 2965 332 3006 Ajax.
351 2975 378 2995 v.
392 2963 466 2996 925.
485 2962 579 2996 Ovid.
598 2963 678 2995 Met·
698 2961 805 2993 XIII.
818 2959 893 2993 391.

1078 1584 1108 1604 v.
1147 1572 1223 1604 200.
1261 1574 1405 1614 improbe,
1433 1573 1538 1606 lenius
1570 1582 1648 1614 pro:
1687 1573 1796 1615 impie,

1036 1616 1171 1648 sceleste.

1079 1671 1107 1691 v.
1145 1659 1221 1691 201.
1249 1663 1386 1692 Rectum
1412 1661 1515 1692 animi
1535 1661 1667 1693 servas?
1697 1660 1797 1692 animi

1036 1703 1247 1745 integritatem
1276 1704 1397 1734 tueris?
1440 1713 1566 1735 snnaene
1593 1703 1708 1736 mentis
1734 1705 1794 1735 es?

1035 1746 1121 1778 idem
1135 1746 1222 1788 quod
1235 1758 1265 1777 v.
1277 1746 1351 1778 213.
1377 1749 1447 1779 Stat
1459 1748 1563 1779 anina>
1577 1749 1595 1778 ι’
1618 1753 1652 1778 et
1663 1757 1696 1778 v.
1717 1746 1795 1779 220.

1036 1792 1154 1831 integer
1177 1797 1221 1822 est
1245 1790 1374 1822 animi?
1452 1793 1606 1826 Quorsum
1633 1791 1795 1824 inmas?

1036 1833 1288 1875 interrogationis
1300 1833 1440 1884 signum,
1454 1833 1542 1875 quod
1554 1832 1718 1866 exhibetur
1726 1841 1799 1874 post

1035 1888 1184 1918 quorsum
1212 1876 1356 1917 pluriuus
1379 1877 1415 1908 in
1437 1877 1540 1915 editt,
1561 1877 1708 1909 manli
1726 1883 1799 1918 post

1036 1923 1166 1953 insanus
1176 1937 1189 1958 ,·
1213 1931 1287 1952 nam
1301 1920 1329 1951 si
1342 1927 1434 1960 poem
1447 1923 1578 1953 insanus
1590 1920 1798 1952 retulissetad

1039 1965 1209 2005 sequentia,
1225 1963 1311 1995 haud
1325 1964 1420 1995 dubie
1434 1974 1491 2004 pro
1504 1966 1636 1996 insanus
1659 1964 1798 2005 minnis-

1039 2015 1086 2039 set
1112 2009 1229 2045 insani,
1261 2007 1396 2040 Sensus:
1420 2008 1512 2048 cujus
1533 2007 1662 2039 tandem
1681 2007 1726 2039 rei
1747 2014 1798 2038 re-

1039 2057 1148 2092 spectu
1161 2051 1276 2088 habito,
1291 2051 1366 2089 sive,
1388 2060 1447 2082 cur
1465 2050 1593 2082 tandem
1613 2051 1701 2093 ,Aiax
1724 2061 1746 2082 a
1763 2056 1798 2082 te

1036 2095 1210 2135 appellatur
1230 2094 1390 2127 insanus?
1429 2094 1489 2136 (sic
1509 2094 1596 2126 enim
1621 2095 1796 2136 Agamem-

1037 2149 1103 2169 non
1132 2138 1262 2179 Ajacem
1284 2137 1319 2168 in
1339 2148 1370 2169 v.
1401 2136 1473 2169 197.
1497 2137 1647 2178 appellat)
1671 2137 1794 2175 ideone,

1036 2181 1123 2224 quod
1136 2191 1233 2222 pecus
1245 2181 1329 2213 ferro
1349 2181 1480 2213 enavit?
1501 2180 1580 2222 quid
1599 2180 1685 2212 enim
1707 2179 1793 2218 fecit,

1037 2225 1115 2256 dum
1129 2235 1225 2266 pecus
1249 2226 1332 2256 ferro
1351 2224 1463 2264 petiit?
1484 2224 1621 2264 prudens
1640 2233 1716 2255 mne
1735 2224 1796 2255 hoc

1036 2269 1132 2300 modo
1146 2268 1210 2298 vim
1231 2268 1382 2300 abstinuit
1401 2277 1499 2299 uxore
1522 2273 1554 2299 et
1575 2272 1795 2308 gnato—nec

1036 2311 1172 2343 inimicis
1185 2311 1251 2342 suis
1264 2312 1327 2342 vim
1350 2310 1460 2343 intulit
1469 2323 1481 2350 ς
1541 2321 1690 2351 quorsum
1710 2320 1790 2350 pro:

1035 2366 1111 2394 cur;
1135 2361 1172 2386 ut
1185 2354 1271 2395 apud
1288 2354 1470 2386 Ciceronem
1482 2354 1616 2394 saepius:
1645 2361 1794 2394 quorsum

1037 2400 1146 2441 (quem
1168 2398 1202 2428 in
1226 2397 1338 2438 finem)
1353 2400 1418 2429 haec
1431 2399 1551 2439 disputo
1563 2396 1582 2427 ἶ
1638 2408 1796 2446 ,παντε-

1035 2447 1241 2516 ζζζιῗίευῖοοο
1267 2438 1792 2521 ὴοδοιῗιοιζιμῖεοῗιῒεεξαωὲὲῗωῗιὲῗ

1033 2539 1096 2570 qua
1110 2527 1194 2569 Ajax
1211 2529 1406 2569 Eurysacem
1419 2526 1600 2567 procreavit,
1616 2536 1680 2557 non
1697 2537 1792 2558 sensu

1033 2569 1428 2646 przprigotgj-umrmfi&
1445 2619 1594 2654 precatus
1624 2612 1709 2644 dim
1730 2612 1776 2645 im

1098 2636 1107 2645 .
1594 2635 1603 2650 ,
1777 2633 1791 2642 ..

1033 2663 1187 2699 precatus.

1077 2711 1106 2732 v.
1141 2699 1216 2732 204.
1241 2711 1306 2732 mm
1329 2706 1502 2732 aue—aue
1523 2710 1597 2741 pro:
1630 2711 1794 2744 neque—

1033 2754 1145 2786 neque.
1218 2746 1387 2781 Teucrum,
1401 2742 1512 2775 eodem
1525 2751 1622 2783 9⁸⁹0,
1651 2748 1791 2779 Telamo-

1034 2799 1084 2825 ne,
1100 2798 1174 2819 cum
1191 2788 1288 2829 Ajace
1302 2797 1406 2818 usum.
1471 2788 1584 2829 ipsum,
1605 2789 1697 2831 cujus
1713 2800 1790 2822 cau.

1036 2842 1070 2863 sa
1086 2831 1171 2873 Ajax
1184 2831 1316 2862 furebat.
1452 2855 1454 2857 ,

1077 2885 1106 2905 v.
1139 2873 1214 2905 205.
1239 2876 1385 2906 haerentes
1407 2884 1507 2911 naves,
1528 2884 1622 2907 naves
1642 2876 1728 2908 enim
1748 2877 1792 2909 ob

1033 2917 1111 2948 iram
1128 2917 1253 2955 Dianae,
1264 2927 1344 2958 quae,
1361 2923 1397 2949 ut
1409 2927 1530 2949 cervam
1545 2918 1602 2959 ipsi
1617 2929 1734 2952 sacram
1748 2921 1796 2952 ab

1038 2961 1287 3003 Agamemnone,
1304 2971 1479 3001 percussam
1493 2961 1702 3002 ulcisceretur,
1719 2973 1793 3001 οωι,
