1904 3250
195 159 279 199 310

820 157 1160 228 HORATII¹

1600 164 1714 212 [Lm.
1739 173 1768 200 1.
1798 190 1802 194 »

309 283 450 333 Quam
473 284 570 324 satis
592 291 667 333 est,
690 282 844 339 pugnis
867 278 1001 323 caesus
1021 282 1217 340 ferroque
1238 287 1410 340 petituS‚

309 352 519 394 Excliisus
540 352 643 401 fore,
666 365 797 407 quum
821 349 1101 408 Longarenus
1121 351 1230 405 foret
1249 354 1375 397 intus.

309 423 423 465 Huic
445 424 479 464 si
499 422 683 463 mutonis
704 421 843 463 verbis
865 422 976 475 mala
995 431 1114 464 tanta
1133 424 1312 467 videntis

313 496 489 538 Diceret
505 494 603 535 -haec
624 494 813 535 animus:
847 493 966 544 Quid
985 496 1047 536 vis
1068 494 1198 541 tibi?
1207 499 1413 555 numquid
1434 514 1514 557 ego
1534 515 1558 540 a
1579 507 1620 540 te

219 571 275 609 70
308 566 471 623 Magno
491 572 747 622 prognatum
770 564 956 621 deposco
977 565 1150 607 consule
1171 581 1371 618 cunnum,

307 634 587 690 Velatumque
608 632 728 683 stola,
750 649 846 675 mea
866 649 997 690 quum
1018 633 1255 681 conferbuit
1274 635 1372 678 ira?

309 706 427 756 Quid
446 704 755 762 responderet?
815 705 982 764 Magno
1001 715 1122 762 patre
1142 715 1241 748 nata
1260 707 1403 763 puella
1423 715 1498 750 est.

307 779 367 820 At
387 785 545 835 quanto
565 777 741 819 meliora
760 768 905 820 monet
924 779 1240 836 pugnantiaque
1261 780 1351 822 istis

307 851 440 892 Dives
462 851 554 907 opis
575 851 734 892 natura'
750 866 852 901 suae,
876 851 979 892 situ
998 851 1129 893 modo
1149 860 1264 893 recte

221 923 276 960 75
307 919 568 976 Dispensare
588 919 778 974 velis„ac
799 935 885 961 non
907 919 1110 978 fugienda
1129 921 1322 977 petendis

308 989 551 1031 Immiscere
568 988 591 1041 !-
612 988 711 1031 Tuo
731 990 832 1031 vitio
853 1005 1053 1031 rerumne
1074 989 1255 1040 labores,

310 1059 742 1117 Nilreferreputas?
773 1077 916 1118 quare,
939 1077 993 1103 ne
1013 1062 1292 1118 poeniteatte,

310 1133 472 1175 Desine
493 1140 705 1191 matronas
728 1134 1077 1185 sectarier‚2unde
1098 1133 1255 1176 laboris

307 1205 409 1247 Plus
430 1205 601 1246 haurire
621 1205 720 1246 mali
741 1213 817 1256 est,
842 1221 968 1263 quam
989 1222 1044 1248 ex
1064 1222 1111 1248 re
1131 1207 1361 1263 decerpere
1382 1207 1562 1249 fructus.

221 1280 277 1317 80
309 1275 401 1318 Nec
415 1275 555 1333 'magis
576 1275 688 1326 huic,
710 1275 856 1317 niveos
877 1276 988 1318 inter
1009 1276 1248 1333 viridesque
1269 1277 1436 1333 lapillos

313 1348 377 1392 Sit
395 1348 507 1400 licet,
529 1348 612 1390 hoc
636 1347 853 1400 Cerinthe,
875 1357 950 1391 tuo
971 1357 1164 1392 tenerum
1185 1357 1249 1391 est
1268 1350 1405 1392 femur
1425 1358 1498 1392 aut
1519 1364 1615 1391 crus

195 1478 275 1520 (Ep.
301 1477 342 1509 ad
366 1478 456 1509 Fam.
477 1477 597 1516 ῙΙ.,6.)
619 1477 661 1508 ad
684 1477 820 1508 Milonis
844 1478 965 1509 amicos

192 1522 296 1559 refert,
312 1531 387 1552 cum
402 1531 487 1552 unus
501 1520 728 1558 adulterorum,
740 1532 820 1562 quos
837 1521 963 1558 Fausta,

192 1565 309 1596 mulier
333 1564 509 1601 libidinosa,
533 1564 698 1596 admittere
718 1565 848 1603 solebat,
869 1577 966 1605 gener

192 1607 428 1658 quodammodo
445 1608 550 1643 Sullae,
567 1608 623 1648 qui
645 1608 714 1648 ejus
736 1608 835 1639 filiam
865 1609 966 1639 Faus-

186 1658 259 1683 'tam
280 1652 388 1683 uxoris
409 1651 480 1682 loco
501 1652 636 1682 habebat
655 1652 691 1682 iu
719 1651 884 1687 adulterio,
915 1652 963 1683 vel

187 1695 292 1726 wideri
313 1694 414 1726 voluit
434 1695 485 1725 vel
505 1695 613 1735 jocose
637 1695 682 1726 ita
705 1695 881 1735 appellatus
905 1702 962 1726 est.

194 1738 289 1770 Idem
310 1744 417 1770 tamen
438 1740 498 1769 hoc
519 1738 650 1770 nomine
663 1739 773 1780 generi
790 1739 898 1776 Sullae,
913 1739 964 1770 vel
999 1757 1004 1761 -

188 1783 252 1813 'hac
289 1782 453 1823 gloriola,
470 1792 504 1813 se
538 1781 774 1823 quodammodo
809 1792 964 1824 generum

195 1825 294 1858 Sullae
322 1836 397 1861 esse,
428 1825 541 1856 misere
580 1825 731 1866 deceptus
759 1831 815 1857 est.
879 1826 967 1856 Nam

194 1880 271 1901 cum
313 1868 483 1910 aliquando
533 1869 651 1899 intrare
696 1868 791 1900 vellet
834 1869 967 1900 domum

196 1913 331 1950 Faustae,
347 1912 399 1943 cui
409 1913 477 1954 jam
492 1911 600 1944 aderat
620 1912 703 1943 afius
723 1912 858 1950 adulter,
875 1913 963 1944 Lon-

194 1967 341 1997 garenus,
370 1957 491 1987 foribus
520 1957 677 1994 exclusus,
707 1955 826 1997 pugnis
854 1967 967 1995 caesus,

190 2000 340 2041 ferroque
354 2001 472 2040 petitus
486 2006 543 2031 est.
628 2001 664 2031 in
679 2002 816 2036 Fausta,
838 1999 873 2030 in
896 2000 966 2031 libi-

194 2043 278 2075 dinis
291 2043 400 2074 fructu
415 2053 490 2075 cum
515 2043 653 2081 Fausta3
741 2054 840 2086 usque
861 2055 967 2084 sulm-

195 2099 256 2130 que
275 2089 311 2122 Q.
329 2098 354 2118 s.
373 2093 428 2122 est,
445 2097 545 2128 usque
566 2097 615 2124 e0,
638 2086 740 2118 donec
762 2087 838 2118 satis
859 2098 969 2128 super-

195 2140 259 2172 que
272 2136 329 2161 est.
362 2132 440 2171 fore
454 2140 511 2169 pro
526 2129 888 2172 vulgmiore.sori1ms.·
912 2141 968 2162 ex-

195 2173 311 2214 templa,
338 2174 393 2205 ubi
405 2175 491 2216 jin-is
512 2173 547 2204 in
567 2174 721 2215 singulari
742 2174 881 2214 ponitur,
897 2174 969 2205 vide

197 2218 234 2248 in
249 2217 385 2249 Lexicis.

195 2278 199 2283 =
240 2271 271 2292 v.
289 2260 346 2292 68.
371 2262 460 2293 Huic
473 2262 500 2291 si
513 2266 586 2291 cett.
599 2260 720 2302 junge.
745 2263 772 2292 si
792 2263 866 2293 huic
881 2261 969 2303 (Vil-

194 2304 258 2344 aio)
274 2306 402 2336 animus
420 2303 524 2346 (sortis
538 2314 635 2344 quam
653 2311 802 2344 expertus
821 2305 871 2342 sit,
893 2315 969 2336 oon-

197 2348 398 2388 sidet-antia),
419 2349 556 2379 mutonis
592 2354 682 2379 tanta
712 2350 798 2380 mala
842 2350 970 2380 videntis

198 2394 296 2425 verbis
325 2394 437 2424 diceret
465 2393 552 2422 ltaece
590 2401 646 2430 pro
675 2391 818 2433 vulgari:
855 2391 970 2433 quodsi

200 2442 291 2467 muto
318 2441 478 2467 tantorum
500 2434 657 2465 malorum
680 2436 768 2466 testis
789 2436 875 2466 hunc
899 2434 969 2466 Vil-

199 2479 280 2510 lium
295 2478 505 2520 alloqueretur
519 2478 567 2508 his
583 2479 703 2510 verbis·
734 2480 818 2514 Quid
833 2484 906 2509 cett.

244 2533 273 2554 v.
293 2489 378 2554 70oq
370 2533 485 2563 magno
499 2523 634 2559 consule,
657 2529 694 2553 ut
715 2533 744 2552 v.
774 2521 826 2552 72.
853 2533 968 2562 magno

197 2573 299 2608 patre,
333 2566 446 2604 Sulla3
475 2575 515 2596 ex
543 2564 604 2595 hoc
633 2575 735 2603 versu,
767 2546 923 2595 Villiume'
930 2567 967 2596 in

203 2612 327 2642 Fausta
341 2609 440 2640 fuisse
453 2607 641 2645 adulterum,
657 2608 796 2639 dilucide
811 2615 949 2647 apparet.

265 2653 356 2684 ..72
393 2654 511 2694 puella,
533 2651 670 2701 oFausta‚
700 2662 781 2682 uxor
811 2651 966 2689 Milonis,

197 2699 305 2738 puella
319 2704 352 2728 et
364 2698 448 2737 virgo
462 2694 575 2736 passim
596 2694 637 2725 de
650 2696 812 2733 uxoribus,
835 2694 897 2725 vid.
915 2705 968 2725 su-

203 2751 260 2782 pra
273 2740 314 2772 ad
333 2740 396 2772 Od.
416 2740 489 2771 111.
506 2737 557 2769 14.
576 2737 626 2768 10.

247 2795 276 2815 v.
292 2784 345 2816 74.
370 2786 452 2816 dives
466 2795 514 2824 op.
531 2787 599 2814 nat.
616 2792 693 2818 sue,
709 2787 742 2812 at
761 2787 881 2822 quanm
902 2791 969 2812 me-

203 2828 282 2859 liora
307 2836 340 2860 et
360 2829 428 2859 istis
447 2825 602 2858 contraria
613 2825 726 2856 suadet
744 2831 866 2862 natura,
887 2834 970 2865 quae,

205 2882 285 2911 quas
300 2873 403 2910 habet,
418 2881 495 2911 opes
508 2877 541 2901 et
554 2868 696 2910 praesidia
716 2868 844 2910 largiter
855 2878 970 2908 suppe-

205 2914 293 2946 ditat.

250 2969 278 2988 v.
297 2958 349 2990 76.
382 2961 448 2992 Tuo
464 2959 533 2990 υἰιίο
548 2962 618 2989 cett.
642 2966 721 2989 num
741 2965 853 2997 parum
875 2954 969 2987 inter-

1007 1488 1073 1509 esse
1094 1483 1197 1518 putas,
1221 1484 1329 1509 utrum
1355 1477 1511 1516 tibi-ipsi,
1527 1476 1596 1518 ‘qui
1625 1476 1777 1517 fugienda

1007 1522 1098 1561 petis,
1114 1531 1156 1552 an
1170 1522 1275 1559 rebus,
1290 1531 1370 1562 quas
1383 1520 1441 1551 tibi
1456 1521 1577 1552 oblatas
1590 1521 1774 1556 contemnis,

1008 1565 1103 1605 culpa
1116 1564 1283 1596 tribuenda
1296 1564 1336 1595 sit
1346 1565 1361 1594 Ρ
1383 1566 1463 1602 vitio,
1479 1563 1582 1604 culpa,
1597 1570 1635 1594 ut
1648 1563 1773 1604 passim.

1014 1647 1016 1650 .
1053 1619 1080 1638 v.
1099 1607 1153 1639 78.
1175 1611 1269 1644 unde,
1285 1618 1305 1638 a
1319 1607 1442 1649 quibus.
1690 1644 1696 1652 Β

1052 1651 1153 1683 v.·79.
1179 1658 1232 1687 est,
1256 1651 1342 1690 licet,
1364 1651 1468 1683 datur.
1511 1661 1604 1689 ecre,
1616 1650 1713 1692 cujus
1723 1660 1777 1681 co-

1007 1696 1062 1736 pia
1077 1695 1181 1726 datur.

1050 1749 1078 1769 v.
1097 1738 1238 1770 80-82.
1263 1740 1335 1770 Nec
1356 1739 1488 1779 mag-11.
1506 1743 1579 1769 vett.
1597 1747 1656 1768 nee
1669 1743 1776 1768 tamen

1009 1782 1114 1824 (huic)
1129 1788 1290 1817 matronae,
1313 1782 1388 1812 licet
1407 1781 1508 1812 niveis
1530 1780 1731 1823 (unionibus)
1746 1786 1779 1811 et

1008 1825 1160 1857 viridibus
1197 1825 1401 1868 (smaragdis)
1429 1824 1545 1865 lapillis
1579 1824 1779 1864 exsplendes-

1010 1870 1104 1907 centi,
1121 1869 1207 1910 (hoc)
1223 1870 1266 1900 ob
1285 1870 1357 1907 hoc,
1373 1870 1416 1900 ob
1435 1869 1504 1899 haec
1523 1873 1717 1906 ornamenta,
1732 1867 1780 1898 fe-

1010 1923 1084 1943 mur
1113 1919 1170 1950 est,
1199 1912 1286 1955 quod
1306 1912 1422 1954 magis
1430 1918 1588 1948 tenerum,
1612 1917 1669 1942 aut
1695 1920 1778 1948 cruS,

1009 1956 1097 1997 quod
1111 1956 1214 1998 magis
1234 1962 1357 1987 rectum
1377 1956 1418 1986 sit
1437 1962 1506 1992 tuo,
1531 1953 1693 1992 Cerinthe,
1717 1955 1779 1996 (οε-

1010 2011 1071 2042 que
1092 2000 1203 2039 etiam)
1225 2000 1326 2030 immo
1353 2005 1470 2040 togatoe
1489 1997 1673 2040 (libertina)
1709 2007 1781 2038 per·

1010 2053 1095 2083 saepe
1123 2050 1171 2074 est
1190 2043 1314 2075 melius.
1385 2026 1459 2074 0Iun:
1477 2052 1558 2082 pro.
1581 2043 1624 2073 ob
1643 2042 1714 2076 hoc,
1735 2041 1777 2072 cf.

1011 2086 1052 2118 ad
1069 2087 1132 2118 Sat.
1154 2085 1780 2122 1.1‚46.Cerim12.—Cmnekm‚

1012 2140 1051 2160 ex
1068 2130 1199 2162 Tibullo
1213 2140 1341 2172 quoque
1354 2136 1459 2166 notus.
1473 2129 1586 2160 forme
1605 2127 1781 2168 pulchritu-

1011 2173 1088 2204 dine
1103 2180 1174 2204 tum
1188 2173 1339 2214 temporis
1351 2172 1484 2214 insignis
1496 2172 1568 2203 fuit.

1005 2237 1007 2239 -
1057 2228 1086 2248 v.
1104 2217 1159 2248 83.
1183 2229 1326 2251 mercem,
1353 2216 1526 2248 venustatis
1552 2213 1719 2252 lenocinia,
1734 2214 1775 2245 cf.

1012 2261 1052 2292 ad
1067 2271 1097 2292 v.
1114 2259 1170 2292 47.
1257 2263 1324 2292 sine
1430 2259 1522 2296 ‚sine
1535 2257 1673 2288 extemis
1685 2267 1778 2288 orna-

1012 2304 1137 2340 mentis,
1153 2303 1268 2345 quibus
1285 2303 1396 2335 oculos
1414 2301 1457 2334 ad
1477 2311 1511 2333 se
1530 2300 1692 2332 advertere
1711 2307 1777 2332 stu-

1013 2348 1091 2379 dent
1103 2354 1265 2378 matronae.

1008 2409 1014 2419 -.
1055 2401 1086 2422 v.
1115 2389 1169 2429 84,
1196 2390 1271 2421 85.
1283 2387 1685 2429 ωωωψωῐεφοιιᾱει
1710 2388 1779 2419 voci

1012 2446 1107 2466 merx.
1176 2445 1265 2470 nec,
1287 2435 1314 2465 si
1333 2434 1408 2475 quid
1429 2434 1501 2464 hon-
1516 2438 1571 2467 eu,
1583 2431 1688 2471 jactae
1702 2438 1777 2462 cett.

1012 2477 1139 2508 nullum
1169 2477 1376 2517 interpretum
1406 2476 1442 2506 in
1462 2476 1522 2506 hoc
1542 2474 1617 2505 loeo
1641 2475 1776 2517 haesoee,

1010 2520 1101 2551 valde
1115 2520 1231 2559 miror;
1255 2519 1441 2560 particulam
1461 2529 1528 2555 nec,
1544 2518 1650 2555 unice,
1672 2525 1710 2549 ut
1729 2528 1780 2549 res

1009 2563 1134 2601 clamat,
1164 2563 1206 2594 ad
1233 2565 1344 2606 quaerit
1372 2561 1578 2598 referendam,
1608 2561 1650 2592 ad
1676 2571 1779 2592 unum

1010 2617 1120 2638 omnes
1144 2607 1303 2648 adjaceat
1324 2612 1356 2637 et
1378 2608 1489 2647 palam
1517 2607 1606 2636 habet
1627 2605 1778 2642 referum,

1011 2650 1207 2691 eandemque
1234 2649 1421 2690 particulam
1440 2649 1482 2680 ad
1502 2649 1615 2692 quaerit
1636 2654 1779 2688 repeten-

1012 2694 1085 2725 dam
1114 2695 1164 2724 vel
1192 2693 1399 2734 supplendam
1419 2702 1486 2724 eme
1506 2697 1641 2733 putant3
1673 2698 1706 2723 at
1732 2693 1778 2723 sic

1011 2747 1120 2768 sensus
1152 2736 1218 2768 exit
1241 2736 1473 2777 ineptissimus3
1511 2734 1671 2778 quomodo
1692 2735 1778 2766 enim

1012 2779 1166 2818 libertina,
1188 2790 1268 2821 quae,
1290 2779 1376 2821 qu'od
1404 2779 1515 2810 venale
1542 2780 1658 2817 habet,
1673 2785 1778 2820 aperte

1012 2825 1152 2861 ostenuit,
1175 2823 1219 2861 id,
1241 2823 1328 2865 quod
1349 2824 1517 2854 honestum
1537 2823 1588 2853 vel
1610 2822 1778 2863 pulchrum

1013 2873 1069 2904 est,
1085 2879 1150 2899 mm
1160 2867 1297 2907 jactare,
1313 2877 1378 2897 non
1387 2868 1496 2908 palam
1511 2868 1621 2898 habere
1641 2865 1705 2904 dici
1718 2875 1776 2906 po-

1013 2910 1094 2942 test?
1111 2921 1216 2942 nonne
1230 2917 1334 2951 aperte
1341 2913 1498 2942 oscendere
1508 2916 1539 2941 et
1544 2911 1655 2951 palam
1668 2910 1777 2941 hahere

1014 2964 1114 2987 unum
1136 2954 1282 2996 idemque
1304 2954 1374 2986 est?
1396 2964 1502 2986 nonne
1523 2960 1616 2995 poeta
1631 2953 1675 2992 id,
1689 2952 1775 2994 quod
