1904 3250
208 173 287 212 114

826 171 1128 215 HORATII

1580 177 1686 226 [Lm.
1711 189 1760 216 11.

319 296 483 339 Dextra
502 296 690 348 levasset,
715 297 1033 338 Mercurialium

228 371 284 409 30
317 369 469 412 Custos
491 370 687 411 virorum.

752 368 948 410 Reddere
969 369 1155 410 victimas
1168 377 1171 379 '

433 441 672 499 AEdemque
693 441 873 482 votivam
893 449 1125 483 memento:

548 513 639 555 Nos
660 512 862 555 humilem
882 511 1078 555 feriemus
1099 528 1262 571 agnam.

743 727 1011 778 CARMEN
1045 728 1219 778 XVIII.

317 870 422 912 NON
443 871 548 913 ebur
568 886 704 927 neque
725 886 899 913 aureum

432 942 535 985 Mea
555 942 718 984 renidet
737 943 780 984 in
801 944 929 986 domo
949 943 1143 986 lacunar:

316 1017 414 1058 Non
434 1017 573 1059 trabes
597 1017 828 1080 Hymettiae

366 1135 370 1140 ,
431 1089 635 1131 Premunt
655 1088 870 1131 columnas
891 1089 1039 1131 ultima
1058 1090 1209 1131 recisas

257 1161 282 1198 5
315 1157 480 1200 Africa:
517 1174 655 1216 neque
678 1159 810 1201 Attali

431 1231 607 1288 Ignotus
627 1230 764 1273 haeres
786 1231 944 1289 regiam
965 1231 1188 1287 occupavi:

316 1298 408 1342 Nec
429 1300 661 1342 Laconicas
683 1301 786 1342 mihi

433 1371 632 1416 Trahunt
652 1373 841 1416 honestae
861 1388 1073 1448 purpuras
1086 1372 1267 1415 ‘clientae.

197 1494 256 1527 set,
272 1489 465 1531 afrequente
479 1490 598 1531 populo
612 1497 760 1532 exceptus
774 1497 831 1529 est,
850 1491 962 1522 memi-
967 1453 1057 1522 stur
1074 1490 1280 1531 Bacchylides
1297 1489 1433 1522 XLII.
1455 1489 1505 1522 12.
1527 1491 1763 1523 Anu1.Gr.T.

198 1532 246 1563 nit
266 1543 392 1575 quoque
412 1544 497 1574 supr.
518 1534 546 1565 1.
565 1533 617 1565 20.
641 1534 672 1565 3.
762 1542 896 1567 truncus
917 1539 959 1571 sc.

198 1578 334 1615 arboris3
357 1577 396 1607 cf.
416 1588 500 1617 supr.
522 1578 571 1609 11.
593 1577 643 1609 13.
705 1581 868 1610 sustulerat
884 1587 957 1619 pro·

197 1621 390 1659 sustulisset3
406 1620 451 1652 sic
459 1621 573 1661 passim
585 1621 772 1653 indicativus
781 1622 961 1662 plusquam-

199 1663 327 1704 perfecti
350 1665 628 1706 proconjunctivo
652 1664 686 1695 in
710 1665 826 1696 Latina
853 1665 963 1707 lingua

134 1746 136 1748 Ι
197 1707 274 1747 poni
288 1707 375 1738 solet.
413 1709 560 1746 Faunus,
578 1709 652 1740 villa
665 1709 748 1739 enim
768 1709 892 1745 Sabina,
908 1708 963 1739 ubi

201 1750 356 1782 Horatius
367 1751 522 1782 extinctus
534 1763 622 1792 paene
632 1752 742 1783 fuisset
750 1753 866 1783 arboris
877 1763 961 1788 casu,
971 1771 974 1773 >

201 1794 299 1836 (conf.
316 1805 400 1834 supr.
418 1795 467 1825 ΙΙ.
489 1794 538 1826 13.
560 1795 628 1833 10.)
644 1796 677 1825 in
691 1795 841 1835 peculiari
859 1796 962 1826 Fauni

199 1837 297 1868 tutela
310 1837 392 1876 fuit;
417 1838 479 1869 vid.
498 1850 582 1879 supr.
604 1840 632 1870 1.
655 1838 705 1870 17.
765 1841 855 1871 viror.
868 1841 960 1871 -Mer-

199 1883 377 1918 curialium,
394 1888 575 1921 poetarum;
594 1883 775 1914 Mercurius
789 1883 874 1913 enim
889 1894 962 1914 cur-

198 1936 244 1957 vae
256 1927 333 1967 lyrae
344 1936 459 1966 parens
473 1937 557 1966 supr.
579 1927 606 1958 Ῐ.
628 1926 676 1957 10.
695 1926 726 1958 6.
803 1928 960 1962 humilem,

199 1968 333 2003 suaviter
363 1980 446 2009 agna
475 1972 515 2001 ab
543 1970 721 2002 humilitate
751 1977 782 2001 et
811 1970 963 2001 tenuitate

199 2011 278 2053 ejus,
292 2011 348 2053 qui
363 2023 432 2043 eam
447 2013 548 2051 offert,
570 2013 638 2054 ipsa
651 2016 777 2046 humilis
792 2013 916 2045 dicitur.

396 2100 607 2132 CARMEN
631 2083 782 2132 xvni.>

246 2186 335 2217 Dum
362 2193 454 2226 poeta
476 2187 623 2219 insanum
649 2187 739 2219 illum
763 2188 887 2224 luxum,
912 2188 964 2219 cui

202 2229 326 2261 labente
340 2236 409 2261 tum
424 2238 526 2261 vetere
547 2231 713 2270 disciplina
733 2232 765 2262 in
790 2232 966 2273 magnificis

201 2272 354 2313 inprimis
371 2275 566 2305 exstruendis
591 2275 731 2305 aediflciis
757 2275 964 2317 indulgebant

201 2316 421 2357 opulentiores,
451 2317 484 2347 in
514 2319 572 2349 hoc
602 2318 739 2349 carmine
760 2319 840 2349 ridet
870 2326 963 2360 atque

201 2361 347 2401 exagitat,
361 2371 403 2397 se,
417 2367 453 2391 ut
468 2362 635 2397 hominem,
648 2362 755 2401 paucis
769 2369 962 2399 contentum,

202 2410 235 2435 et
248 2404 365 2445 ingenii
386 2404 434 2434 sui
451 2405 650 2436 facultatibus
665 2406 733 2436 aliis
748 2416 856 2436 carum
871 2413 964 2446 atque

203 2447 364 2485 dilectum,
381 2447 484 2478 multo
506 2448 653 2479 divitibus
668 2449 836 2480 feliciorem
850 2449 962 2488 praedi-

202 2498 260 2522 cat.
297 2491 452 2531 Compara
464 2502 547 2531 supr.
571 2492 617 2522 11.
637 2491 686 2522 15.
705 2492 760 2523 ubi
775 2492 885 2523 eadem
899 2492 964 2523 fere

202 2534 416 2575 indignatione
429 2534 462 2565 in
478 2536 578 2566 aetatis
592 2546 656 2566 suae
670 2536 781 2566 luxum
797 2536 963 2567 invehitur.

247 2589 274 2608 v.
297 2577 388 2609 1-8.
408 2578 581 2620 Vulgarem
596 2580 798 2610 sententiam:
819 2583 841 2599 “
858 2579 960 2620 Equi-

202 2621 274 2653 dem
305 2632 370 2652 non
399 2621 548 2662 possideo,
580 2622 695 2663 quibus
719 2623 831 2653 divites
854 2633 977 2662 super-.

203 2665 328 2703 biunt‚’'
344 2666 722 2707 enumerandoquaedam,
744 2666 859 2707 quibus
873 2676 963 2696 enor-

203 2719 287 2739 mem
311 2708 541 2750 opulentiorum
566 2709 677 2740 luxum
702 2716 734 2740 et
759 2709 963 2750 magnificen-

203 2752 278 2782 tiam
315 2752 486 2794 sugillaret,
515 2754 640 2794 egregie
669 2753 837 2783 exornavit.
887 2755 963 2785 Νοη

202 2797 288 2833 ebur,
305 2796 345 2827 ad
359 2804 521 2828 externum
535 2797 619 2827 enim
634 2796 667 2827 in
683 2796 889 2836 potentiorum
907 2796 962 2827 do

203 2841 306 2869 mibus
321 2839 515 2880 splendorem
537 2839 621 2871 varia
642 2840 792 2880 inprimis,
814 2850 852 2870 ex
870 2841 962 2870 ebore

203 2881 294 2919 facta,
311 2883 458 2914 utensilia
473 2883 677 2923 pertinebant.
765 2895 899 2915 aureum
914 2885 961 2914 la-

202 2935 313 2962 cunar,
329 2926 390 2958 vid.
412 2938 495 2966 supr.
520 2926 561 2958 nd
578 2927 628 2959 11.
655 2926 705 2958 16.
727 2925 776 2957 ll.
833 2929 960 2963 renidet.

203 2967 353 3007 splendet,
370 2971 514 3012 refulget.
541 2971 730 3009 Obvemtus
747 2971 862 3005 Nostro
877 2970 959 3001 vide-

1008 1534 1036 1565 J.
1055 1545 1084 1574 p.
1103 1533 1155 1565 84⁴.
1205 1541 1247 1576 Xg
1249 1534 1341 1575 ⁰⁷53,
1357 1535 1460 1576 3³:60⁵-
1463 1535 1495 1565 τί
1508 1548 1540 1566 τι
1557 1535 1680 1577 Μαρμαί
1679 1548 1767 1576 ‘aun

1005 1578 1083 1610 οἶμα
1173 1579 1282 1614 trabes,
1298 1578 1438 1619 intellige
1457 1579 1631 1618 superiores
1644 1578 1767 1610 colurn-

1004 1632 1054 1653 nae
1068 1628 1179 1662 parta,
1209 1623 1280 1663 (das
1299 1621 1420 1662 ςεόἂΙΙι)
1444 1632 1558 1661 nempe
1578 1624 1765 1663 epistylium,

1006 1666 1231 1707 (unterbalken,
1250 1665 1419 1704 archimb)
1439 1667 1615 1706 zophorum,
1635 1665 1767 1708 (friess)

1005 1720 1160 1745 coronam,
1188 1710 1309 1749 (kranz,
1324 1710 1476 1745 learnieas)
1492 1708 1648 1739 columnae
1673 1719 1768 1747 scapo

1007 1752 1136 1794 (schafl)
1153 1752 1283 1793 ejusque
1297 1751 1434 1791 capitulo
1444 1752 1679 1789 incumbentem
1695 1754 1767 1794 Hy-

1005 1799 1117 1827 meniae
1142 1797 1172 1826 h.
1196 1805 1223 1826 e.
1252 1805 1270 1826 e
1294 1795 1628 1835 marmore-Hymetti.
1651 1795 1768 1826 montis

1009 1840 1133 1876 Atticae,
1170 1838 1301 1876 excisae;
1321 1838 1379 1869 -de
1416 1840 1572 1880 Hymettia·
1606 1838 1771 1870 marmotis

1007 1882 1168 1914 nobilitate
1187 1882 1249 1913 vid.
1279 1883 1376 1913 Strub.
1406 1882 1472 1913 lx.
1498 1892 1571 1922 pag.
1588 1881 1777 1923 613.‡quod

1005 1925 1142 1966 primum
1172 1936 1191 1956 a
1222 1926 1261 1957 L.
1293 1925 1406 1956 Crasso
1438 1925 1574 1956 Romam
1597 1925 1768 1957 advectum

1006 1980 1072 2000 esse
1096 1976 1201 2000 narrat
1228 1969 1310 2000 Plin.
1343 1968 1517 2000 XXXVI.
1539 1968 1570 2000 3.
1617 1969 1777 2009 Ceterumv

1007 2013 1091 2054 quod
1105 2015 1216 2050 trabes,
1232 2023 1303 2053 quae
1317 2013 1394 2044 alias
1403 2012 1533 2043 fuerunt
1543 2012 1668 2054 ligneae,
1680 2022 1777 2045 nunc:
1796 2012 1798 2015 ’

1008 2067 1026 2087 e
1041 2057 1173 2096 pretioso
1186 2066 1342 2087 marmore
1363 2056 1460 2087 factas
1473 2066 1540 2087 esse
1553 2062 1715 2092 memorat,
1726 2055 1768 2087 .id

1008 2111 1134 2142 quoque
1147 2099 1187 2131 ad
1206 2100 1421 2132 Romanorum
1444 2098 1568 2134 luxum.
1590 2110 1685 2140 quem
1699 2109 1768 2131 mr-

975 2177 978 2181 ,
1010 2144 1066 2183 pit,
1082 2143 1290 2174 referendum.
1340 2142 1488 2174 Laudant
1501 2142 1541 2174 de
1555 2142 1604 2173 his
1616 2142 1777 2179 trabibus·

1009 2187 1138 2228 lapideis
1150 2197 1276 2228 quoque
1289 2193 1321 2217 et
1340 2186 1530 2222 marmoreis,
1549 2186 1672 2216 Vitruv.
1691 2185 1763 2217 111.

1008 2230 1030 2261 2
1045 2239 1075 2262 et
1097 2231 1128 2262 3.
1155 2230 1240 2262 Plin.
1269 2229 1444 2260 XXXVI.
1469 2228 1513 2260 8.:
1533 2228 1766 2270 Plin..Paneg.

1006 2273 1059 2305 54.
1102 2280 1251 2316 premunt
1261 2272 1687 2312 columnas,2superimpositae
1695 2279 1769 2305 suut

1007 2318 1171 2349 columnis.
1253 2318 1364 2348 ultima
1378 2318 1488 2347 recisas
1500 2316 1629 2359 Africa,
1640 2316 1737 2349 factas
1750 2327 1769 2346 e

1006 2371 1162 2393 marmore
1175 2361 1209 2390 in
1223 2359 1389 2390 remotiore
1407 2359 1524 2390 Africae
1545 2367 1632 2399 parte
1653 2360 1767 2397 exciso,

1006 2407 1038 2436 h.
1056 2416 1084 2436 e.
1105 2403 1286 2440 Numidico,
1308 2402 1458 2443 subnigro
1483 2409 1514 2434 et
1531 2403 1623 2434 variis
1636 2403 1769 2435 maculis

1007 2448 1162 2480 distincto.
1250 2449 1367 2487 regiam
1383 2449 1494 2482 Attali,
1517 2447 1685 2478 immensas
1708 2447 1768 2479 At-

1007 2492 1077 2528 tali,
1075 2491 1168 2532 regis
1186 2490 1465 2531 Pergamenorum,
1479 2490 1616 2527 divitias,
1628 2499 1687 2530 pro
1698 2490 1768 2531 qui-
1773 2505 1776 2510 ·

1005 2537 1125 2576 busque
1136 2534 1204 2565 aliis
1215 2533 1396 2575 ingentibus
1405 2533 1537 2565 divitiis·
1528 2546 1538 2572 3
1555 2535 1694 2568 ,lum-es
1682 2545 1768 2574 ugno-

1005 2586 1066 2614 tus,
1083 2577 1213 2614 nemini,
1229 2585 1266 2608 ut
1280 2578 1378 2608 haeres
1392 2577 1563 2618 legitimus,
1574 2584 1676 2610 notus.
1692 2577 1767 2608 alie-

1006 2633 1076 2659 nus,
1085 2621 1282 2660 haeredipeta,
1295 2620 1468 2659 vulturius;
1513 2622 1668 2662 occupavi,
1679 2621 1769 2661 justo

1006 2665 1121 2696 haeredi
1145 2664 1312 2705 praeripui;
1343 2664 1454 2705 carpit.
1462 2672 1569 2696 autem
1597 2663 1766 2696 nefandam

1007 2709 1105 2740 aetatis
1129 2719 1193 2739 suae
1214 2708 1391 2745 hominum,
1416 2713 1671 2740 testamentorum
1691 2709 1766 2739 sub

1003 2751 1192 2794 jectionibus
1206 2751 1337 2792 aliisque
1351 2751 1442 2782 malis
1454 2751 1572 2782 artibus
1585 2750 1689 2782 aliena
1710 2752 1766 2781 bo-

1007 2807 1048 2827 na
1062 2796 1119 2827 sibi
1135 2794 1322 2832 vindicandi,
1336 2791 1547 2835 cupiditatem.
1633 2805 1689 2825 nec
1701 2795 1768 2826 La·
1771 2818 1774 2821 >

1006 2851 1072 2870 con.
1090 2841 1166 2871 mihi
1180 2841 1259 2870 trak-
1279 2841 1411 2870 honesta
1419 2845 1557 2879 purpura
1583 2839 1684 2869 client.
1708 2847 1768 2869 nec

1006 2890 1120 2914 vestem
1143 2893 1160 2913 e
1183 2882 1263 2917 lana,
1287 2892 1427 2922 purpura
1448 2881 1554 2915 tincta,
1578 2891 1673 2922 quam
1689 2880 1767 2911 mihi

1005 2926 1128 2957 clientae
1165 2926 1356 2956 honestiores
1385 2931 1576 2961 traxerunt„
1593 2923 1773 2957 confemmn,

1005 2976 1090 3011 gero,'
1113 2971 1143 3000 h.
1163 2981 1189 3000 e.
1210 2980 1272 3000 non
1296 2979 1435 3009 purpura
1454 2968 1575 3010 fulgeo,
1598 2978 1661 2999 non
1675 2973 1771 2999 'surm
