1904 3250
195 178 283 218 436

825 177 1135 220 HORATII

1589 179 1698 228 [un.
1722 188 1773 217 Η.

314 302 427 343 Vino
447 303 720 360 quinquenni,
741 317 889 344 verum
910 303 1015 345 citra
1034 317 1151 345 mare
1170 312 1282 354 nato,

314 371 434 414 Dum
455 373 672 429 coquitur;
708 375 848 427 (cocto
870 372 1028 414 Chium
1049 373 1109 415 sic
1129 375 1334 424 convenit,
1357 383 1404 416 ut
1423 389 1507 416 nou

319 440 417 483 Hoc
437 441 570 498 magis
591 441 726 482 ullum
746 441 882 494 aliud)
905 442 1052 498 pipere
1073 442 1184 493 albo,
1205 458 1292 484 non
1313 444 1400 485 sine
1421 452 1553 493 aceto,

229 521 284 558 50
318 517 447 567 Quod
471 517 807 574 Methymnaeam
827 517 930 558 vitio
949 517 1174 558 mutaverit
1194 531 1331 558 uvam.

314 589 476 630 Erucas
497 589 665 640 virides,
688 589 825 631 inulas
846 604 926 647 ego
945 589 1107 645 primus
1128 603 1291 630 amaras

316 658 556 700 Monstravi
576 660 817 716 incoquere,
840 660 981 701 illotos
1005 658 1210 701 Curtillus
1231 658 1416 709 echinos,

315 731 378 795 Ut
397 732 546 774 melius
567 733 717 784 muria,
740 748 868 790 quam
887 741 994 775 testa
1014 733 1178 775 marina
1197 732 1383 774 remittit.

312 804 481 846 Interea
502 820 705 862 suspensa
723 822 873 864 graves
895 807 1031 848 aulaea
1051 807 1193 848 ruinas

228 881 282 918 55
315 877 367 919 In
388 878 576 933 patinam
596 878 747 930 fecere,
770 879 982 921 trahentia
1001 878 1188 934 pulveris
1209 878 1302 928 atri,

315 950 535 1000 Quantum
555 967 642 993 non
664 953 824 1009 Aquilo
847 952 1075 1008 Campanis
1095 952 1251 993 excitat
1271 951 1396 1009 agris.

313 1019 405 1061 Nos
426 1022 560 1077 majus
576 1022 716 1072 veriti,
738 1030 965 1079 postquam
985 1021 1091 1063 nihil
1112 1037 1203 1064 esse
1224 1020 1371 1078 pericli

312 1089 543 1141 Sensimus,
566 1091 781 1148 erigimur.

845 1091 997 1142 Rufus,
1020 1092 1159 1148 posito
1180 1092 1330 1147 capite,
1352 1099 1399 1132 ut
1420 1091 1454 1132 si

311 1159 443 1201 Filius
464 1160 712 1203 immaturus
733 1162 904 1225 obisset,
925 1162 1040 1212 flere,

1104 1161 1213 1211 Quis
1234 1170 1344 1203 esset

224 1234 280 1271 60
313 1231 443 1282 Finis,
466 1232 510 1273 ni
531 1233 696 1288 sapiens
719 1234 778 1275 sie
801 1233 1095 1275 Nomentanus
1115 1233 1299 1274 amicum

309 1301 501 1344 Tolleret
515 1319 525 1344 z

561 1302 674 1354 Heu,
700 1303 901 1354 Fortuna,
925 1304 1018 1360 quis
1039 1310 1103 1344 est
1123 1302 1336 1344 crudelior
1356 1302 1400 1343 in
1421 1317 1498 1343 nos

310 1375 377 1419 Te
393 1367 537 1418 deus?
569 1375 632 1419 Ut
652 1391 818 1432 semper
837 1377 997 1434 gaudes
1018 1376 1196 1418 illudere
1216 1376 1343 1417 rebus

312 1445 551 1489 Humanis!
585 1445 739 1488 Varius
761 1461 915 1503 mappa
938 1462 1206 1503 compescere
1226 1447 1356 1488 risum

308 1514 395 1556 Vix
414 1523 592 1571 poterat.
656 1515 830 1558 Balatro
851 1515 1112 1572 suspendens
1134 1516 1276 1557 omnia
1296 1530 1423 1556 naso:

223 1589 279 1626 65
312 1584 421 1627 Haec
442 1594 506 1627 est
525 1587 711 1628 conditio
731 1585 913 1637 vivendi,
936 1585 1098 1636 aiebat3
1129 1600 1264 1642 eoque

191 1701 252 1733 afri
266 1712 448 1742 expressum
470 1709 526 1740 est,
549 1703 583 1733 in
605 1705 693 1739 cella,
719 1704 750 1734 h.
769 1714 797 1734 e.
819 1703 852 1733 in
878 1702 958 1740 loco,

191 1744 250 1776 'ubi
278 1745 385 1781 oleum
411 1746 606 1786 exprimitur,
632 1747 692 1783 vel,
716 1746 802 1788 quod
827 1746 960 1777 Venafri

129 1804 131 1806 ·
192 1799 374 1828 expressum
398 1790 493 1821 estin
515 1792 590 1822 cella
611 1793 728 1832 prima,
755 1790 789 1820 in
814 1789 884 1821 loco
907 1789 963 1821 ubi

190 1832 348 1872 optimum
369 1833 477 1864 oleum
499 1834 695 1874 exprimitur,
712 1844 806 1874 supra
824 1834 888 1865 Sat.
909 1833 960 1864 ΙΙ.

190 1874 222 1906 4.
241 1875 294 1907 69.
320 1875 361 1907 de
382 1876 505 1918 vulgari
525 1876 596 1908 oleo
619 1877 820 1909 Venafrano:
848 1880 962 1909 Pressa

197 1920 386 1962 Vevwfranoe
401 1923 482 1961 quod
495 1922 590 1952 bacca
604 1924 720 1953 remisit
735 1923 831 1952 olivae.

235 1973 265 1994 v.
278 1962 332 1994 46.
357 1963 472 1995 deinde
473 1964 533 2005 jus
547 1966 676 1996 mistum
692 1970 739 1995 est
749 1976 826 2004 garo
841 1966 878 1995 cle
891 1975 962 1997 suc>

190 2008 235 2039 cis
252 2009 347 2048 piscis
366 2009 463 2046 Iberi,
490 2008 625 2039 scombri
641 2009 799 2049 (malcrele,
814 2009 963 2039 scomber-

191 2052 329 2082 scomber
358 2050 479 2091 Linn.)
510 2061 607 2091 prope
634 2050 826 2091 Hispaniam
856 2050 962 2090 capti;

191 2093 232 2124 de
250 2106 339 2134 garo,
362 2094 493 2134 liquoris
518 2094 665 2136 exquisiti
679 2104 806 2136 genere,
821 2094 907 2136 quod
923 2103 962 2124 ex

190 2137 327 2178 piscium
351 2137 510 2168 intestinis
532 2139 596 2168 sale
624 2137 788 2169 maceratis
809 2138 961 2169 misceba-

191 2182 254 2216 tur,
287 2180 414 2212 Plinius
440 2181 487 2211 H.
519 2181 562 2212 N.
592 2182 736 2213 XXXI.
764 2180 817 2213 43.
843 2193 962 2222 garum

191 2226 266 2256 olim
279 2226 496 2266 conficiebatur
510 2236 546 2256 ex
555 2227 650 2265 pisce,
666 2237 759 2268 quem
784 2227 889 2258 Graeci
907 2237 962 2266 ga·

192 2280 250 2300 ron
278 2269 436 2300 vocabant.
461 2285 506 2293 —
543 2270 645 2301 Nunc
674 2281 691 2300 e
718 2271 853 2301 scombro
878 2271 964 2310 pisce

192 2313 446 2343 laudatissimum
482 2313 519 2343 in
560 2314 755 2354 Carthaginis
795 2314 963 2354 Spartariae

193 2354 412 2398 (Hispanicae)
427 2357 559 2387 cetarii-s

238 2410 268 2429 v.
287 2397 340 2429 4⁴7.
373 2401 451 2430 citra
476 2410 563 2430 mare
586 2406 671 2437 nato,
689 2399 783 2436 Italo,
809 2399 849 2430 cf.
873 2410 967 2440 supra

196 2442 238 2473 ad
255 2444 318 2475 Sat.
341 2443 370 2473 Ι.
388 2441 438 2473 10.
456 2441 510 2474 31.

238 2497 268 2517 v.
286 2485 339 2517 50.
369 2488 458 2522 Quod
481 2487 656 2527 Metlzymn.
688 2488 760 2518 vitio
785 2488 963 2523 mutaverit,

195 2529 376 2571 (vitiaverit,
391 2528 579 2569 corruperit)
595 2542 702 2567 uvam,
726 2530 811 2571 quod
828 2540 866 2560 ex
889 2530 965 2560 vino

196 2573 417 2614 Methymnaeo
444 2572 644 2625 corruptione
672 2580 831 2604 mutatum
861 2573 902 2604 sit
929 2574 964 2603 in

195 2623 338 2656 acetum;
362 2617 408 2648 sic
421 2618 533 2648 vinum
546 2623 707 2648 mutatum
721 2627 815 2657 supra
833 2617 896 2647 Sat.
914 2617 964 2648 11.

195 2659 228 2690 2.
243 2659 296 2691 58.
315 2662 499 2702 Methymna
513 2659 666 2701 oppidum
680 2660 714 2690 in
729 2660 830 2691 insula
848 2660 964 2697 Lesbo,

195 2704 336 2735 melioris
357 2712 440 2735 ποτε
461 2703 535 2734 vino
556 2703 678 2742 nobi1i;
701 2713 757 2743 per
777 2715 872 2735 uvam
895 2705 965 2735 Me-

197 2750 390 2789 thymnoeam
426 2747 526 2789 igitur
558 2746 702 2788 intellige
737 2747 847 2778 vinum
886 2747 964 2778 Les-

197 2791 299 2822 bium.

242 2845 271 2866 v.
288 2833 341 2866 51.
368 2836 506 2872 Erucas,
529 2833 614 2875 apud
635 2843 712 2865 nos:
746 2835 854 2864 Icresse.
916 2835 965 2865 in-

199 2879 278 2914 u,las
303 2889 380 2910 nos:
408 2881 508 2910 alant.
537 2877 579 2909 cf.
596 2887 690 2917 supra
711 2877 751 2908 ad
777 2877 840 2908 Sat.
863 2876 962 2907 11.2.

200 2918 253 2950 44-
343 2934 397 2963 ego
422 2923 546 2964 primus
570 2922 750 2958 monstravi,
774 2920 967 2952 Nasidienus

200 2974 232 2994 se
243 2965 350 3005 jactat,
368 2973 404 2997 ut
420 2976 515 3006 supra
529 2964 574 2997 rei
590 2963 752 2996 culinaria>
765 2963 867 3005 magi
854 2970 962 2995 trum.

1005 1703 1068 1734 Sat.
1091 1702 1141 1733 11.
1160 1701 1191 1732 4.
1211 1701 1264 1733 ¹74·-
1289 1713 1341 1744 ego
1350 1703 1470 1744 saecem
1487 1704 1610 1743 primus
1632 1708 1665 1734 et
1685 1704 1771 1740 allec,

1004 1746 1133 1778 Primus
1148 1752 1178 1778 et
1193 1747 1333 1778 invenior
1341 1747 1434 1787 piper·
1446 1747 1554 1778 album
1568 1751 1641 1777 cett.

1049 1800 1078 1819 v.
1097 1788 1150 1819 52.
1176 1791 1281 1826 illotos,
1298 1799 1363 1819 non
1385 1789 1520 1828 ablutos,
1537 1799 1601 1820 non
1616 1788 1775 1830 salsugine

1005 1843 1064 1908 {⁰3³
1084 1840 1265 1908 purggttosiil
1279 1834 1414 1907 echgniws,
1435 1832 1499 1864 vid.
1518 1832 1559 1864 ad
1586 1833 1652 1865 Sat.
1669 1832 1721 1864 11.
1739 1831 1772 1863 4.

1050 1899 1059 1908 .
1176 1883 1228 1908 ure
1264 1887 1312 1913 us,
1350 1887 1366 1906 e
1381 1886 1433 1908 uo.

1049 1931 1077 1951 v.
1096 1919 1150 1951 53.
1184 1922 1226 1952 Ut
1240 1922 1360 1958 melius,
1376 1926 1414 1951 ut
1427 1919 1471 1958 id,
1494 1920 1579 1962 quod
1601 1919 1642 1950 sit
1661 1919 1776 1951 melius

1005 1963 1109 1994 muria
1132 1963 1241 2006 (lake),
1265 1963 1305 1994 cf.
1331 1974 1427 2003 supra
1451 1960 1515 1995 Sat..
1542 1963 1592 1994 11.
1609 1962 1642 1994 4.
1660 1962 1713 1994 65.
1731 1984 1775 1990 —

1005 2013 1082 2038 testa
1097 2009 1234 2044 marina,
1254 2007 1398 2049 intellige
1417 2007 1518 2047 pisces
1538 2013 1698 2044 testaceos,
1724 2017 1775 2038 os-

1005 2057 1087 2081 treas
1100 2055 1173 2080 cett.

1050 2104 1080 2124 v.
1099 2091 1153 2124 54⁴.
1178 2105 1328 2134 suspensa
1353 2095 1466 2132 aulaea,
1488 2093 1528 2125 cf.
1544 2104 1640 2135 supra
1653 2093 1693 2125 ad
1711 2093 1774 2126 Od.

1007 2137 1079 2168 111.
1105 2136 1160 2168 29.
1188 2136 1239 2168 15.
1279 2139 1400 2169 Vossius
1425 2137 1556 2178 pulchre
1585 2137 1693 2169 vertit:
1719 2141 1774 2170 der

1004 2182 1160 2213 ωῢῖὂεηάε
1172 2182 1347 2212 ὁιιΙάαεΙιὶπ.

1050 2236 1080 2255 v.
1113 2224 1166 2256 55.
1190 2226 1323 2267 pulveris
1351 2227 1425 2263 atri,
1455 2224 1587 2264 supple·
1624 2230 1771 2263 tanmm;

1007 2275 1044 2299 ut
1062 2269 1126 2300 Sat.
1148 2269 1198 2300 11.
1190 2237 1247 2305 ¹⁷3,
1262 2266 1316 2298 87.
1334 2270 1505 2300 Frumenti
1517 2274 1673 2310 quantum
1688 2272 1772 2301 metit

1006 2315 1039 2344 A
1054 2323 1129 2344 ruca-

1027 2314 1084 2387 fv.
1098 2355 1151 2386 57.
1177 2355 1291 2396 majus,
1307 2355 1458 2397 majorem
1471 2355 1607 2385 ruinam.

1051 2410 1082 2431 v.
1100 2399 1152 2430 58.
1173 2401 1332 2440 erigimur,
1363 2399 1506 2430 animum
1534 2397 1711 2437 recipimus
1730 2418 1774 2424 —

1003 2446 1114 2494 posito,
1137 2442 1282 2480 demisso,
1310 2441 1471 2480 inclinato,
1497 2451 1536 2472 ex
1558 2451 1646 2474 more
1660 2442 1775 2485 lugen-

1007 2487 1099 2518 tium.

1050 2541 1079 2561 v.
1098 2529 1151 2561 59.
1176 2531 1377 2566 immaturus,
1400 2535 1589 2569 praematura
1602 2536 1712 2561 morte.
1729 2551 1774 2556 —

1007 2575 1076 2616 quis
1089 2580 1164 2606 esset
1178 2583 1252 2613 pro:
1279 2572 1398 2609 fuisset,
1421 2578 1453 2603 et
1473 2574 1589 2604 tolleret
1602 2583 1676 2613 ρει-ο
1704 2584 1773 2605 sus-

1006 2617 1137 2668 tulisset,
1160 2622 1198 2647 ut
1218 2626 1313 2656 supra
1336 2615 1400 2646 Sat.
1420 2616 1448 2646 1.
1463 2614 1494 2646 3.
1513 2584 1623 2647 5—'7.p
1659 2620 1772 2656 emar,

1007 2663 1064 2702 qui
1077 2671 1183 2701 cogere
1192 2665 1291 2701 posset
1304 2659 1496 2701 (potuisset),
1510 2661 1545 2692 St
1548 2667 1667 2701 peteret
1679 2661 1774 2703 (peti-

1007 2703 1094 2744 isset)
1106 2715 1166 2745 per
1186 2704 1356 2735 amiciciam
1365 2705 1467 2744 patris
1481 2710 1575 2746 aeque
1588 2715 1692 2742 suam,
1709 2716 1774 2737 non

1013 2749 1185 2788 Quisquam
1192 2749 1352 2790 preficeret
1366 2746 1577 2788 (profecturus
1591 2747 1728 2788 fuisset).

1053 2800 1082 2821 v.
1113 2789 1167 2821 60.
1207 2792 1330 2840 sapiens
1358 2791 1592 2827 Nomentanus,
1623 2789 1774 2832 sapientia

1010 2833 1228 2865 Nomentani
1213 2843 1281 2875 jam
1298 2832 1397 2873 posita
1410 2833 1505 2864 fuit·
1495 2845 1528 2865 m
1550 2834 1720 2867 calliditate
1740 2841 1773 2866 et

1009 2877 1217 2914 simulatione,
1233 2887 1296 2918 qua
1309 2876 1350 2907 de
1363 2877 1467 2908 subita
1481 2878 1654 2910 aulaeorum
1668 2879 1773 2916 ruina,

1009 2921 1098 2961 quasi
1114 2921 1153 2951 ad
1176 2931 1209 2951 se
1230 2921 1345 2960 ipsum,
1370 2928 1408 2951 ut
1435 2921 1559 2960 herum,
1588 2922 1772 2964 pertinente,

1011 2965 1161 2997 Fortunae
1174 2963 1416 2996 crudelitatem·
1407 2972 1538 2997 incusat.

1171 3011 1209 3038 18
