1904 3250
125 1733 127 1735 ·
179 1717 213 1747 in
242 1717 322 1748 mari
347 1724 485 1757 pereant.

193 214 288 262 ms
822 212 1127 267 HoRATn

724 489 1021 532 CARMEN
1064 489 1220 532 XXX.

419 699 567 740 ExEG1
591 706 910 742 monumentum
931 716 1015 742 aere
1035 701 1274 757 perennius,

420 768 654 826 Regalique
676 770 757 811 situ
778 770 1046 827 pyramidum
1063 770 1213 812 altius:

421 838 551 888 Quod
572 855 658 881 non
679 840 815 882 imber
835 840 959 891 edax,
980 855 1067 882 non
1088 833 1252 897 Aquilov
1267 841 1459 897 inpotens

419 908 558 951 Possit
578 909 759 961 diruere,
782 918 854 952 aut
873 905 1189 952 innumerabilis
1252 907 1254 909 ’

361 982 386 1018 5
420 979 644 1021 Annorum
665 981 806 1032 series,
828 989 870 1022 et
889 979 990 1038 fuga
1009 989 1261 1037 temporum.

419 1052 518 1094 Non
538 1054 673 1095 omnis
695 1054 874 1096 moriar:
907 1054 1123 1112 multaque
1142 1069 1240 1111 pars
1260 1056 1343 1097 mei

179 1203 233 1223 ras
250 1203 356 1233 preces
380 1196 552 1231 decurrere,
578 1194 619 1225 ad
643 1205 750 1234 preces
771 1195 949 1246 perfugere,

181 1235 297 1277 quibus
317 1236 450 1268 deorum
475 1244 639 1269 moveatur
667 1238 835 1275 miseratio,
900 1261 907 1265 .
922 1240 949 1270 si

182 1292 268 1320 mug
297 1281 371 1324 Afr.
404 1283 478 1312 mal.
506 1293 593 1322 proc.
627 1281 654 1313 si
682 1282 874 1322 tempestatis
910 1283 949 1313 ab

184 1324 297 1354 Africo
313 1324 476 1356 concitatae
499 1332 639 1365 tempore
660 1326 764 1356 malus
784 1326 949 1357 stridorem

182 1367 262 1403 edat,
288 1379 367 1409 pro:
396 1367 580 1400 imminente
606 1368 763 1411 naufragii
785 1369 946 1410 pericu103

181 1421 276 1451 supra
300 1412 330 1443 Ι.
361 1411 410 1443 14«.
438 1411 470 1442 4«.
518 1414 565 1444 Et
590 1413 698 1445 malus
713 1414 804 1445 celeri
824 1415 950 1445 saucius

180 1455 293 1498 Africo
308 1458 528 1497 Antennaeque
540 1462 676 1496 gemant.
738 1458 812 1488 votis
820 1458 948 1498 pacisci,

181 1500 241 1530 sub
255 1510 293 1530 ea
307 1499 486 1530 conditione
508 1507 580 1530 vota
600 1499 756 1540 suscipere
772 1506 805 1531 et
818 1501 949 1540 promit-

180 1540 256 1580 tere,
273 1554 312 1575 ne
327 1550 399 1574 cett.
417 1542 492 1574 hinc
501 1554 608 1584 preces
621 1555 740 1576 emaces
753 1545 838 1583 apud
855 1543 943 1575 Pers.

182 1586 233 1617 11.
252 1586 283 1617 3.
376 1587 507 1618 Addunt
521 1599 614 1619 avaro
627 1589 746 1619 divitias
758 1589 849 1624 mari,
866 1588 897 1618 h.
916 1597 944 1617 e.

180 1630 307 1667 divitiis,
321 1640 401 1671 quas
411 1640 498 1661 mare
512 1630 686 1662 insatiabile
696 1630 844 1662 devorare
858 1633 948 1668 solet,

179 1683 300 1704 novum
325 1673 576 1705 additamentum
599 1675 699 1713 fiant3
722 1685 779 1714 pro
801 1674 943 1716 vulgari:

574 1730 680 1756 avaro,
706 1717 885 1756 insatiabili,
911 1725 949 1750 ut

178 1770 273 1800 supra
291 1761 319 1791 I.
337 1760 390 1792 28.
413 1760 462 1792 18.
488 1773 578 1794 mare
599 1765 736 1795 avidum.
825 1764 948 1795 biremis

179 1806 309 1846 scaphon
326 1807 447 1846 cymbae
467 1806 607 1844 minoris,
631 1817 703 1847 quae
717 1805 842 1837 duobus
855 1807 951 1837 remis

179 1849 218 1880 ab
233 1858 300 1879 uno
320 1849 449 1890 regitur.
493 1849 662 1891 Ejusmodi
685 1855 793 1880 autem
817 1851 949 1891 cymbae,

179 1897 217 1922 ut
238 1891 399 1934 naufragis
413 1899 517 1924 essent
538 1893 697 1933 praesidio,
722 1894 855 1925 navibus
869 1903 947 1925 one-

178 1934 277 1973 rariis,
293 1942 330 1966 ut
344 1936 447 1968 adhuc
461 1936 530 1968 fieri
539 1937 628 1973 solet,
644 1947 777 1968 annexae
790 1937 891 1968 fuere.
904 1955 949 1962 —

173 1983 234 2019 p‘er
258 1981 386 2020 AEgaeos
409 1982 578 2018 tumultus,
604 1981 637 2012 h.
657 1991 685 2011 e.
713 1991 769 2020 per
789 1987 892 2012 motos
914 1981 948 2012 in

179 2022 259 2053 mari
282 2023 398 2065 AEgaeo
419 2023 555 2062 fluctus-3
578 2032 644 2055 erat
663 2031 771 2055 autem
785 2034 872 2056 mare
889 2026 950 2056 AE-

178 2076 295 2108 gaeum,
312 2077 367 2106 per
388 2067 473 2108 quod
499 2064 637 2099 Romam
659 2067 771 2099 advehi
794 2067 949 2101 debebant

179 2119 298 2140 merces
325 2111 430 2151 Tyriae
452 2117 484 2142 et
507 2112 642 2152 Cypriae,
666 2112 887 2153 navigantibus
908 2115 950 2145 ob

177 2154 300 2184 crebras
322 2160 520 2194 tempestates
542 2155 790 2187 infestissimum.
837 2158 948 2189 Boetti-

178 2207 250 2237 gero
281 2197 398 2228 Noster
426 2198 562 2229 eund·-
587 2199 621 2230 in
647 2200 707 2230 hoc
731 2199 802 2230 loco
823 2207 949 2240 poetam

183 2240 342 2277 Graecum,
365 2251 383 2271 e
405 2251 469 2282 quo
490 2243 575 2282 apud
591 2243 727 2274 Lucian.
749 2243 897 2275 Hermot.
917 2254 944 2274 c.

180 2282 233 2315 ἥ.
261 2284 478 2325 proverbium:
513 2287 561 2317 ἐπὶ
585 2287 662 2328 ῥιπὶς
687 2287 721 2318 τί
744 2288 866 2328 Αἰγαῖον
888 2286 949 2319 δια·

182 2329 307 2360 πλεῦσαι
328 2329 479 2359 haustum
505 2329 555 2366 sit,
579 2336 654 2361 ante
674 2330 784 2361 oculos
804 2331 950 2362 habuisse

180 2371 312 2403 videtur.
395 2374 540 2412 geminus
557 2375 678 2411 Pollux,
699 2374 810 2405 castor
823 2380 855 2405 et
872 2374 948 2405 Pol-

181 2415 249 2452 lux,
263 2415 482 2457 navigantibus
496 2416 637 2456 propitii;
662 2417 703 2448 cf.
722 2428 807 2457 supr.
827 2417 856 2449 Ι.
870 2417 900 2450 3.
917 2417 947 2449 2.

379 2502 592 2534 CARMEN
617 2504 738 2535 XXX.

151 2620 153 2622 .
215 2590 312 2627 Quod
322 2596 394 2622 ante
405 2590 578 2622 Horatium
584 2591 653 2632 jam
663 2591 716 2622 alii
725 2592 834 2632 magni
844 2592 944 2622 nomi-

179 2634 229 2665 nis
243 2640 345 2674 poetae
358 2633 399 2665 de
411 2633 521 2676 gloriae
535 2644 601 2664 suae
621 2634 856 2666 immortalitate
876 2646 947 2666 sen-

181 2685 291 2709 serunt
304 2685 337 2709 et
351 2677 480 2719 professi
495 2684 580 2714 sunt,
594 2677 627 2708 id
653 2678 808 2709 Horatius
821 2689 948 2719 quoque

180 2722 274 2752 sentit
288 2728 320 2753 et
333 2720 496 2762 profitetur
505 2721 539 2751 in
549 2721 609 2751 hoc
622 2721 769 2763 Epssogo,
782 2721 820 2752 iis
833 2722 947 2752 carmi-

181 2765 286 2804 nibus,
302 2776 374 2807 quae
390 2771 461 2797 tum
481 2764 619 2805 primum
641 2765 809 2806 evulgavit,
831 2765 948 2803 addito,

182 2813 339 2849 “partam
354 2810 410 2841 sibi
422 2810 591 2850 lyricorum
601 2814 763 2850 poetarum
777 2811 860 2840 inter
882 2811 948 2840 Ro-

183 2863 291 2885 manos
300 2854 438 2894 fflincipi
447 2853 578 2893 gloriam
588 2852 854 2894 αἰενηαηυῇινε,ῃ
870 2853 947 2883 vati-

183 2895 300 2926 cinans.
309 2915 353 2921 —
365 2897 432 2933 Qui
454 2895 625 2928 Horatium
639 2896 673 2926 in
687 2895 735 2933 iis,
750 2906 822 2937 quae
836 2896 877 2926 de
891 2905 948 2925 no-

185 2938 279 2969 minis
293 2940 342 2971 sui
357 2939 589 2971 immortalitate
602 2939 636 2970 in
650 2940 710 2970 hoc
724 2939 862 2970 carmine
879 2939 948 2981 glo-

185 2981 290 3018 riatur,
305 2983 466 3014 modestiae
481 2983 567 3025 leges
576 2983 725 3025 migrasse
734 2990 911 3019 autumant,
928 2983 949 3013 ii

184 3034 257 3054 sane
273 3036 425 3067 magnum
443 3027 634 3069 antiquitatis
644 3033 765 3067 poetam
783 3026 820 3058 ad
837 3032 950 3059 nostrae

992 1196 1094 1227 aetatis
1121 1195 1287 1237 ingenium
1312 1201 1345 1227 et
1367 1204 1481 1233 mores,
1511 1204 1552 1226 ne
1576 1193 1688 1231 dicam,
1717 1194 1760 1226 ad

992 1245 1172 1270 nostrorum
1207 1244 1372 1279 poetarum
1408 1238 1544 1279 pretium
1573 1237 1758 1280 dijudicant,

992 1293 1052 1313 nec
1066 1293 1151 1320 eum,
1167 1282 1245 1313 alias
1259 1281 1535 1320 modestissimum,
1560 1283 1611 1325 (ut
1626 1281 1677 1313 vel
1689 1292 1760 1313 ear-

991 1336 1065 1356 men
1081 1332 1206 1357 sextum
1227 1325 1299 1357 libri
1320 1325 1426 1365 primi,
1445 1331 1478 1357 et
1498 1335 1626 1356 carmen
1647 1335 1760 1357 secuu-

992 1369 1071 1400 dum
1085 1369 1156 1400 libri
1170 1369 1275 1411 quarti
1288 1369 1362 1400 satis
1375 1368 1515 1409 docent)
1530 1369 1564 1399 in
1578 1370 1638 1400 hoc
1652 1369 1762 1401 vatici-

992 1413 1047 1443 nio
1078 1423 1204 1454 quoque
1231 1413 1418 1444 Graecorum
1441 1419 1606 1453 poetarum
1630 1412 1761 1455 vestigia

992 1457 1136 1496 pressisse
1150 1467 1257 1488 secum
1270 1462 1427 1496 reputant.
1457 1455 1692 1487 Nobilissimum
1702 1467 1760 1487 au-

993 1506 1067 1536 tem,
1094 1510 1190 1541 quam
1214 1500 1331 1531 Noster
1352 1499 1458 1538 sumit,
1482 1499 1658 1540 superbiam
1673 1500 1759 1532 exci-

991 1550 1072 1575 tasse
1093 1543 1237 1584 inprimis
1261 1543 1383 1574 videtur
1405 1542 1589 1583 exemplum
1616 1542 1757 1583 Pindni,

991 1586 1135 1618 similiter
1147 1587 1214 1618 fere
1235 1586 1275 1618 de
1295 1586 1472 1618 carminum
1491 1596 1620 1617 surorum
1635 1587 1761 1618 aeterni-

992 1638 1056 1661 tate
1083 1630 1249 1673 gloriantis
1275 1630 1310 1661 in
1467 1629 1530 1661 VI.
1563 1628 1585 1660 '7
1612 1640 1698 1672 seqq.
1714 1648 1760 1657 —

995 1674 1143 1705 Ceterum
1159 1684 1232 1706 cum
1250 1674 1367 1705 Noster
1388 1673 1474 1704 idem
1486 1673 1553 1704 fere
1567 1673 1608 1704 de
1621 1674 1760 1705 nominis

992 1717 1042 1748 sui
1056 1718 1290 1749 immortalitate
1302 1717 1485 1749 vaticinium
1501 1717 1570 1758 jam
1590 1718 1625 1748 in
1646 1717 1761 1749 ultimo

991 1762 1130 1792 carmine
1164 1761 1236 1793 libri
1271 1760 1404 1792 secundi
1438 1760 1580 1798 ediderit,
1615 1760 1759 1803 illudque

994 1805 1107 1844 pariter
1133 1815 1170 1836 ac
1195 1806 1255 1836 hoc
1281 1815 1339 1845 pro
1361 1803 1488 1846 epilogo
1510 1802 1616 1835 haberi
1638 1805 1759 1844 poesit;
1764 1830 1767 1834 .

993 1858 1059 1879 non
1073 1855 1191 1880 temere
1199 1848 1323 1890 aliquis,
1341 1847 1514 1879 Horatium
1526 1847 1664 1888 primum
1677 1846 1762 1880 duos

992 1892 1125 1927 odarum
1146 1891 1242 1923 libros
1263 1891 1392 1932 priores,
1416 1898 1449 1923 et
1471 1890 1586 1922 deinde
1604 1892 1698 1922 hunc
1721 1892 1761 1923 ii-

992 1937 1086 1966 brum
1114 1936 1242 1967 tertium
1277 1935 1445 1976 separatim
1471 1933 1657 1975 publicasse,
1685 1934 1761 1967 inde

991 1979 1128 2021 colligat.
1142 1996 1188 2005 —
1202 1979 1395 2019 eomparant
1417 1979 1560 2019 Propert-
1577 1978 1649 2011 111.
1666 1978 1699 2010 2.
1716 1985 1760 2017 et,

992 2022 1048 2064 qui
1074 2023 1229 2055 Nostrum
1250 2022 1391 2053 imitatus
1417 2029 1474 2059 est,
1500 2021 1594 2054 ovid.
1615 2023 1675 2054 sub
1695 2021 1760 2054 fine

973 2066 1127 2098 'Metam-
1147 2067 1188 2098 L.
1209 2066 1288 2098 XV.
1306 2064 1469 2108 S'IIseqq.

1034 2120 1064 2140 v.
1099 2109 1192 2142 14
1227 2108 1572 2151 Eaegiueerexi,
1594 2109 1758 2141 inultum

992 2153 1100 2192 eduxi,
1121 2161 1159 2186 ut
1179 2156 1260 2186 bene
1281 2155 1406 2186 Musca.
1490 2154 1584 2193 regal.
1602 2154 1666 2185 a‘tu
1680 2164 1758 2195 pyr.

992 2207 1070 2237 pro:
1097 2197 1311 2249 pyramidibus
1330 2196 1420 2239 regio
1440 2203 1558 2227 sumtu
1570 2197 1754 2229 exacuetis:

993 2250 1053 2271 vox
1078 2243 1157 2273 situs
1183 2242 1228 2284 (h.
1248 2251 1277 2272 e.
1293 2246 1458 2276 structura,
1481 2238 1628 2281 positae)
1650 2249 1760 2272 rerum

993 2291 1221 2316 exstructarum
1235 2289 1267 2314 et
1286 2284 1319 2313 ὶιι
1334 2283 1404 2315 looo
1416 2283 1523 2324 aliquo
1535 2282 1760 2315 collocatarum

993 2328 1162 2367 periphrasi
1192 2326 1328 2358 inservit.
1418 2327 1516 2358 imber
1551 2328 1654 2365 edas,
1673 2336 1760 2366 narn,

993 2377 1028 2401 ut
1046 2371 1165 2403 Tibull.
1184 2368 1263 2402 1.4.
1285 2368 1336 2401 18.
1360 2369 1455 2408 canit,
1471 2371 1584 2411 Longa
1599 2372 1663 2403 dies
1675 2373 1761 2404 mola

991 2425 1063 2446 saxa
1083 2417 1203 2455 peredit
1223 2426 1316 2455 aqua.
1342 2420 1374 2444 et
1395 2413 1439 2444 sic
1459 2423 1555 2445 earm.
1573 2414 1708 2454 praeoed.
1725 2425 1756 2446 v.

991 2457 1045 2488 36.
1059 2459 1175 2499 lapides
1189 2459 1280 2489 adesi.
1339 2459 1489 2499 inpotem,
1502 2464 1615 2497 praeter
1626 2457 1761 2490 modum

989 2501 1099 2532 furens
1112 2508 1207 2543 atque
1221 2501 1370 2539 saeviens3
1396 2501 1440 2532 sic
1454 2500 1539 2541 apud
1557 2501 1676 2533 Catull-
1694 2501 1759 2534 1v.

995 2543 1143 2588 18.-freta
1158 2546 1346 2585 impotentia,
1362 2544 1543 2585 procellosa
1546 2550 1579 2576 et
1592 2551 1758 2577 ventorum

989 2588 1095 2619 furore
1108 2589 1272 2619 concitata.

1034 2643 1062 2662 v.
1088 2630 1184 2662 6-9.
1212 2634 1290 2664 Non
1312 2634 1413 2665 omnis
1433 2633 1560 2664 πων-ίαν.
1583 2642 1680 2672 ωρη
1702 2631 1755 2664 11.

990 2675 1108 2707 20.6.
1166 2678 1334 2716 Nmego,
1371 2687 1464 2718 quem
1501 2686 1600 2712 υκαι,
1635 2677 1759 2708 Dilecta

991 2721 1159 2757 Maecenas,
1185 2721 1274 2756 ebibe,
1300 2721 1371 2751 Nec
1390 2720 1494 2761 Stygia
1518 2720 1671 2751 cohibebor
1694 2731 1760 2752 un-

991 2766 1043 2795 da.
1141 2765 1252 2794 Vitabit
1288 2765 1471 2800 Libitinam,
1506 2761 1616 2793 haud
1629 2762 1759 2803 sepelie-

992 2815 1052 2843 tur,
1081 2806 1166 2837 baud
1195 2807 1331 2838 obnoxia
1359 2806 1418 2837 erit
1444 2805 1559 2844 morti,
1581 2807 1758 2838 —habuit

991 2860 1105 2891 nempe
1127 2853 1229 2882 Venus
1250 2851 1403 2888 Libitina,
1420 2859 1492 2892 que
1513 2855 1645 2890 praeerat
1663 2850 1758 2882 fune-

991 2894 1087 2930 ribus,
1118 2894 1283 2934 templum,
1319 2893 1354 2924 in
1388 2903 1454 2934 quo
1480 2899 1547 2924 tam
1577 2892 1757 2925 vendeban-

992 2945 1045 2968 tur
1068 2947 1163 2978 quam
1188 2937 1380 2975 locabantur,
1403 2946 1476 2978 quae
1501 2936 1541 2968 ad
1562 2936 1756 2977 sepulturam

994 2981 1042 3011 vel
1078 2981 1242 3012 funerum,
1262 2986 1446 3022 apparatum
1488 2980 1694 3020 pertinebant.
1711 2998 1756 3006 -

994 3027 1091 3057 multa
1112 3036 1186 3065 pars
1209 3027 1279 3063 mei,
1304 3024 1396 3057 Ovid.
1410 3024 1430 3055 l.
1450 3024 1470 3055 l.
1490 3023 1565 3055 875.
1600 3026 1694 3056 Parte
1707 3030 1754 3056 ta-

1548 227 1659 275 [ΜΒ.
1684 237 1765 265 ιιι.Δ
