1904 3250
205 170 289 209 552

841 163 1151 208 HORATII

322 293 543 336 Interdum
564 299 704 334 tamen
725 298 767 332 et
787 305 935 333 vocem
955 292 1164 334 comoedia
1183 292 1305 344 tollit,

320 363 543 419 Iratusque
567 361 772 403 Chremes
793 361 959 403 tumido
980 361 1171 419 delitigat
1191 377 1290 404 ore:

231 437 286 475 95
319 432 378 475 Et
399 431 607 488 Tragicus
627 429 879 487 plerumque
899 430 1017 473 dolet
1036 447 1229 474 sermone
1249 432 1446 488 pedestri.

319 501 537 558 Telephus
559 509 601 542 et
623 500 790 552 Peleus,
814 516 910 543 cum
930 517 1094 558 pauper
1114 510 1156 544 et
1176 502 1288 553 exul,
1310 510 1488 560 uterque

319 574 494 631 Projicit
514 568 720 630 ampullas
742 581 785 615 et
805 574 1114 630 sesquipedalia
1133 574 1276 625 verba,

320 645 365 687 Si
386 652 506 686 curat
526 659 599 686 cor
621 644 848 700 spectantis
869 644 1058 702 tetigisse
1079 644 1264 702 querela.

375 717 478 759 Non
498 717 599 759 satis
620 724 684 758 est
704 716 886 773 pulchra
905 732 997 759 esse
1017 725 1228 774 poemata,
1251 717 1393 759 dulcia
1413 726 1554 770 sunto,

203 795 283 833 100
316 790 386 841 Et,
410 805 663 847 quocunque
683 790 839 841 volent,
863 791 1050 838 animum
1070 790 1274 832 auditoris
1295 799 1468 848 agunto.

317 864 381 906 Ut
400 863 636 905 ridentibus
658 862 859 914 arrident,
882 864 941 905 ita
959 863 1157 905 flentibus
1178 863 1333 905 adsunt

317 936 508 978 Humani
528 935 683 977 vultus.

748 936 793 978 Si
812 936 875 977 vis
895 952 964 978 me
984 936 1111 978 flere:
1144 936 1375 978 dolendum
1395 946 1459 979 est

316 1010 510 1052 Primum
530 1009 611 1066 ipsi
632 1009 709 1050 tibi
720 1025 732 1059 3
764 1016 856 1050 tum
876 1017 950 1051 tua
969 1025 1037 1051 me
1058 1009 1287 1051 infortunia
1306 1009 1475 1052 laedent.

314 1081 521 1138 Telephe,
543 1081 611 1123 vel
634 1081 779 1132 Peleu,
802 1081 912 1123 male
934 1082 969 1123 si
989 1081 1190 1123 mandata
1208 1081 1407 1138 loqueris,

198 1159 280 1198 105
313 1156 404 1197 Aut
423 1154 675 1205 dormitabo,
699 1162 772 1196 aut
792 1154 955 1196 ridebo.

191 1283 227 1314 id
344 1282 378 1314 ui
401 1288 511 1320 tentat,
537 1288 574 1314 ut
598 1282 742 1314 animum
771 1283 963 1322 spectatoris,

192 1326 336 1369 querelas
373 1326 550 1363 fundendo,
591 1332 710 1367 tangat,
751 1326 838 1356 haud
877 1337 963 1358 nunc

194 1370 422 1412 magniloquus
450 1371 544 1401 verba
571 1369 740 1411 grandiora
764 1370 874 1410 jactat,
910 1370 966 1401 sed

190 1424 268 1446 voce
302 1414 435 1455 querula
472 1421 504 1445 et
542 1413 696 1444 submissa
732 1413 965 1445 miserationem

194 1466 322 1489 movere
336 1457 452 1488 studet.

236 1511 265 1532 v.
299 1499 353 1532 94.
386 1502 468 1532 delie.
494 1518 540 1526 —
560 1498 713 1540 particula
741 1502 779 1531 de
806 1500 842 1530 in
870 1501 965 1531 verbo

192 1545 368 1585 composito
387 1546 545 1585 delitignre
566 1544 729 1575 notionem
751 1550 858 1584 auget,
874 1550 912 1575 ut
925 1544 966 1575 sit

190 1589 276 1620 fere:
313 1588 516 1619 vehementer
538 1593 571 1618 et
594 1587 634 1618 ad
665 1587 838 1617 satietatem
862 1597 964 1628 usque

191 1631 337 1674 litigare;
360 1631 405 1662 sic
426 1633 581 1669 desaevire,
604 1641 682 1662 nos:
707 1632 845 1667 abtohen,
869 1641 965 1671 supra

191 1675 257 1716 Ep.
277 1675 306 1705 1.
327 1674 357 1706 3.
378 1673 429 1706 14«.

234 1730 265 1750 v.
279 1717 331 1749 95.
352 1719 514 1760 Tragic‘us,
527 1728 667 1758 persona,
683 1727 755 1759 quae
769 1717 967 1758 queribunda

190 1762 227 1793 in
262 1762 415 1804 tragoedia
444 1761 627 1799 inducitur;
665 1761 710 1792 sic
743 1762 881 1798 Orestes,
911 1761 967 1801 qui

130 1804 132 1806 ’
191 1806 302 1837 furens
318 1806 352 1836 in
373 1804 526 1847 tragoedia
551 1804 722 1841 inducitur,
746 1806 885 1845 tragicus
910 1815 966 1843 ap-

189 1849 337 1890 pellatur.
387 1849 454 1880 Cic.
483 1849 518 1878 in
542 1848 648 1879 Pison.
676 1858 704 1878 c.
728 1847 781 1879 20.
834 1849 965 1888 Tragico

190 1895 240 1925 illo
259 1895 363 1926 Oreste
376 1898 435 1924 aut
450 1893 642 1923 Athamante
655 1893 833 1923 dementior.

236 1947 264 1966 v.
299 1935 352 1967 96.
398 1937 558 1976 Telephus,
589 1934 675 1965 filius
705 1934 869 1971 Herculis,
909 1944 963 1965 rex

193 1980 322 2021 Mysiae,
349 1989 425 2011 cum
447 1978 574 2015 vulnus,
596 1978 682 2019 quod
705 1980 744 2010 ab
772 1978 898 2009 Achille
912 1988 965 2008 ac-

192 2030 327 2064 ceperat,
357 2022 535 2053 secundum
565 2021 683 2053 oraculi
724 2022 866 2058 effatum,
904 2021 964 2051 nisi

191 2067 273 2098 illud
299 2066 411 2097 eadem
431 2067 529 2096 hastae
556 2065 695 2105 cuspide,
722 2076 786 2107 qua
807 2063 964 2095 inflictum

190 2117 283 2149 esset,
309 2115 501 2151 tangeretur,
524 2109 627 2139 sanari
649 2119 714 2139 non
735 2115 850 2149 posset,
867 2114 967 2139 castra

194 2153 333 2186 Achillis
354 2153 440 2191 adiit,
465 2159 496 2183 et
517 2153 598 2183 hanc
620 2152 744 2183 veniam
759 2154 799 2183 ab
814 2162 852 2183 eo
865 2151 964 2192 petiit,

193 2206 226 2229 et
247 2197 376 2238 quidem
394 2207 527 2237 pauper,
551 2196 581 2225 h.
601 2206 629 2227 e.
658 2196 764 2226 miseri
788 2201 820 2227 et
845 2195 966 2234 suppli-

192 2242 293 2273 cantis
316 2241 453 2281 speciem
482 2249 548 2279 prae
573 2250 606 2269 se
636 2239 749 2270 ferens.
841 2241 963 2277 Peleus,

192 2285 278 2316 filius
301 2284 404 2321 AEaci,
427 2285 468 2314 ob
489 2282 616 2313 fratrem
643 2282 799 2320 Phocum,
815 2293 834 2313 a
855 2293 889 2312 se
903 2293 965 2313 cae-

193 2339 277 2367 sum,
294 2328 396 2359 solum
412 2332 532 2358 vertere
553 2331 585 2356 et
606 2336 645 2356 ex
668 2326 768 2366 patria
795 2326 917 2367 AEgina
930 2325 966 2356 in

195 2371 394 2404 Thessaliam
407 2371 518 2412 fugere
540 2375 666 2400 coactus
691 2377 756 2409 est3
781 2370 855 2400 hinc
881 2371 967 2402 exsul

194 2415 320 2447 dicitur.

236 2469 266 2490 v.
294 2458 347 2489 97.
374 2457 503 2498 Prffcit
525 2456 741 2498 (ἀποβάλλει),
773 2455 888 2498 abjicit,
916 2466 965 2487 re-

189 2503 268 2545 jicit,
285 2508 436 2538 removet,
452 2500 582 2540 deponit
596 2502 760 2541 ampullas,
786 2501 851 2531 sive
872 2500 966 2531 absti-

193 2553 250 2578 net
270 2547 311 2577 ab
332 2546 489 2586 ampullis.
564 2545 715 2583 ampulla,
736 2543 860 2584 proprie
882 2543 965 2584 lecy-

192 2591 278 2626 thus,
305 2599 359 2620 vas
386 2593 523 2630 angusto
546 2586 638 2624 collo,
666 2587 721 2618 sed
742 2593 850 2617 ventre
872 2596 964 2626 capa-

194 2634 279 2666 ciore
303 2639 337 2664 et
357 2631 495 2673 turgido,
518 2631 553 2661 in
574 2640 640 2671 quo
654 2630 760 2660 oleum
774 2630 919 2670 inprimis
933 2636 964 2662 et

194 2683 321 2708 acetum
344 2674 458 2708 servari
479 2674 608 2706 solebat.
658 2674 712 2704 Ab
734 2674 793 2704 hac
818 2675 964 2714 ampullae

192 2721 305 2757 forma,
321 2719 448 2761 turgida
463 2725 495 2749 et
509 2717 616 2748 inflata
636 2716 737 2758 quasi,
752 2717 900 2747 translate
915 2716 963 2747 di-

194 2770 312 2795 cuntur
348 2763 497 2804 ampullae
531 2762 625 2792 verba
655 2759 794 2801 turgida,
825 2766 961 2797 ventosa,

195 2806 374 2848 magnifica,
401 2805 515 2847 quibus
537 2805 602 2836 fere
623 2814 656 2835 se
665 2804 788 2845 jactant
802 2803 973 2844 grandilo-⁶

195 2851 273 2892 qui;
296 2850 371 2881 hinc
385 2859 480 2889 supra
496 2848 598 2889 Epist.
618 2848 647 2879 Ι.
665 2846 697 2879 3.
717 2845 767 2878 14⁴.
780 2848 961 2887 ampullari,

195 2893 467 2935 magniloquentia
487 2892 652 2932 superbius
670 2898 702 2922 et
721 2890 906 2922 insolentius
927 2901 960 2921 se

195 2937 314 2968 efferre.

237 2991 265 3010 v.
284 2980 337 3010 98.
363 2981 535 3022 ajoeccamis,
551 2989 624 3011 nam
647 2977 781 3021 quereliS
800 2976 959 3009 miserabi-

1019 1154 1180 1196 Tristia
1200 1162 1398 1196 moestum
1427 1175 1430 1178 ·

1006 1283 1077 1315 liter
1116 1283 1195 1314 fusis
1232 1287 1443 1323 speetatorum
1476 1294 1603 1326 quoque
1631 1290 1777 1316 movetur

1007 1337 1145 1358 animus.

1052 1381 1079 1401 v.
1093 1369 1254 1401 99-118.
1273 1372 1423 1403 Octavum
1434 1373 1630 1412 Praecepeum
1639 1386 1650 1403 .·
1669 1377 1688 1391 “
1702 1372 1779 1403 Non

1009 1414 1134 1451 sufficit,
1158 1414 1297 1445 cannina
1317 1415 1448 1454 pulchre
1472 1421 1504 1445 et
1529 1415 1687 1455 eleganter
1712 1426 1778 1446 esse

1009 1458 1135 1497 scripta,
1151 1457 1206 1487 sed
1221 1468 1258 1488 ea
1271 1454 1368 1488 simul
1383 1458 1428 1488 vis
1451 1464 1484 1488 et
1506 1457 1604 1489 virtus
1624 1458 1663 1488 iis
1683 1459 1777 1489 insita

1008 1502 1049 1532 sit
1070 1511 1195 1531 necesse
1210 1507 1267 1538 est,
1282 1510 1328 1538 ut,
1344 1501 1637 1542 quocunquewelis,
1653 1501 1775 1532 animos

1007 1544 1124 1581 flectas,
1137 1554 1251 1585 eosque
1265 1551 1322 1575 aut
1335 1544 1443 1575 dolore
1456 1551 1488 1574 et
1501 1544 1626 1576 tristitia
1639 1544 1776 1584 oppleas,

1007 1595 1039 1619 et
1054 1587 1239 1625 confundas,
1254 1595 1310 1619 aut
1323 1587 1410 1618 dulci
1425 1587 1464 1618 de
1479 1589 1572 1618 rebus
1586 1588 1666 1619 laetis
1681 1599 1776 1619 sensu

1007 1631 1179 1672 perfundas
1204 1638 1298 1672 atque
1323 1631 1463 1662 delinias.
1506 1631 1620 1663 Verbis
1647 1641 1778 1671 respon-

1008 1675 1083 1706 dere
1097 1674 1190 1705 debet
1203 1675 1310 1706 vultus
1324 1674 1366 1705 ad
1378 1674 1496 1711 omnia,
1511 1685 1584 1716 quae
1605 1674 1707 1706 verbis
1720 1686 1776 1707 ex-

1008 1719 1200 1758 primuntur,
1220 1717 1422 1758 compositus.
1471 1718 1579 1749 Poetae
1603 1727 1696 1760 porro
1719 1726 1775 1755 est,

1007 1768 1046 1792 ut
1067 1771 1224 1801 personas,
1240 1772 1319 1802 quas
1335 1760 1490 1800 producit,
1505 1761 1600 1801 plane
1614 1761 1654 1792 ad
1667 1771 1776 1792 earum

1008 1812 1165 1841 naturam,
1182 1804 1348 1846 ingenium
1363 1811 1396 1835 et
1409 1815 1512 1836 mores
1524 1805 1623 1846 loqui,
1637 1815 1732 1847 agere
1745 1811 1778 1836 et

1010 1858 1043 1879 se
1057 1858 1166 1889 gerere
1175 1848 1323 1889 jubeat-’⁹

1055 1902 1082 1922 v.
1101 1890 1174 1922 102.
1187 1893 1339 1923 Humani
1351 1893 1466 1930 tultus,
1481 1892 1589 1923 vultus
1597 1891 1774 1930 hominurn,

1007 1935 1213 1966 humanitatis
1226 1945 1355 1966 sensum
1372 1936 1591 1975 exprimentes.
1639 1935 1776 1966 Notissi-

1006 1989 1097 2009 mum
1113 1985 1160 2009 est
1181 1979 1263 2009 illud
1286 1978 1446 2010 Terentiiz
1479 1981 1583 2012 Homo
1607 1991 1688 2018 sum,
1715 1981 1775 2011 ku-

1008 2024 1095 2054 mam'
1109 2023 1189 2053 nihil
1202 2034 1221 2053 a
1237 2034 1287 2054 me
1302 2024 1442 2054 alienum
1452 2030 1538 2063 puto.

1050 2077 1080 2096 v.
1102 2064 1174 2096 103.
1188 2077 1238 2097 me
1250 2067 1374 2102 laedene,
1389 2076 1442 2096 me
1455 2067 1681 2106 perturbabunt
1695 2072 1727 2097 et
1741 2065 1774 2096 in

1009 2108 1125 2140 doloris
1139 2109 1318 2140 societatem
1333 2110 1468 2140 trahent.
1673 2142 1676 2144 μ

1052 2163 1082 2183 v.
1102 2150 1174 2183 104.
1209 2154 1350 2194 Telephe,
1375 2154 1422 2184 vel
1446 2154 1555 2191 Peleu,
1576 2154 1658 2184 male
1678 2154 1708 2184 xi
1728 2164 1771 2183 m.

1009 2198 1106 2237 loqu.,
1122 2196 1275 2236 particula
1288 2198 1370 2228 male
1390 2205 1456 2227 non
1469 2207 1544 2227 cum
1558 2195 1702 2236 pluribus
1717 2196 1774 2226 In.

1007 2240 1195 2279 terpretibus
1219 2239 1260 2270 ad
1285 2242 1445 2277 mandata,
1471 2241 1503 2270 h.
1521 2249 1549 2270 e.
1574 2238 1615 2270 ad
1637 2245 1772 2279 poetam.

1008 2284 1063 2325 qui
1078 2283 1161 2314 male
1175 2290 1279 2323 partes
1291 2282 1462 2320 mandavit,
1478 2282 1543 2319 sed,
1559 2288 1597 2313 ut
1613 2283 1774 2323 sequentia

1009 2326 1083 2357 satis
1105 2327 1228 2363 docent,
1253 2326 1293 2357 ad
1315 2328 1457 2367 loqueris.
1480 2326 1521 2365 ad
1545 2331 1693 2363 actorem,
1717 2326 1774 2367 qui

1007 2370 1171 2401 mandatas
1199 2376 1302 2410 partes
1327 2370 1412 2400 male
1436 2369 1578 2407 sustinet,
1608 2369 1772 2400 referenda

1008 2420 1066 2444 est.
1105 2413 1179 2445 Sine
1194 2413 1291 2444 dubio
1307 2412 1463 2444 Horatius
1476 2412 1611 2452 respexit
1620 2412 1772 2450 fabulam,

1008 2457 1043 2487 in
1053 2467 1116 2499 qua
1129 2456 1298 2497 Telephus,
1310 2464 1347 2487 ut
1357 2456 1488 2496 supplex
1497 2456 1531 2486 in
1542 2455 1649 2487 castris
1660 2457 1772 2487 Achil-

1009 2500 1056 2536 lis,
1073 2506 1105 2531 et
1122 2500 1248 2537 Peleus,
1263 2506 1301 2530 ut
1315 2498 1403 2530 exsul
1419 2499 1497 2542 (vid.
1516 2509 1545 2529 v-
1559 2498 1642 2540 96.),
1657 2500 1773 2539 primas

1009 2550 1112 2584 partes
1140 2543 1240 2584 egisse
1267 2543 1422 2574 videntur.
1482 2542 1637 2574 Horatius
1662 2543 1769 2585 igitur,

1008 2588 1100 2628 cujus
1122 2586 1195 2618 data
1215 2587 1249 2616 in
1264 2587 1323 2617 hac
1340 2585 1486 2625 Epistola
1509 2585 1678 2618 Pisonibus
1692 2597 1772 2627 prae-

1008 2637 1098 2670 cepta
1110 2630 1280 2660 maximam
1302 2635 1421 2670 partem
1443 2636 1585 2670 spectant
1604 2629 1644 2661 ad
1664 2637 1772 2670 poeta-

1006 2684 1079 2704 rum
1093 2680 1158 2704 tam
1167 2674 1370 2710 comicorum,
1383 2683 1479 2714 quam
1490 2673 1681 2714 tragicorum
1696 2673 1772 2705 vitia

1005 2717 1100 2748 latius
1120 2716 1275 2758 latiusque
1296 2716 1460 2755 serpentia,
1490 2727 1554 2747 non
1576 2727 1614 2747 ea
1634 2724 1770 2755 tantum,

1005 2771 1078 2802 quae
1097 2760 1207 2801 poetis,
1232 2759 1287 2791 sed
1312 2760 1406 2791 etiam
1428 2759 1494 2797 illa,
1521 2770 1594 2801 quae
1615 2761 1771 2792 actoribus

1005 2803 1195 2835 observanda
1209 2809 1241 2834 et
1254 2803 1431 2844 peragenda
1444 2803 1516 2841 sint,
1529 2811 1564 2834 ut
1575 2804 1723 2846 magister
1737 2811 1770 2836 et

1005 2848 1120 2879 arbiter
1140 2847 1252 2877 harum
1267 2857 1372 2877 rerum
1393 2847 1598 2887 peritissimus
1622 2848 1769 2888 proponit

1003 2897 1036 2921 et
1056 2889 1205 2931 praecipit.

1048 2946 1076 2965 v.
1098 2933 1170 2965 107.
1200 2935 1389 2971 Ludentem,
1412 2944 1462 2965 res
1483 2934 1618 2966 ludicras
1631 2940 1767 2968 tractan-

1002 2983 1078 3015 tem,
1090 2978 1260 3020 jocantem,
1275 2977 1402 3009 delicias
1414 2978 1593 3010 facientem.
