1904 3250
215 158 303 204 ‘142

846 163 1152 206 HORATII

1555 161 1778 217 ⁷[L11'3J'nr.

332 290 520 346 Derepta
540 290 623 331 vidi
642 307 649 330 :
683 288 767 330 vidi
790 304 869 346 ego
890 284 1042 330 civium

335 360 509 402 Retorta
528 368 646 416 tergo
667 358 840 400 brachia
859 358 992 399 libero
1009 374 1018 398 ι

451 428 680 483 Portasque
702 441 787 467 non
809 425 957 476 clusas,
979 434 1021 467 et
1040 440 1141 466 arva

565 498 705 540 Marte
727 497 807 539 coli
826 497 1026 554 populata
1045 505 1200 539 nostro.
1226 499 1228 502 ’

242 573 301 610 25
333 570 452 610 Auro
467 582 668 623 repensus
689 566 846 608 scilicet
865 567 1001 607 acrior

335 637 463 678 Miles
484 635 648 677 redibit.

715 634 893 692 Flagitio
914 634 1066 676 additis

448 708 676 749 Damnum.
739 707 887 764 Neque
908 708 1082 749 amissos
1103 707 1264 749 colores

563 777 683 819 Lana
703 777 831 818 refert
850 776 1056 819 medicata
1074 776 1185 827 fuco,

334 851 423 893 Nec
444 866 542 892 vera
561 852 705 902 virtus,
729 866 859 908 quum
879 851 1007 892 semel
1029 850 1197 900 excidit,

245 925 300 962 30
333 920 466 962 Curat
486 920 632 976 reponi
653 919 942 961 deterioribus.

450 993 494 1035 Si
514 1001 674 1050 pugnat
695 993 897 1034 extricata
917 992 1055 1033 densis

567 1062 703 1104 Cerva
722 1062 856 1120 plagis
873 1079 882 1102 z
914 1062 993 1103 erit
1012 1061 1082 1103 ille
1102 1061 1232 1111 fortis,

335 1133 421 1183 Qui
441 1132 614 1188 perfidis
636 1147 679 1173 se
701 1131 878 1173 credidit
898 1131 1110 1181 hostibus3

335 1202 391 1245 Et
414 1201 555 1244 Marte
580 1202 733 1243 Poenos
754 1210 941 1257 proteret
962 1201 1105 1252 altero,

246 1278 302 1317 35

451 1273 537 1324 Qui
558 1274 648 1316 lora
669 1273 866 1316 restrictis
887 1273 1051 1316 lacertis

568 1346 704 1387 Sensit
724 1346 849 1395 iners,
872 1345 1092 1401 timuitque
1112 1353 1302 1387 mortem.

205 1481 314 1519 ·enim,
344 1487 382 1512 ut
408 1481 482 1512 satis
509 1487 637 1519 constat,
662 1481 760 1521 spolia
781 1481 917 1512 hostium
941 1487 977 1511 ut

216 1525 393 1565 ἀναθήματα
421 1525 454 1555 in
478 1524 665 1564 templorum
693 1525 824 1566 fastigiis
848 1534 977 1564 suspen-

204 1567 290 1601 -dere
317 1567 466 1599 solebant.
554 1570 620 1599 sine
648 1571 737 1606 caede,
773 1568 906 1610 graviter
937 1567 977 1598 de

203 1611 368 1642 -militibus
389 1612 519 1653 ignavis,
542 1612 596 1653 qui
615 1622 673 1642 nec
695 1613 816 1643 hostem
841 1611 974 1647 caedunt,

206 1665 276 1686 -nec
291 1655 330 1686 ab
351 1665 390 1686 eo
411 1654 584 1693 ceduntur,
607 1654 661 1686 sed
681 1655 747 1686 sine
764 1655 849 1686 caede
872 1654 976 1685 statim

203 1698 298 1729 -hosti
325 1708 358 1729 se
390 1698 520 1729 dedunt.
623 1700 736 1730 civium
764 1705 847 1739 tergo
875 1699 976 1735 libero,

216 1751 274 1782 pro
287 1742 429 1783 vulgari:
455 1748 544 1783 tergo
557 1741 725 1773 liberorum
734 1742 870 1780 civium;
892 1741 978 1782 quod

206 1790 325 1816 -autem
350 1785 496 1827 Regulus
515 1795 549 1816 se
574 1786 685 1816 liberos
705 1786 786 1816 cives
818 1786 979 1816 Romanos

209 1829 362 1863 .manibus
376 1829 407 1858 in
431 1834 553 1869 tergum
573 1829 718 1860 revinctis
734 1829 845 1860 vidisse
870 1829 924 1865 ait,
946 1828 978 1858 id

202 1882 291 1903 -cum
305 1872 653 1903 contumeliosissimum
669 1874 843 1910 haberetur,
855 1872 894 1903 ad
912 1873 978 1903 Ro-

204 1925 383 1947 ,manorum
396 1915 518 1946 animos
532 1916 759 1947 exacerbandos
783 1917 908 1958 egregie
927 1926 979 1946 ac-

202 1959 450 1990 ‚commodatum
471 1966 527 1990 est.
618 1962 788 2002 Portasque
810 1971 874 1991 non
898 1960 974 1990 clus.

203 2008 247 2034 -et
274 2014 337 2034 arv.
364 2004 417 2034 col.
466 2002 639 2044 Vulgarem
670 2003 874 2035 senteutiam:
918 2008 980 2033 “et

203 2046 501 2087 -Carthaginienses‚
531 2046 610 2076 nihil
639 2047 800 2078 Romanos
824 2052 977 2084 curantes,

205 2089 250 2119 :in
271 2099 395 2120 summa
412 2091 575 2120 securitate
597 2091 732 2128 vivere‚”
754 2085 840 2121 s'uavi
863 2091 979 2120 securi-

203 2133 287 2163 -tatis
308 2133 446 2174 imagine
467 2133 682 2172 adumbravit;
707 2134 762 2165 ubi
786 2133 871 2164 enim
892 2133 978 2164 urbis

205 2175 349 2217 .alicujus
360 2176 469 2207 incolae
484 2177 603 2207 hostem
619 2188 683 2208 non
697 2177 818 2215 timent,
833 2177 876 2208 ibi
890 2186 977 2216 aper-

216 2219 256 2251 tis
283 2219 379 2259 portis
408 2220 502 2250 libere
531 2227 562 2251 et
594 2230 700 2252 secure
729 2221 811 2263 agris
840 2220 978 2252 colendis

203 2272 342 2303 -opmm
377 2262 450 2293 dare
485 2263 596 2294 solent.
693 2267 844 2306 populata
874 2266 978 2295 Marte

208 2312 328 2342 ,nostr-o,
358 2307 503 2347 Regulus
524 2308 607 2337 enim
635 2314 708 2339 ante
735 2307 975 2350 ignominioeam

207 2350 301 2381 illam
314 2349 444 2386 cladem,
461 2361 556 2390 quam
578 2350 714 2382 militum
736 2361 865 2382 suorum
887 2351 976 2392 igna-

215 2393 404 2433 viaaccepit,
420 2393 580 2432 splendide
601 2395 873 2437 Carthaginienses
893 2395 974 2425 vice-

207 2442 273 2473 :rat,
294 2443 326 2468 et
346 2447 454 2467 eorum
476 2447 566 2478 agros
587 2448 686 2478 usque
711 2438 752 2469 ad
780 2437 976 2479 Carthaginis

216 2480 282 2512 fere
293 2489 400 2512 muros
413 2479 620 2520 depopulatus
632 2481 743 2512 fuerat.

259 2534 288 2554 v.
315 2522 453 2555 25—36.
481 2525 602 2562 scilicet,
622 2525 781 2567 eleganter
801 2526 859 2556 hac
880 2524 975 2565 parti-

214 2567 288 2598 cula
301 2573 443 2603 utuntur,
458 2567 522 2608 qui,
538 2567 623 2609 quod
644 2568 687 2599 ita
711 2579 788 2606 esse,
813 2569 862 2599 vel
886 2568 973 2598 futu-

210 2621 286 2642 rum
308 2620 384 2647 esse,
406 2610 456 2641 vel
483 2610 550 2641 fieri
578 2612 707 2643 omnino
736 2622 825 2652 posse
847 2618 973 2653 negant,

211 2664 289 2685 cum
303 2664 457 2685 sarcasmo
473 2653 610 2695 quodam
632 2655 806 2687 adfirmant.
896 2667 974 2687 auro

213 2708 370 2738 repensus,
399 2697 581 2740 exquisitius
607 2708 683 2738 pro:
729 2709 807 2731 auro
838 2709 976 2739 appenso

213 2741 382 2772 redemtus.
470 2742 604 2782 Flagiaeio
625 2744 737 2773 additis
761 2745 915 2774 damnum
938 2743 970 2772 h.

212 2795 241 2814 e.
260 2783 416 2826 flagitium
429 2785 470 2816 ab
482 2785 603 2826 ignavis
615 2785 767 2816 militibus
788 2787 822 2816 in
843 2785 975 2826 patriam

212 2827 415 2859 commissum
440 2827 592 2870 augebitis
612 2828 737 2866 damno,
764 2830 790 2859 si
815 2840 868 2860 eos
892 2829 974 2860 redi-

214 2871 319 2909 mitis;
384 2874 536 2904 damnum
549 2878 732 2903 autemnam
753 2872 784 2902 in
807 2871 973 2903 redemtio-

206 2914 262 2944 „nis
275 2914 384 2953 pretio,
399 2915 484 2956 quod
500 2915 654 2956 perdatur,
671 2925 764 2956 quam
780 2916 813 2945 in
835 2915 973 2946 timenda

210 2957 325 2988 abhoc
340 2969 434 2998 pravo
448 2958 591 3000 exemplo
600 2958 740 2999 antiquae
762 2959 883 2989 virtutis
906 2970 972 2990 cor-

1007 2697 1126 2738 .reponi
1140 2697 1264 2737 patitur.

1006 2742 1154 2773 *Sensusz
1189 2740 1223 2771 Si
1248 2741 1315 2772 fieri

1018 1480 1142 1520 ruptela
1168 1480 1349 1520 ponendum
1378 1486 1435 1512 est.
1539 1482 1650 1525 Neque
1675 1485 1776 1516 amas.

1021 1527 1075 1556 col.
1094 1526 1188 1556 Lana
1209 1524 1268 1566 τᾷ.
1292 1526 1370 1555 med.
1387 1525 1464 1566 suc.
1483 1526 1553 1557 Nec
1579 1533 1650 1558 cett.
1699 1527 1781 1558 Vul—

1019 1578 1125 1609 garem
1139 1567 1342 1598 sententiam:
1369 1571 1390 1588 “
1404 1568 1680 1604 Quemadmodum
1698 1570 1780 1602 lanae

1019 1611 1124 1642 tinctae
1138 1620 1204 1642 non
1218 1610 1338 1642 restitui
1350 1618 1454 1651 potest
1467 1612 1615 1652 pristinus
1627 1613 1714 1645 color
1731 1615 1780 1645 vel

1020 1654 1145 1692 candor,
1175 1654 1220 1684 ita
1245 1663 1303 1685 nec
1331 1655 1428 1687 virtus
1456 1655 1489 1686 in
1517 1657 1660 1687 animum
1684 1658 1782 1688 semel

1018 1704 1201 1739 corruptum
1215 1697 1296 1728 redit
1306 1698 1340 1736 ;’'
1363 1698 1413 1729 vel
1433 1698 1573 1731 brevius:
1599 1704 1624 1726 ’ί
1631 1710 1696 1738 non
1717 1701 1781 1732 elui

1019 1748 1122 1782 potest
1155 1751 1195 1772 ex
1225 1740 1331 1772 animo
1358 1741 1482 1780 vitium,
1510 1753 1575 1785 quo
1602 1744 1699 1776 semel
1726 1744 1782 1775 ille

1020 1785 1161 1816 imbutus
1188 1785 1238 1815 vel
1265 1784 1400 1816 infectus
1427 1785 1508 1823 est‚”
1537 1786 1662 1829 egregie
1688 1793 1782 1828 poeta

1021 1828 1190 1860 exornavit.
1273 1830 1414 1860 medicat.
1428 1846 1472 1854 —
1482 1832 1644 1867 medicare,
1659 1838 1696 1862 ut
1710 1838 1783 1874 φας-

1021 1874 1139 1913 μάσσειν
1154 1871 1238 1912 apud
1255 1872 1392 1909 Graecoe,
1417 1873 1531 1912 passim
1551 1883 1625 1913 pro:
1650 1874 1781 1915 tingere,

1022 1915 1168 1954 inficere3
1193 1915 1237 1946 sic
1250 1917 1438 1948 medicatum
1459 1918 1553 1949 vellus
1573 1919 1676 1950 ahenis
1692 1918 1783 1957 'apud

1024 1958 1118 1991 Ovid.
1150 1959 1244 1990 Rem.
1276 1959 1352 1990 Am.
1382 1958 1457 1991 707.
1527 1961 1605 2002 fic.
1620 1968 1666 1986 '——
1676 1961 1782 2004 fisus

1023 2002 1142 2045 (φῦκος)
1170 2003 1266 2034 herba
1292 2002 1423 2042 marina,
1453 2003 1545 2046 cujus
1571 2013 1666 2035 succo

1021 2056 1162 2087 purpura
1192 2045 1352 2088 tingenda,
1388 2046 1527 2087 primum
1554 2047 1655 2079 imbui
1678 2049 1777 2090 (noaz

1019 2092 1192 2131 gegrv'a‘ndet
1211 2102 1251 2122 zu
1275 2089 1414 2130 werden)
1437 2090 1564 2128 solebat,
1593 2098 1631 2122 ut
1650 2091 1695 2122 sic
1716 2097 1780 2121 tam

1020 2132 1201 2173 accipiendo
1227 2143 1323 2175 quam
1351 2133 1482 2165 firmiter
1514 2134 1651 2165 tenendo
1684 2134 1782 2165 colori

1019 2186 1178 2217 purpureo
1190 2182 1434 2217 praeparat-etun
1457 2176 1518 2208 vid.
1536 2178 1660 2217 Boettig.
1684 2176 1724 2208 ad
1745 2178 1777 2208 h.

1021 2221 1042 2252 1.
1061 2226 1093 2251 et
1106 2230 1184 2261 quos
1197 2220 1303 2251 laudat
1323 2222 1414 2252 Gesn.
1432 2219 1471 2251 ad
1490 2219 1619 2256 Quium.
1646 2231 1677 2261 p.
1702 2219 1777 2251 634.

1021 2270 1053 2295 et.
1066 2265 1262 2296 Beckmanni
1275 2266 1431 2304 Beytriige
1445 2275 1503 2296 zur
1532 2265 1706 2296 Geschicltte
1726 2267 1781 2296 der

1019 2309 1146 2350 Erfind.
1166 2306 1206 2337 T.
1225 2307 1253 2337 1.
1273 2317 1304 2346 p.
1321 2305 1386 2337 336
1399 2316 1482 2348 seqq.
1551 2308 1657 2350 refert,
1673 2307 1781 2339 denuo

1018 2349 1163 2387 ostendit,
1178 2349 1296 2389 recipit.
1384 2352 1508 2382 amissos
1522 2351 1643 2388 colores,
1664 2350 1780 2382 cando-

1017 2404 1084 2425 rem
1098 2399 1183 2433 puta.
1273 2399 1363 2425 curat
1388 2396 1494 2435 repom·
1515 2396 1652 2426 deterior.
1680 2394 1780 2426 redire

1017 2437 1105 2477 cupit
1117 2436 1151 2467 in
1166 2442 1290 2476 pectora
1303 2446 1422 2475 eorum,
1442 2436 1498 2479 qui
1518 2438 1686 2469 deteriores
1704 2437 1779 2469 facti

1017 2487 1112 2518 sunt;
1146 2480 1317 2511 sententia:
1367 2480 1435 2518 Qui
1457 2480 1552 2512 semel
1574 2491 1594 2514 a
1615 2490 1695 2512 veroe
1717 2481 1782 2512 vir-

1017 2524 1094 2556 tutis
1107 2522 1212 2554 studio
1232 2530 1434 2562 recesserunt,
1455 2530 1488 2555 et
1507 2524 1632 2566 ignavia
1655 2534 1689 2554 se
1711 2533 1780 2555 cm·-

1017 2566 1121 2608 rumpi
1142 2566 1224 2607 passi
1245 2573 1329 2604 sunt,
1355 2567 1377 2597 ii
1405 2571 1569 2608 nunquam
1596 2566 1637 2599 ad
1663 2568 1778 2599 bonam

1016 2611 1142 2653 frugem
1156 2621 1189 2641 se
1203 2610 1361 2650 recipient,
1377 2611 1431 2642 sed
1445 2621 1503 2651 pro
1515 2609 1643 2651 perditis
1661 2610 1779 2642 haben-

1017 2655 1051 2686 di
1071 2661 1154 2685 sunt.
1243 2661 1334 2686 curat
1357 2655 1476 2695 reponi,
1498 2663 1556 2694 pro
1579 2653 1720 2695 vulgarit
1746 2665 1780 2686 se

1355 2700 1388 2729 Si
1509 2703 1523 2729 t
1534 2699 1680 2729 extricata
1701 2703 1775 2730 cett.

1479 2746 1517 2771 ut
1544 2750 1634 2772 cerva
1661 2741 1778 2773 retibus

1015 2784 1162 2826 expedita
1173 2784 1373 2816 timiditatem
1386 2794 1474 2815 suam
1490 2783 1634 2824 deponat,
1649 2790 1682 2815 et
1697 2784 1778 2815 forte

1016 2828 1131 2860 animal
1159 2827 1288 2866 evadat3
1327 2834 1398 2858 tum
1425 2827 1494 2858 fieri
1529 2837 1654 2869 quoque
1687 2837 1779 2868 posse

1016 2871 1209 2907 crediderim,
1225 2878 1262 2902 ut
1277 2871 1390 2902 milites
1411 2870 1508 2902 nostri
1529 2870 1644 2912 ignavi,
1664 2871 1721 2913 qui
1743 2881 1776 2901 se

1015 2915 1083 2956 capi
1098 2921 1130 2946 et
1142 2914 1250 2946 vinciri
1271 2915 1351 2955 passi
1372 2921 1448 2946 sunt
1468 2915 1508 2946 ab
1532 2914 1681 2953 hostibus,
1706 2923 1777 2950 eva÷

1006 2959 1092 2990 ,dant
1112 2958 1169 2990 viri
1198 2958 1302 2997 fortes,
1324 2964 1356 2989 et
1379 2967 1461 2990 novo
1483 2957 1590 2998 praelio
1613 2956 1776 2999 Carthagi—
