1904 3250
167 130 263 171 ,518

744 164 749 168 Γ
808 127 1118 172 HORATII

1535 137 1537 139 ·
1568 130 1682 179 [ΜΒ.
1698 140 1748 168 11.

298 254 430 296 Mane
451 255 578 296 domo
598 253 785 311 vigilare,
803 252 944 294 clienti
963 250 1158 309 promere
1171 255 1282 310 jura,
1335 259 1338 262 ’

183 326 264 366 105

299 324 457 366 Cautos
479 323 718 365 nominibus
739 322 864 363 rectis
885 322 1128 378 expendere
1147 338 1354 375 nummos,

297 395 486 453 Majores
507 395 668 446 audire,
690 395 844 436 minori
864 394 1018 446 dicere,
1039 410 1116 452 per
1137 411 1232 453 quae

299 465 501 507 Crescere
513 479 589 510 ,res
610 472 765 520 posset,
788 463 922 505 minui
942 464 1145 506 damnosa
1164 464 1309 506 libido.

299 537 486 579 Mutavit
506 544 691 578 mentem
710 536 895 593 populus
915 536 1018 578 levis
1039 545 1082 578 et
1101 536 1210 579 calet
1229 552 1316 578 uno

298 606 522 650 Scribendi
542 607 707 649 studio:
731 607 945 664 *puerique
965 615 1190 664 patresque
1212 608 1346 650 severi

184 683 264 722 110

298 679 468 722 Fronde
490 696 631 733 comas
652 681 781 731 vincti
802 688 982 731 coenant,
1006 689 1047 722 et
1068 681 1254 722 carmina
1274 680 1446 723 dictant.

299 752 397 808 Ipse
419 769 512 811 ego,
536 754 609 810 qui
629 753 857 795 nullosme
878 753 1041 810 affirmo
1062 753 1245 795 scribere
1265 768 1424 804 versus,

297 825 497 866 Invenior
520 825 690 867 Parthis
711 826 955 867 mendacior
967 842 978 876 ;
1010 833 1052 867 et
1070 826 1188 882 prius
1209 833 1304 867 orto

298 895 409 946 Sole,
432 896 534 954 vigil
555 896 826 940 calamumet
847 896 1012 938 chartas
1033 905 1075 938 et
1095 897 1249 938 scrinia
1266 911 1410 953 posco.

298 967 463 1010 Navem
484 983 610 1026 agere
631 969 803 1026 ignarus
823 969 940 1010 navis
962 970 1103 1019 timet3
1135 969 1387 1011 abrotonum
1407 983 1524 1027 aegro

184 1043 264 1081 115

297 1039 398 1082 Non
419 1040 560 1091 audet,
583 1041 664 1082 nisi
686 1041 758 1098 qui
779 1041 940 1092 didicit,
963 1041 1065 1083 dare
1082 1057 1091 1081 :
1124 1041 1240 1098 quod
1258 1040 1520 1083 medicorum
1541 1047 1618 1091 est,

298 1111 559 1152 Promittunt
573 1110 732 1152 vmedici
743 1127 762 1161 ;v
786 1118 968 1152 tractant
987 1110 1154 1152 fabrilia
1173 1110 1304 1152 fabri:

299 1180 532 1223 Scribimus
554 1180 713 1223 indocti
733 1180 930 1238 doctique
950 1188 1146 1237 poemata
1164 1181 1332 1236 passim.

178 1307 238 1337 bus
252 1305 461 1344 consulerent,
489 1313 520 1338 et
529 1306 603 1348 jura
617 1313 819 1347 exponerent,
835 1306 950 1338 admit-

178 1355 255 1386 tere,
273 1360 421 1381 nummos
438 1350 527 1391 justa
541 1349 687 1381 cautione
701 1351 734 1380 in
749 1357 819 1382 tuto
834 1351 950 1391 positos

177 1393 311 1424 debitori
321 1393 519 1436 (ez-pendere)
532 1393 749 1431 adnumerare,
765 1400 798 1424 et
806 1394 950 1435 juniores

178 1437 363 1474 senioribus,
387 1436 547 1478 quomodo
568 1447 617 1468 res
630 1437 793 1468 familiaris
813 1447 950 1468 crescere

179 1486 212 1511 et
226 1481 400 1520 perniciosa
414 1480 513 1512 libido
534 1480 656 1511 domari
677 1481 784 1521 possit,
810 1481 950 1512 docenti-

178 1525 239 1554 bus
267 1523 375 1554 faciles
403 1534 495 1555 aures
519 1525 657 1564 praebere
681 1531 712 1555 et
737 1524 948 1555 obedientiam

178 1574 325 1607 praestare
340 1567 501 1605 solebant3
523 1577 611 1598 nunc
632 1567 708 1598 levis
725 1567 862 1608 populus
875 1578 947 1598 mu-

177 1610 256 1642 tavit
269 1610 358 1641 illam
373 1617 533 1649 mentem;
558 1621 645 1641 nunc
667 1621 770 1642 unum
792 1610 947 1643 scribendi

179 1654 322 1685 studium
336 1654 457 1693 servet;
480 1665 567 1685 nunc
581 1654 719 1685 seniores
739 1665 829 1695 aeque
846 1664 883 1685 ac
893 1655 947 1695 ju-

177 1697 282 1728 niores
296 1698 422 1728 corollis
435 1697 573 1729 redimiti
587 1698 731 1729 convivia
744 1704 902 1729 sectantur
916 1704 949 1728 et

178 1740 299 1772 dictant
312 1742 461 1772 carmina.

223 1795 252 1815 v.
269 1783 340 1815 103.
356 1786 446 1816 dulce
446 1785 520 1827 fuit
535 1791 622 1822 cett„
638 1784 694 1815 ubi
709 1784 794 1815 enim
808 1784 952 1814 homines

179 1827 232 1865 ita,
249 1834 287 1859 ut
301 1828 332 1858 h.
349 1828 368 1858 l.
386 1827 614 1865 describuntur,
631 1834 742 1869 agunt,
757 1827 802 1858 ibi
816 1828 952 1858 suaviter

180 1878 212 1902 et
220 1870 366 1913 jucunde
381 1871 504 1901 vivitur.
628 1875 630 1878 “

223 1925 253 1946 ν.
274 1914 346 1945 104.
366 1916 486 1952 Mane,·
510 1914 586 1946 hinc
600 1924 696 1954 supra
712 1914 776 1946 Sat.
798 1915 828 1945 Ι.
847 1913 876 1945 l.
897 1913 948 1945 10.

182 1960 244 1990 Sub
267 1961 343 2000 gatti
368 1965 499 1991 cantum
525 1961 682 1990 consultor
707 1960 759 1990 ubi
784 1960 861 1990 ostia
879 1960 955 1999 pul·

181 2009 240 2034 sat.

223 2057 252 2076 v.
275 2045 346 2077 105.
368 2049 458 2078 Caut-
476 2057 562 2077 nom.
582 2058 611 2076 r.
634 2057 700 2088 ertp-
718 2058 752 2078 n.
769 2063 815 2070 —
827 2047 955 2077 nummi

180 2091 271 2121 rectis
285 2092 465 2122 nominibus
479 2091 567 2121 cauti
586 2096 661 2120 sunt
683 2090 816 2126 nummi,
839 2089 955 2130 quibus

182 2140 267 2164 cena
281 2135 458 2175 syngrapha
473 2132 621 2164 debitoris
631 2140 664 2164 et
673 2134 799 2164 testium
816 2132 954 2163 nomini-

181 2178 241 2207 bus
256 2178 440 2218 consignata
453 2187 473 2207 a
493 2176 605 2207 fraude
627 2186 757 2208 cautum
778 2183 834 2207 est.
886 2177 951 2207 Re-

182 2221 284 2260 spexit
304 2229 411 2251 autem
437 2220 592 2251 Horatius
607 2221 707 2251 aetatis
728 2231 795 2251 suae
809 2219 954 2251 homines

182 2274 301 2301 avaros,
327 2265 382 2306 qui
405 2274 469 2294 non
491 2263 588 2294 modo
609 2264 740 2295 honesto
754 2270 786 2294 et
800 2263 953 2304 legitimo,

183 2315 221 2339 ut
234 2308 322 2346 olim,
339 2308 393 2339 sed
408 2307 575 2339 inhonesto
590 2313 622 2337 et
636 2307 803 2348 illegitimo
817 2308 954 2337 enormi-

182 2353 243 2383 bus
257 2352 361 2382 usuris
375 2351 542 2391 pecuniam
565 2350 677 2380 foenori
699 2351 824 2382 dabant.
872 2350 954 2381 Lec-

183 2395 228 2426 tio
243 2402 335 2427 autor
350 2394 472 2426 doctior
492 2400 540 2424 est
554 2394 687 2425 lectione
702 2396 842 2435 scriptor,
857 2404 954 2435 quam

183 2439 326 2470 defendit
351 2440 474 2475 Bentl.‚·
501 2447 576 2477 pro:
605 2440 696 2469 rectis
723 2438 825 2479 magis
853 2438 955 2477 placet

185 2485 284 2518 certis,
302 2482 388 2523 quod
403 2488 450 2512 est
472 2481 506 2511 in
528 2480 673 2521 plurimis
694 2481 782 2511 editt.
801 2487 890 2518 vett.;
913 2480 954 2511 de

183 2526 344 2557 locutione
358 2537 399 2556 aes
414 2527 555 2557 alienum
576 2525 682 2555 debere
704 2527 794 2556 certis
819 2526 954 2556 nomini-

185 2571 253 2606 bus,
271 2570 361 2610 plura
375 2568 520 2608 exempla
534 2567 639 2598 attulit
653 2570 759 2599 Bentl.

229 2625 258 2644 v.
281 2612 353 2644 10¹7.
371 2615 522 2644 damnosa
536 2613 636 2649 libido,
650 2618 688 2641 ut
701 2622 795 2651 supra
808 2611 909 2651 Epist.
927 2611 955 2641 I.

189 2657 239 2688 18.
259 2656 311 2688 21.
331 2659 482 2688 damnosa
504 2658 616 2687 Venus.
645 2655 746 2694 Supra
762 2655 865 2694 Epist.
879 2654 908 2685 I.
923 2654 954 2686 3.

187 2701 240 2732 55.
268 2704 382 2742 Sperne
396 2702 575 2741 voluptates,
592 2705 678 2730 nocet
694 2704 775 2730 emta
790 2700 890 2729 dolore
904 2710 953 2730 vo-

186 2748 302 2786 luptas.

231 2800 261 2820 v.
282 2787 354 2824 108,
381 2786 454 2818 109.
479 2788 557 2819 calet
577 2797 643 2818 uno
666 2786 825 2817 Scribendi
845 2787 956 2822 studio,

188 2833 325 2871 respexit
349 2832 549 2862 indoctorum
576 2829 675 2871 (conf.
699 2828 783 2859 infra
804 2839 832 2859 v.
852 2827 956 2868 117.),

190 2877 243 2915 qui
259 2884 327 2906 tum
344 2882 439 2915 caput
449 2874 630 2910 efferebant,
642 2879 805 2913 poetarum
818 2882 958 2913 gregem.

190 2926 405 2960 —patresque
419 2919 522 2957 severi,
537 2927 600 2949 non
613 2916 699 2959 quod
713 2915 843 2948 fuerunt
856 2921 958 2955 patres

993 1307 1039 1337 illi
1054 1308 1158 1343 severi,
1174 1306 1229 1338 sed
1244 1306 1329 1348 quod
1341 1316 1398 1346 pro
1409 1311 1500 1337 aetate
1514 1315 1572 1336 sua
1585 1305 1678 1336 severi
1692 1313 1759 1335 esse

992 1351 1174 1381 debuerant.

1034 1404 1063 1424 v.
1086 1393 1159 1425 11οῖ
1172 1395 1302 1429 dictant,
1317 1392 1434 1433 pueris,
1450 1391 1558 1423 scribis
1571 1390 1709 1432 privatis,
1721 1396 1758 1422 ut

993 1447 1088 1478 supra
1106 1436 1207 1476 Epist.
1228 1437 1257 1467 Ι.
1279 1435 1328 1467 10.
1346 1434 1400 1467 49.

1036 1491 1064 1512 v.
1086 1479 1157 1511 1¹2.
1178 1483 1304 1512 Parthis
1319 1481 1507 1516 mendacior,
1525 1477 1633 1509 Parthi
1647 1477 1759 1508 dicun-

990 1530 1044 1554 tur
1058 1526 1230 1559 mendoces,
1246 1524 1321 1564 quia
1341 1523 1421 1554 falsa
1442 1522 1554 1562 specie,
1577 1531 1673 1562 quam
1693 1530 1760 1561 prae

991 1577 1024 1597 se
1052 1567 1204 1604 ferebant,
1234 1567 1312 1598 alios
1336 1567 1479 1606 decipere
1507 1565 1657 1596 solebant.
1707 1563 1760 1595 Sic

994 1610 1103 1642 Parthi
1126 1611 1238 1652 fugam
1261 1610 1458 1647 simulantes,
1483 1618 1550 1639 non
1574 1617 1645 1639 raro
1665 1607 1756 1644 hosti,

991 1653 1070 1684 dum
1084 1654 1134 1685 vel
1156 1664 1252 1695 equos
1274 1659 1402 1694 repente
1423 1652 1686 1693 circumagebant,
1709 1650 1761 1681 vel

990 1697 1054 1728 tela
1069 1697 1183 1728 aversis
1197 1699 1237 1728 ab
1257 1698 1347 1728 hoste
1367 1696 1456 1738 equis
1476 1695 1579 1726 multa
1599 1701 1665 1726 arte
1678 1700 1761 1725 retm

989 1740 1157 1781 jaciebant,
1170 1740 1342 1771 admodum
1353 1739 1459 1771 infesti
1469 1739 1560 1770 fuere
1567 1749 1578 1777 3
1591 1736 1653 1768 vid.
1666 1746 1762 1778 supm

1040 1837 1070 1858 v.
1093 1826 1164 1858 113.
1183 1828 1299 1859 scrinia
1314 1845 1358 1852 -
1372 1827 1536 1862 scrinium,
1546 1834 1639 1865 capsa
1648 1823 1698 1855 vel
1712 1834 1762 1855 ar-

995 1870 1079 1907 cula,
1094 1872 1128 1901 in
1144 1881 1207 1912 qua
1229 1871 1345 1908 charta,
1367 1870 1490 1907 litterae,
1510 1875 1542 1900 et
1562 1878 1612 1899 res
1633 1867 1674 1899 ad
1686 1868 1763 1899 scri-

995 1915 1134 1945 bendum
1162 1914 1342 1945 necessariae
1363 1919 1545 1950 servantur-3
1573 1911 1648 1942 hinc
1670 1921 1765 1952 supra

1002 1959 1067 1989 Sat.
1083 1957 1111 1988 Ι.
1133 1956 1163 1988 1.
1184 1956 1256 1988 120.
1274 1959 1390 1990 scrinia
1406 1958 1581 1998 compilare,
1595 1964 1670 1995 pro:
1695 1965 1764 1986 car-

999 2001 1095 2038 mina,
1118 2012 1190 2043 quae
1205 2003 1238 2031 in
1253 2001 1368 2033 scrinio
1389 2006 1558 2035 servantur,
1574 1998 1763 2038 compilare;

996 2047 1151 2077 scrinium
1165 2044 1263 2086 igitur
1276 2044 1342 2076 fere
1356 2051 1414 2084 est,
1429 2043 1516 2086 quod
1536 2052 1594 2074 nos
1607 2041 1759 2074 dicimus:

997 2090 1274 2130 scltret'b-apparat.

1041 2142 1069 2162 v.
1099 2130 1172 2163 114.
1197 2134 1328 2173 igvmrus
1354 2133 1453 2167 navis,
1481 2141 1523 2162 sc·
1553 2128 1692 2173 agmdae,
1716 2129 1763 2159 rei

997 2176 1132 2207 nauticae
1155 2176 1329 2216 imperitus.
1417 2176 1600 2206 abrotonum
1615 2171 1759 2215 (mium

996 2218 1188 2260 abrotonus,)
1205 2226 1252 2250 est
1265 2218 1370 2250 frutex
1384 2216 1558 2249 suavissimi
1571 2215 1684 2252 odoris,
1706 2217 1763 2257 qui

997 2262 1032 2293 in
1046 2263 1304 2294 meridionalibus
1320 2263 1459 2301 Europae
1470 2260 1559 2291 terris
1568 2266 1678 2299 sponte
1693 2269 1764 2290 nas-

998 2306 1089 2344 citur,
1119 2313 1151 2337 et
1179 2307 1214 2336 in
1235 2306 1349 2348 nostris
1376 2313 1503 2346 quoque
1524 2303 1622 2334 hortis
1649 2303 1763 2342 passim

996 2349 1187 2390 conspicitur
1201 2356 1242 2386 et,
1265 2355 1433 2390 antequam
1450 2347 1664 2382 Chamomittae.
1687 2355 1766 2387 quas

997 2393 1095 2435 vulgo
1110 2392 1230 2430 dicunt,
1252 2393 1285 2423 in
1302 2401 1396 2423 usum
1411 2395 1577 2427 venerunt,
1597 2389 1679 2420 inter
1693 2399 1761 2420 me-

998 2436 1141 2468 dicorum
1155 2436 1293 2467 remedia
1306 2445 1371 2466 non
1392 2433 1542 2466 ultimum
1557 2432 1663 2464 locum
1677 2439 1766 2464 tene-

998 2482 1062 2517 bat,
1088 2480 1174 2521 quod
1193 2480 1260 2521 jam
1284 2478 1434 2509 discimus
1456 2487 1475 2507 e
1503 2475 1618 2513 Plinio,
1647 2476 1694 2507 H.
1715 2476 1761 2507 N.

998 2523 1104 2554 XXI.
1126 2521 1176 2553 10.
1226 2522 1348 2552 Vinum
1373 2522 1518 2552 abrotono
1533 2519 1679 2558 mixtum,
1696 2519 1762 2555 οἶνος

998 2568 1193 2609 aagendam,
1220 2566 1354 2596 salutare
1380 2563 1573 2595 credebatur.
1606 2565 1763 2595 artemisia

998 2612 1192 2648 abrotonum,
1210 2609 1308 2641 Linn.
1322 2609 1485 2646 stabwurz‚
1500 2607 1667 2646 eber-rante,
1681 2608 1765 2639 eber-

997 2665 1067 2686 reas.

1042 2708 1070 2728 v.
1090 2695 1163 2727 116.
1193 2697 1398 2732 Promittant,
1422 2694 1626 2734 profitentur:
1651 2692 1766 2725 medici

1000 2740 1130 2774 faciunt,
1145 2740 1230 2781 quod
1244 2749 1294 2770 ars
1308 2738 1430 2770 medica
1451 2748 1504 2768 eos
1517 2737 1620 2769 facere
1634 2737 1762 2775 docuit3

1001 2785 1138 2816 Bentleii
1151 2782 1347 2814 emendatio:
1419 2783 1500 2822 quod
1514 2782 1695 2813 melicorum
1709 2786 1763 2816 est,

1004 2829 1196 2859 Promittant
1211 2827 1320 2863 melici,
1337 2825 1455 2865 paucis,
1470 2831 1559 2864 puto,
1575 2824 1766 2865 probabitur.

1044 2881 1074 2903 v.
1095 2869 1166 2901 117.
1186 2871 1352 2902 Scribimus
1372 2871 1487 2901 indocti
1507 2875 1592 2906 cett,
1607 2867 1693 2909 quod
1707 2877 1766 2898 au-

1001 2921 1065 2945 tem
1088 2914 1127 2945 ad
1149 2923 1207 2945 nos
1228 2913 1347 2949 attinet,
1375 2922 1439 2943 non
1464 2911 1548 2944 docti
1573 2911 1686 2950 solum,
1709 2910 1764 2942 sed
