1904 3250
228 179 311 217 282

858 173 1168 218 HORATII

1523 180 1681 229 [CARM.
1702 189 1791 219 xvr.

344 301 486 351 Quam
506 316 642 358 neque
663 301 830 341 finitimi
850 299 1074 342 valuerunt
1091 301 1270 357 perdere
1292 301 1442 353 Marsi,

460 369 642 410 Minacis
664 376 736 410 aut
758 368 938 410 Etrusca
961 368 1161 411 Porsenae
1180 385 1342 423 manus,

284 443 309 481 5
342 438 520 480 AEmula
539 453 618 479 nec
637 438 768 479 virtus
793 437 967 494 Capuae,
988 453 1066 480 nec
1090 438 1315 494 Spartacus
1335 455 1442 491 acer,

459 510 675 566 Novisque
695 510 822 551 rebus
843 510 1025 552 infidelis
1047 509 1280 561 Allobrox3

343 580 434 622 Nec
454 579 543 620 fera
564 579 745 621 caerulea
765 580 929 622 domuit
951 580 1183 622 Germania
1200 581 1327 637 pube,

458 650 797 709 Parentibusque
819 652 1082 694 abominatus
1106 652 1346 695 Hannibal:

342 722 465 777 Inpia
483 722 710 778 perdemus
732 722 874 764 devoti
895 723 1111 780 sanguinis
1132 730 1251 773 aetas3

259 795 308 831 10

458 790 661 848 Ferisque
682 806 828 833 rursus
849 791 1126 848 occupabitur
1147 791 1295 833 solum.

341 859 554 901 Barbarus
575 860 659 902 heu
679 859 688 903 !
722 861 882 902 cineres
903 861 1067 902 insistet
1087 860 1234 911 victor,
1257 868 1299 902 et
1319 860 1466 903 urbem

458 930 599 988 Eques
622 939 795 972 sonante
816 931 1053 973 verberabit
1072 930 1231 987 ungula
1242 946 1253 980 3

341 999 536 1056 Quaeque
557 1008 702 1042 carent
721 1001 854 1042 ventis
875 1009 918 1042 et
937 1000 1108 1050 solibus,
1131 1015 1227 1042 ossa
1247 999 1430 1051 Quirini,

457 1072 586 1114 Nefas
607 1073 749 1114 videre
770 1072 778 1115 !
813 1073 1033 1129 dissipabit
1051 1073 1248 1114 insolens.

259 1150 308 1188 15
343 1146 484 1197 Forte,
507 1146 609 1203 quid
630 1146 840 1202 expediat,
863 1147 1155 1198 communiter,
1177 1154 1250 1188 aut
1267 1146 1416 1188 melior
1435 1162 1532 1203 pars

460 1214 589 1257 Malis
612 1231 754 1257 carere
775 1216 962 1272 quaeritis
983 1215 1211 1258 laboribus.

225 1343 289 1381 vit;
311 1344 379 1374 haec
401 1343 507 1385 igitur,
537 1344 566 1374 Ο
594 1343 647 1382 pii,
674 1342 820 1374 secundis
844 1344 989 1385 auspiciis

226 1387 314 1418 vobis
338 1386 483 1418 adeunda
506 1387 615 1418 sunt.’‘
664 1388 754 1424 Quas
774 1386 902 1428 quidem
917 1398 988 1419 sen-

225 1430 338 1461 tentias
365 1441 427 1471 qua
456 1436 520 1461 arte
551 1431 667 1462 Noster
695 1430 930 1470 amplificaverit
957 1437 989 1462 et

225 1474 428 1510 exornaverit,
442 1474 573 1505 lectores
586 1474 645 1514 ipsi
659 1474 802 1505 sentient.

210 1522 213 1525 ’
268 1528 298 1548 v.
318 1516 432 1548 1—10.
458 1519 567 1549 Altera
589 1524 675 1555 aetas,
689 1517 715 1548 si
729 1517 893 1548 hominum
914 1524 988 1549 aeta.

226 1567 300 1599 tem,
327 1562 434 1602 γενεὰν,
460 1561 500 1592 ad
533 1560 696 1602 vulgarem
724 1561 878 1592 rationem
908 1562 986 1604 (vid.

210 1609 305 1645 'quos
319 1604 428 1635 laudat
442 1606 560 1636 Albert.
580 1604 621 1635 ad
645 1604 785 1645 Hesych.
803 1615 828 1635 s.
846 1615 876 1636 v.
894 1607 987 1646 γενεὰ,

227 1648 268 1679 Τ.
288 1648 316 1679 Ι.
330 1658 359 1688 p.
375 1646 451 1679 814.
468 1658 499 1678 n.
523 1646 592 1688 18.)
607 1659 664 1688 pro
684 1648 814 1690 triginta
833 1659 989 1680 annorum

226 1691 326 1732 spatio
353 1691 534 1732 accipimus,
564 1692 624 1723 hoc
651 1702 778 1723 carmen
809 1698 928 1731 autern,
953 1699 990 1723 ut

225 1735 323 1777 hujus
346 1734 418 1766 libri
442 1735 612 1776 septimum
634 1742 665 1766 et
686 1746 817 1772 nonum,
842 1746 926 1766 anno
943 1736 985 1767 U.

229 1779 266 1809 C.
283 1778 488 1810 DCCXXI.
505 1789 570 1820 quo
591 1786 700 1810 comm
724 1779 901 1810 Antonium
923 1778 991 1810 bel-

208 1820 295 1852 'lum
309 1830 430 1862 pararet
454 1822 655 1859 Octavianus,
682 1823 831 1863 scriptum
854 1833 920 1853 esse
934 1832 991 1862 po-
1020 1854 1022 1857 ,

226 1865 333 1896 nimus
341 1878 351 1904 ;
378 1866 462 1897 bella
485 1865 598 1902 civilia,
620 1866 696 1898 inde
715 1868 756 1898 ab
776 1876 861 1896 anno
878 1866 920 1898 U.
950 1866 987 1897 C.

228 1909 430 1941 DCLXVI.
447 1920 511 1951 quo
535 1909 626 1941 Sulla
638 1916 747 1941 contra
763 1909 904 1940 Marium
918 1910 989 1940 hos.

225 1952 322 1983 tiliter
345 1952 564 1989 insurrexerat,
587 1953 727 1993 repetita,
745 1953 812 1995 jam
835 1952 989 1994 quinqua-

223 1996 315 2037 ginta
335 2003 366 2028 et
380 1997 520 2038 quinque
534 2008 634 2028 annos
654 1997 688 2027 in
703 1997 864 2037 republica
883 1997 989 2028 saevie-

225 2047 306 2070 rant.
395 2047 424 2072 et
446 2042 522 2081 ipsa,
546 2042 634 2077 αὐτὴ,
657 2047 777 2080 sponte,
801 2047 838 2071 ut
862 2050 992 2071 sexcen-

226 2083 285 2114 ties
294 2096 304 2121 ;
320 2085 434 2116 viribus
449 2086 512 2116 suis
525 2086 602 2122 ruit,
619 2094 712 2124 supra
729 2083 834 2124 Epod.
853 2083 938 2115 VII.
958 2083 990 2115 9.

225 2129 284 2159 Sed
294 2133 340 2163 ut,
351 2130 525 2159 secundum
536 2135 605 2160 vota
620 2130 825 2166 Parthorum,
837 2139 896 2159 sua
913 2129 991 2159 Urbs

179 2195 183 2199 .
226 2173 291 2202 haec
314 2173 429 2211 periret
458 2174 590 2203 dextera.
668 2173 805 2214 finitimi
825 2173 991 2203 valuerunt

210 2215 351 2255 'perdere
365 2216 475 2250 Marsi,
490 2215 672 2257 designatur
683 2214 802 2245 bellum
815 2215 990 2246 Marsicum

226 2257 291 2288 sive
307 2257 436 2293 Sociale,
453 2257 492 2288 de
507 2269 570 2299 quo
592 2258 653 2289 vid.
673 2269 767 2298 supra
785 2257 826 2289 ad
842 2258 914 2289 ΙΙΙ.
935 2256 985 2289 14.

228 2299 278 2332 18.
368 2303 488 2333 Minac-
515 2309 571 2333 aut
586 2304 724 2334 Etrusca
743 2304 888 2333 Porsenae
904 2313 990 2334 man.

225 2344 346 2376 bellum
363 2344 536 2376 Etruscum
550 2356 623 2376 cum
641 2346 781 2376 Porsena
794 2355 833 2375 ex
850 2345 921 2376 Liv.
939 2345 989 2376 ΙΙ.

226 2388 258 2419 9.
277 2388 352 2419 satis
364 2395 486 2419 notum.
555 2391 689 2422 AEmula
704 2401 761 2421 nec
775 2391 843 2420 m'rt.
862 2391 987 2429 Cajmoe,

226 2431 359 2463 laudant
385 2431 451 2463 Cic.
469 2432 503 2462 in
528 2432 568 2463 L.
591 2433 671 2474 Agr.
697 2433 747 2464 ΙΙ.
773 2431 825 2463 32.
854 2432 992 2472 Mry‘ores

227 2477 321 2508 vestri
331 2493 376 2500 -
389 2481 450 2507 tres
463 2477 561 2507 solum
578 2479 667 2508 urbes
682 2478 715 2508 in
731 2478 822 2508 terris
836 2477 990 2511 omnibus,

228 2520 456 2560 Carthaginem,
481 2521 671 2555 Corinthum,
697 2522 850 2560 Capuam,
874 2525 990 2551 statue-

226 2569 307 2596 runt
314 2574 403 2604 porse
415 2564 536 2603 imperii
545 2565 728 2603 gravitatem
743 2574 781 2594 ac
795 2574 908 2594 nomen
921 2574 988 2594 sus-

227 2609 336 2639 tinere.
419 2609 586 2648 :spartacus
613 2618 692 2642 acer,
722 2606 842 2637 bellum
867 2606 986 2643 servile,

227 2650 313 2691 quod
338 2649 502 2681 concitavit
528 2651 710 2689 Spartacus:
737 2649 799 2679 vid.
829 2659 924 2688 supra
947 2649 988 2680 ad

229 2694 301 2725 111.
318 2692 367 2724 14.
390 2692 439 2724 19.
487 2695 641 2730 Allobrox,
660 2693 857 2733 Allobroges,
873 2692 987 2723 Galliae

227 2737 374 2778 populus,
388 2732 534 2769 Rhodani
544 2748 563 2768 a
572 2737 644 2767 lacu
658 2736 801 2766 Lemano
810 2735 851 2766 ad
868 2735 987 2766 Isaram

227 2791 328 2822 usque
341 2781 462 2819 accola;
487 2782 572 2813 novis
590 2782 681 2811 rebus
702 2781 843 2823 irfidelis,
867 2781 989 2810 crebras

228 2825 313 2855 enim
343 2825 510 2855 seditiones
537 2829 702 2855 moverunt
733 2823 931 2863 Allobroges,
969 2834 988 2853 a

231 2869 290 2899 Cn.
301 2868 446 2899 Domitio
457 2868 664 2899 Ahenobarbo
676 2867 716 2898 U.
725 2866 763 2898 C.
774 2865 874 2897 DCX
882 2866 986 2897 XXI.

231 2912 447 2942 Romanorum
462 2910 573 2943 ditioni
585 2910 714 2952 subjecti
720 2922 731 2949 ;
752 2909 826 2940 hinc
849 2909 985 2940 Catilina

228 2964 352 2996 quoque
367 2966 420 2987 eos
434 2955 466 2986 in
481 2962 583 2995 pant-s
596 2965 667 2987 suas
681 2954 800 2986 trahere
814 2952 983 2985 studuerat.

1032 1364 1076 1371 —
1092 1345 1243 1386 Necsera
1259 1346 1366 1377 caerul.
1388 1345 1536 1376 German.
1548 1344 1624 1384 pub.
1643 1342 1684 1373 cf.
1701 1352 1795 1382 supra

1031 1387 1072 1418 ad
1089 1387 1151 1419 IV.
1170 1387 1201 1419 5.
1218 1387 1271 1419 26.
1341 1388 1525 1428 parentibus
1537 1387 1740 1424 abominatus,
1755 1385 1796 1417 de

1031 1431 1119 1461 caesis
1132 1441 1246 1471 nempe
1260 1432 1300 1462 ab
1313 1431 1370 1462 illo
1385 1430 1476 1470 filiis;
1491 1437 1529 1461 ut
1542 1440 1636 1470 supra
1651 1430 1681 1460 1.
1698 1428 1727 1460 l.
1742 1428 1796 1460 24.

1032 1476 1108 1505 bella
1127 1477 1278 1507 matribus
1299 1476 1456 1507 detestata.
1545 1475 1642 1514 Inpia
1651 1476 1791 1514 perdem.

1032 1519 1128 1549 devoti
1142 1530 1253 1559 sangu.
1271 1525 1356 1556 aetas,
1378 1528 1447 1554 nOS,
1461 1526 1598 1558 quorum
1611 1517 1740 1558 sanguis
1754 1516 1795 1547 ad

1031 1562 1187 1604 majorum
1205 1561 1320 1593 scelera
1333 1560 1488 1601 expianda
1501 1560 1633 1591 devotus
1651 1569 1708 1597 est,
1727 1560 1795 1591 Ro-

1032 1615 1116 1635 mam
1131 1605 1171 1636 ad
1184 1605 1348 1637 interitum
1361 1604 1560 1642 vocabimus3
1583 1603 1665 1634 conf.
1685 1603 1791 1643 Epod.

1020 1686 1021 1689 Ἴ
1035 1648 1120 1679 VII.
1138 1648 1191 1680 20.
1247 1660 1368 1685 rursm,
1384 1653 1423 1679 ut
1435 1653 1528 1685 ante3
1543 1647 1622 1684 lom,
1638 1647 1692 1678 ubi
1708 1657 1794 1678 nunc
1824 1675 1826 1677 ,

1037 1692 1150 1728 ΒωιιειΔ
1165 1698 1236 1730 stat,
1261 1692 1328 1724 sola
1354 1699 1386 1722 et
1405 1697 1502 1730 vasta,
1525 1697 1563 1721 ut
1582 1697 1656 1722 ante
1682 1691 1795 1722 urbem

1024 1734 1202 1771 conditam,
1219 1742 1331 1774 erunt3
1356 1735 1488 1767 laudant
1513 1733 1658 1774 Propert.
1676 1733 1740 1765 IV.
1762 1733 1790 1765 1.

1037 1778 1065 1810 1.
1087 1778 1180 1810 ovid.
1200 1779 1284 1810 Fast.
1304 1779 1346 1810 V.
1364 1777 1417 1809 95.
1437 1777 1556 1809 Tibull.
1575 1777 1627 1808 11.
1644 1775 1676 1808 5.
1695 1775 1748 1808 25.

1077 1833 1107 1854 v.
1137 1821 1273 1854 11-14.
1299 1824 1463 1854 Barbarus
1477 1838 1525 1862 —p
1541 1821 1647 1858 viceor,
1671 1821 1797 1862 respicit

1034 1867 1178 1897 barbaras
1190 1873 1310 1908 gentes
1325 1876 1404 1907 quas
1416 1863 1576 1897 Antonius
1589 1863 1649 1895 sibi
1661 1864 1796 1908 adjunx-

1033 1916 1109 1948 erat,
1136 1911 1252 1946 Dacos,
1269 1910 1445 1950 AEthiopes,
1468 1907 1557 1951 (111.
1575 1907 1607 1939 6.
1627 1905 1697 1950 14.)
1720 1914 1792 1940 cett.

1033 1971 1077 1978 —
1090 1965 1180 1995 eques
1203 1960 1332 1986 sonante
1355 1953 1433 1984 verb.
1451 1953 1585 1993 ungula,
1606 1957 1714 1983 ornate
1738 1962 1796 1992 pro

1033 1997 1193 2037 simplice:
1219 1996 1414 2038 inequitabit,
1437 1995 1524 2038 quod
1544 1994 1719 2026 insolentia
1739 1994 1796 2027 ad·

1029 2041 1173 2082 junctam
1189 2040 1350 2072 notionem
1364 2040 1477 2076 haben
1493 2040 1621 2071 Mitsclr.
1635 2044 1795 2082 comparat

1039 2083 1133 2115 ovid.
1151 2094 1189 2115 ex
1207 2084 1301 2115 Pom.
1322 2084 1350 2114 Ι.
1369 2082 1401 2114 2.
1422 2081 1495 2114 111.
1526 2084 1596 2115 Nea
1618 2084 1697 2115 male
1709 2093 1794 2114 conr-

1029 2130 1143 2169 positos
1166 2145 1212 2153 —
1235 2129 1369 2160 Bissonii
1402 2128 1519 2159 cineres
1545 2126 1666 2166 ungula
1689 2127 1795 2166 pulset

1034 2173 1114 2213 equi.
1208 2173 1345 2213 Quaeque
1366 2176 1474 2203 carent
1493 2170 1591 2202 ventis
1603 2175 1634 2201 et
1657 2171 1710 2200 sol.
1726 2180 1795 2201 ossa

1039 2217 1127 2251 Quir.
1145 2221 1176 2246 et
1189 2225 1257 2246 ossa
1282 2213 1424 2251 Romuli,
1449 2224 1522 2256 quae
1541 2222 1601 2244 nec
1621 2212 1722 2244 ventis
1734 2220 1797 2244 nec·

1033 2259 1092 2289 soli
1115 2259 1256 2299 exposita
1277 2264 1361 2296 sunt,
1382 2258 1415 2288 h.
1433 2267 1461 2288 e.
1479 2255 1605 2288 condita
1618 2262 1650 2287 et
1662 2256 1793 2288 humata

1033 2309 1116 2340 sunt,
1130 2312 1276 2343 quaeque,
1289 2307 1450 2341 tamquam
1464 2310 1530 2330 rem
1544 2298 1674 2336 sacram,
1694 2300 1795 2331 oculis

1031 2355 1182 2385 usurpare
1196 2345 1284 2375 nefas
1297 2351 1353 2382 est,
1368 2343 1506 2374 insolens
1518 2341 1687 2383 dissipabit.
1736 2343 1792 2375 Se-

1031 2388 1162 2429 pulchra
1175 2388 1260 2419 enim
1279 2387 1347 2428 jam
1369 2397 1424 2426 per
1444 2397 1478 2418 se
1498 2385 1642 2428 religiose
1662 2386 1724 2417 coli
1738 2386 1793 2418 de-

1023 2430 1157 2469 bebant,
1174 2431 1257 2472 (cic.
1279 2431 1399 2467 Quat.
1420 2429 1516 2461 Tusc.
1533 2429 1562 2460 Ι.
1583 2427 1634 2460 12.
1651 2429 1707 2462 ubi
1721 2430 1792 2462 vide

1031 2474 1187 2516 Inteaepr.)
1217 2474 1320 2505 multo
1349 2473 1523 2515 religiosius
1549 2481 1657 2504 autem
1684 2473 1792 2514 sepul-

1030 2520 1140 2550 chrum
1172 2517 1264 2549 Urbis
1285 2516 1454 2548 conditoris
1477 2517 1620 2554 Romuli,
1647 2517 1792 2559 (laudaut

1034 2562 1146 2594 Claud.
1166 2560 1306 2592 XXVI.
1326 2559 1390 2591 100
1410 2559 1512 2602 seqq.)
1527 2559 1623 2601 quod,
1647 2567 1685 2592 ut
1709 2561 1790 2593 Cru-

1022 2602 1095 2649 ‘quii
1110 2605 1272 2636 Scholiast.
1290 2614 1329 2635 ex
1346 2604 1488 2635 Varrone
1501 2603 1601 2641 docet,
1624 2614 1684 2646 pro
1709 2605 1791 2636 Ros-

1029 2649 1085 2680 tris
1112 2649 1191 2686 fuit;
1366 2653 1488 2679 'carent
1514 2650 1621 2685 ventis,
1651 2647 1793 2688 similiter

1030 2702 1124 2732 supra
1138 2692 1209 2723 ΙΙΙ.
1227 2690 1279 2722 29.
1298 2690 1350 2722 23.
1375 2697 1518 2732 caretque
1542 2693 1623 2732 Ripa
1643 2693 1728 2732 vagis
1741 2698 1791 2723 ta-

1031 2737 1157 2767 citurna
1171 2738 1268 2767 ventis
1277 2751 1290 2772 ,·
1377 2735 1464 2776 uffa:
1477 2736 1589 2771 videre,
1604 2735 1744 2774 apposite
1757 2735 1791 2766 in

1030 2780 1111 2810 hanc
1125 2789 1192 2809 rem
1205 2780 1330 2810 Micsclz.
1346 2788 1385 2809 ex
1403 2777 1676 2819 Pseudo-Phocyl.
1694 2788 1725 2810 v.
1736 2777 1789 2815 94,

1020 2821 1084 2863 795.
1100 2822 1208 2853 affert:
1236 2823 1283 2855 Μὴ
1294 2822 1404 2860 τύμβον
1415 2821 1554 2862 φθιμίνου
1563 2822 1712 2865 ἀνορύξῃς,’
1718 2822 1788 2877 μέτ’

1031 2866 1153 2898 ἀθίατι
1167 2865 1264 2908 Δείξῃς
1287 2865 1384 2907 ἠελίῳ,
1408 2866 1459 2896 zai
1482 2863 1618 2906 δαιμόνιοι
1638 2867 1732 2908 xixo»
1743 2879 1788 2908 'e‘

1027 2923 1097 2984 'inv‘-
1125 2951 1258 2984 15-24.
1288 2954 1394 2992 Forte,
1418 2953 1492 2995 quid
1513 2955 1648 2995 ewediae
1663 2948 1733 2985 (εὴ.
1750 2952 1783 2982 h.
