<?xml version="1.0" encoding="UTF-8"?>
<!DOCTYPE html PUBLIC "-//W3C//DTD XHTML 1.0 Transitional//EN"
    "http://www.w3.org/TR/xhtml1/DTD/xhtml1-transitional.dtd">
<html xmlns="http://www.w3.org/1999/xhtml" xml:lang="en" lang="en">
 <head>
  <title>
</title>
<meta http-equiv="Content-Type" content="text/html;charset=utf-8" />
  <meta name='ocr-system' content='tesseract 3.04.00' />
  <meta name='ocr-capabilities' content='ocr_page ocr_carea ocr_par ocr_line ocrx_word'/>
</head>
<body>
  <div class='ocr_page' id='page_1' title='image "./operaomniacumind00horauoft_0418.png"; bbox 0 0 1904 3250; ppageno 0'>
   <div class='ocr_carea' id='block_1_1' title="bbox 225 223 310 262">
    <p class='ocr_par' dir='ltr' id='par_1_1' title="bbox 225 223 310 262">
     <span class='ocr_line' id='line_1_1' title="bbox 225 223 310 262; baseline 0 0"><span class='ocrx_word' id='word_1_1' title='bbox 225 223 310 262; x_wconf 73' lang='lat'><strong>378</strong></span> 
     </span>
    </p>
   </div>
   <div class='ocr_carea' id='block_1_2' title="bbox 858 219 1165 263">
    <p class='ocr_par' dir='ltr' id='par_1_2' title="bbox 858 219 1165 263">
     <span class='ocr_line' id='line_1_2' title="bbox 858 219 1165 263; baseline 0.003 -1"><span class='ocrx_word' id='word_1_2' title='bbox 858 219 1165 263; x_wconf 90' lang='lat' dir='ltr'><strong>HORATII</strong></span> 
     </span>
    </p>
   </div>
   <div class='ocr_carea' id='block_1_3' title="bbox 1615 217 1796 274">
    <p class='ocr_par' dir='ltr' id='par_1_3' title="bbox 1615 217 1796 274">
     <span class='ocr_line' id='line_1_3' title="bbox 1615 217 1796 274; baseline -0.011 -11"><span class='ocrx_word' id='word_1_3' title='bbox 1615 225 1724 274; x_wconf 76' lang='lat' dir='ltr'><strong>[Lm.</strong></span> <span class='ocrx_word' id='word_1_4' title='bbox 1747 217 1796 262; x_wconf 83' lang='grc' dir='ltr'><strong>ιι.</strong></span> 
     </span>
    </p>
   </div>
   <div class='ocr_carea' id='block_1_4' title="bbox 254 344 1503 404">
    <p class='ocr_par' dir='ltr' id='par_1_4' title="bbox 254 344 1503 404">
     <span class='ocr_line' id='line_1_4' title="bbox 254 344 1503 404; baseline 0.001 -16"><span class='ocrx_word' id='word_1_5' title='bbox 254 350 310 388; x_wconf 84' lang='grc'><strong>70</strong></span> <span class='ocrx_word' id='word_1_6' title='bbox 342 347 502 403; x_wconf 88' lang='lat' dir='ltr'><strong>Accipe</strong></span> <span class='ocrx_word' id='word_1_7' title='bbox 522 360 648 395; x_wconf 90' lang='lat' dir='ltr'><strong>nunc,</strong></span> <span class='ocrx_word' id='word_1_8' title='bbox 662 344 804 386; x_wconf 75' lang='lat' dir='ltr'><strong>victus</strong></span> <span class='ocrx_word' id='word_1_9' title='bbox 824 345 962 386; x_wconf 90' lang='lat' dir='ltr'><strong>tenuis</strong></span> <span class='ocrx_word' id='word_1_10' title='bbox 983 361 1080 402; x_wconf 86' lang='lat' dir='ltr'><strong>quae</strong></span> <span class='ocrx_word' id='word_1_11' title='bbox 1100 354 1339 404; x_wconf 83' lang='lat' dir='ltr'><strong>quantaque</strong></span> <span class='ocrx_word' id='word_1_12' title='bbox 1360 362 1503 389; x_wconf 89' lang='lat' dir='ltr'><strong>secum</strong></span> 
     </span>
    </p>
   </div>
   <div class='ocr_carea' id='block_1_5' title="bbox 339 419 514 460">
    <p class='ocr_par' dir='ltr' id='par_1_5' title="bbox 339 419 514 460">
     <span class='ocr_line' id='line_1_5' title="bbox 339 419 514 460; baseline -0.006 0"><span class='ocrx_word' id='word_1_13' title='bbox 339 419 514 460; x_wconf 86' lang='lat' dir='ltr'><strong>Afferat.</strong></span> 
     </span>
    </p>
   </div>
   <div class='ocr_carea' id='block_1_6' title="bbox 575 416 1476 472">
    <p class='ocr_par' dir='ltr' id='par_1_6' title="bbox 575 416 1476 472">
     <span class='ocr_line' id='line_1_6' title="bbox 575 416 1476 472; baseline 0.003 -14"><span class='ocrx_word' id='word_1_14' title='bbox 575 417 628 458; x_wconf 93' lang='lat' dir='ltr'><strong>In</strong></span> <span class='ocrx_word' id='word_1_15' title='bbox 649 417 796 472; x_wconf 90' lang='lat' dir='ltr'><strong>primis</strong></span> <span class='ocrx_word' id='word_1_16' title='bbox 817 416 956 458; x_wconf 86' lang='lat' dir='ltr'><strong>valeas</strong></span> <span class='ocrx_word' id='word_1_17' title='bbox 977 417 1110 458; x_wconf 89' lang='lat' dir='ltr'><strong>bene:</strong></span> <span class='ocrx_word' id='word_1_18' title='bbox 1142 433 1242 459; x_wconf 84' lang='lat' dir='ltr'><strong>nam</strong></span> <span class='ocrx_word' id='word_1_19' title='bbox 1261 420 1388 461; x_wconf 86' lang='lat' dir='ltr'><strong>variae</strong></span> <span class='ocrx_word' id='word_1_20' title='bbox 1409 435 1476 461; x_wconf 88' lang='lat' dir='ltr'><strong>res</strong></span> 
     </span>
    </p>
   </div>
   <div class='ocr_carea' id='block_1_7' title="bbox 341 485 1440 686">
    <p class='ocr_par' dir='ltr' id='par_1_7' title="bbox 341 485 1440 686">
     <span class='ocr_line' id='line_1_7' title="bbox 342 485 1440 539; baseline 0.001 -10"><span class='ocrx_word' id='word_1_21' title='bbox 342 487 405 530; x_wconf 92' lang='lat' dir='ltr'><strong>Ut</strong></span> <span class='ocrx_word' id='word_1_22' title='bbox 424 493 603 528; x_wconf 87' lang='lat' dir='ltr'>noceant</span> <span class='ocrx_word' id='word_1_23' title='bbox 622 485 797 537; x_wconf 89' lang='lat' dir='ltr'><strong>homini,</strong></span> <span class='ocrx_word' id='word_1_24' title='bbox 822 486 982 537; x_wconf 83' lang='lat' dir='ltr'><strong>credas,</strong></span> <span class='ocrx_word' id='word_1_25' title='bbox 1004 502 1168 528; x_wconf 89' lang='lat' dir='ltr'><strong>memor</strong></span> <span class='ocrx_word' id='word_1_26' title='bbox 1187 487 1298 529; x_wconf 90' lang='lat' dir='ltr'><strong>illius</strong></span> <span class='ocrx_word' id='word_1_27' title='bbox 1319 503 1440 539; x_wconf 86' lang='lat' dir='ltr'><strong>escae,</strong></span> 
     </span>
     <span class='ocr_line' id='line_1_8' title="bbox 341 554 1427 610; baseline 0.004 -15"><span class='ocrx_word' id='word_1_28' title='bbox 341 556 452 605; x_wconf 84' lang='lat' dir='ltr'><strong>Quae</strong></span> <span class='ocrx_word' id='word_1_29' title='bbox 474 554 654 610; x_wconf 86' lang='lat' dir='ltr'>simplex</span> <span class='ocrx_word' id='word_1_30' title='bbox 674 554 775 596; x_wconf 88' lang='lat' dir='ltr'><strong>olim</strong></span> <span class='ocrx_word' id='word_1_31' title='bbox 796 555 872 597; x_wconf 93' lang='lat' dir='ltr'><strong>tibi</strong></span> <span class='ocrx_word' id='word_1_32' title='bbox 893 555 1075 606; x_wconf 87' lang='lat' dir='ltr'><strong>sederit3</strong></span> <span class='ocrx_word' id='word_1_33' title='bbox 1107 564 1150 598; x_wconf 88' lang='lat' dir='ltr'><strong>at</strong></span> <span class='ocrx_word' id='word_1_34' title='bbox 1171 557 1296 598; x_wconf 92' lang='lat' dir='ltr'><strong>simul</strong></span> <span class='ocrx_word' id='word_1_35' title='bbox 1326 558 1427 600; x_wconf 88' lang='lat' dir='ltr'><strong>assis</strong></span> 
     </span>
     <span class='ocr_line' id='line_1_9' title="bbox 341 626 1282 686; baseline 0.004 -19"><span class='ocrx_word' id='word_1_36' title='bbox 341 627 566 668; x_wconf 89' lang='lat' dir='ltr'><strong>Miscueris</strong></span> <span class='ocrx_word' id='word_1_37' title='bbox 587 626 711 678; x_wconf 86' lang='lat' dir='ltr'><strong>elixa,</strong></span> <span class='ocrx_word' id='word_1_38' title='bbox 734 627 859 669; x_wconf 89' lang='lat' dir='ltr'><strong>simul</strong></span> <span class='ocrx_word' id='word_1_39' title='bbox 879 628 1101 686; x_wconf 88' lang='lat' dir='ltr'><strong>conchylia</strong></span> <span class='ocrx_word' id='word_1_40' title='bbox 1120 629 1256 671; x_wconf 89' lang='lat' dir='ltr'><strong>turdis</strong></span> <span class='ocrx_word' id='word_1_41' title='bbox 1272 645 1282 671; x_wconf 79' lang='lat' dir='ltr'><em>z</em></span> 
     </span>
    </p>
   </div>
   <div class='ocr_carea' id='block_1_8' title="bbox 253 701 307 738">
    <p class='ocr_par' dir='ltr' id='par_1_8' title="bbox 253 701 307 738">
     <span class='ocr_line' id='line_1_10' title="bbox 253 701 307 738; baseline 0 0"><span class='ocrx_word' id='word_1_42' title='bbox 253 701 307 738; x_wconf 87' lang='grc'><strong>75</strong></span> 
     </span>
    </p>
   </div>
   <div class='ocr_carea' id='block_1_9' title="bbox 339 695 1545 756">
    <p class='ocr_par' dir='ltr' id='par_1_9' title="bbox 339 695 1545 756">
     <span class='ocr_line' id='line_1_11' title="bbox 339 695 1545 756; baseline 0.004 -18"><span class='ocrx_word' id='word_1_43' title='bbox 339 695 496 738; x_wconf 87' lang='lat' dir='ltr'><strong>Dulcia</strong></span> <span class='ocrx_word' id='word_1_44' title='bbox 516 711 560 737; x_wconf 89' lang='lat' dir='ltr'><strong>se</strong></span> <span class='ocrx_word' id='word_1_45' title='bbox 580 696 624 737; x_wconf 90' lang='lat' dir='ltr'><strong>in</strong></span> <span class='ocrx_word' id='word_1_46' title='bbox 644 696 774 738; x_wconf 90' lang='lat' dir='ltr'><strong>bilem</strong></span> <span class='ocrx_word' id='word_1_47' title='bbox 794 706 973 748; x_wconf 86' lang='lat' dir='ltr'><strong>vertent,</strong></span> <span class='ocrx_word' id='word_1_48' title='bbox 998 698 1300 756; x_wconf 85' lang='lat' dir='ltr'>stomachoque</span> <span class='ocrx_word' id='word_1_49' title='bbox 1320 699 1545 743; x_wconf 87' lang='lat' dir='ltr'><strong>tumultum</strong></span> 
     </span>
    </p>
   </div>
   <div class='ocr_carea' id='block_1_10' title="bbox 337 765 1465 1038">
    <p class='ocr_par' dir='ltr' id='par_1_10' title="bbox 337 765 1465 1038">
     <span class='ocr_line' id='line_1_12' title="bbox 339 765 1425 824; baseline 0.004 -17"><span class='ocrx_word' id='word_1_50' title='bbox 339 766 478 807; x_wconf 86' lang='lat' dir='ltr'><strong>Lenta</strong></span> <span class='ocrx_word' id='word_1_51' title='bbox 496 765 602 808; x_wconf 87' lang='lat' dir='ltr'><strong>feret</strong></span> <span class='ocrx_word' id='word_1_52' title='bbox 621 767 786 822; x_wconf 87' lang='lat' dir='ltr'><strong>pituita.</strong></span> <span class='ocrx_word' id='word_1_53' title='bbox 849 767 994 818; x_wconf 87' lang='lat' dir='ltr'><strong>Vides,</strong></span> <span class='ocrx_word' id='word_1_54' title='bbox 1019 776 1065 809; x_wconf 94' lang='lat' dir='ltr'><strong>ut</strong></span> <span class='ocrx_word' id='word_1_55' title='bbox 1085 768 1268 824; x_wconf 86' lang='lat' dir='ltr'><strong>pallidus</strong></span> <span class='ocrx_word' id='word_1_56' title='bbox 1289 770 1425 811; x_wconf 91' lang='lat' dir='ltr'><strong>omnis</strong></span> 
     </span>
     <span class='ocr_line' id='line_1_13' title="bbox 340 836 1419 895; baseline 0.002 -17"><span class='ocrx_word' id='word_1_57' title='bbox 340 837 475 878; x_wconf 85' lang='lat' dir='ltr'><strong>Coena</strong></span> <span class='ocrx_word' id='word_1_58' title='bbox 495 836 696 895; x_wconf 84' lang='lat' dir='ltr'><strong>desurgat</strong></span> <span class='ocrx_word' id='word_1_59' title='bbox 716 836 876 879; x_wconf 83' lang='lat' dir='ltr'><strong>dubia?</strong></span> <span class='ocrx_word' id='word_1_60' title='bbox 908 837 1026 887; x_wconf 80' lang='lat' dir='ltr'><strong>Quin</strong></span> <span class='ocrx_word' id='word_1_61' title='bbox 1047 853 1200 894; x_wconf 91' lang='lat' dir='ltr'><strong>corpus</strong></span> <span class='ocrx_word' id='word_1_62' title='bbox 1221 846 1419 880; x_wconf 90' lang='lat' dir='ltr'><strong>onustum</strong></span> 
     </span>
     <span class='ocr_line' id='line_1_14' title="bbox 340 909 1465 969; baseline 0.002 -18"><span class='ocrx_word' id='word_1_63' title='bbox 340 909 562 951; x_wconf 78' lang='lat' dir='ltr'><strong>Hesternis</strong></span> <span class='ocrx_word' id='word_1_64' title='bbox 583 910 692 952; x_wconf 89' lang='lat' dir='ltr'><strong>vitiis</strong></span> <span class='ocrx_word' id='word_1_65' title='bbox 713 911 900 952; x_wconf 86' lang='lat' dir='ltr'><strong>animum</strong></span> <span class='ocrx_word' id='word_1_66' title='bbox 921 920 1348 969; x_wconf 73' lang='lat' dir='ltr'><strong>quoque-praegravat</strong></span> <span class='ocrx_word' id='word_1_67' title='bbox 1369 927 1465 963; x_wconf 85' lang='lat' dir='ltr'><strong>una,</strong></span> 
     </span>
     <span class='ocr_line' id='line_1_15' title="bbox 337 980 1378 1038; baseline 0.003 -17"><span class='ocrx_word' id='word_1_68' title='bbox 337 980 481 1036; x_wconf 89' lang='lat' dir='ltr'>Atque</span> <span class='ocrx_word' id='word_1_69' title='bbox 501 980 633 1038; x_wconf 86' lang='lat' dir='ltr'><strong>affigit</strong></span> <span class='ocrx_word' id='word_1_70' title='bbox 652 980 784 1022; x_wconf 89' lang='lat' dir='ltr'><strong>humo</strong></span> <span class='ocrx_word' id='word_1_71' title='bbox 805 980 959 1022; x_wconf 87' lang='lat' dir='ltr'><strong>divinae</strong></span> <span class='ocrx_word' id='word_1_72' title='bbox 979 981 1378 1037; x_wconf 13' lang='lat' dir='ltr'><strong>particulamraurae.</strong></span> 
     </span>
    </p>
   </div>
   <div class='ocr_carea' id='block_1_11' title="bbox 250 1056 306 1094">
    <p class='ocr_par' dir='ltr' id='par_1_11' title="bbox 250 1056 306 1094">
     <span class='ocr_line' id='line_1_16' title="bbox 250 1056 306 1094; baseline 0 0"><span class='ocrx_word' id='word_1_73' title='bbox 250 1056 306 1094; x_wconf 89' lang='grc'><strong>80</strong></span> 
     </span>
    </p>
   </div>
   <div class='ocr_carea' id='block_1_12' title="bbox 338 1052 1175 1110">
    <p class='ocr_par' dir='ltr' id='par_1_12' title="bbox 338 1052 1175 1110">
     <span class='ocr_line' id='line_1_17' title="bbox 338 1052 1175 1110; baseline 0.001 -16"><span class='ocrx_word' id='word_1_74' title='bbox 338 1052 474 1103; x_wconf 85' lang='lat' dir='ltr'><strong>Alter,</strong></span> <span class='ocrx_word' id='word_1_75' title='bbox 497 1053 570 1094; x_wconf 89' lang='lat' dir='ltr'><strong>ubi</strong></span> <span class='ocrx_word' id='word_1_76' title='bbox 591 1053 704 1094; x_wconf 87' lang='lat' dir='ltr'><strong>dicto</strong></span> <span class='ocrx_word' id='word_1_77' title='bbox 725 1053 846 1095; x_wconf 89' lang='lat' dir='ltr'><strong>citius</strong></span> <span class='ocrx_word' id='word_1_78' title='bbox 868 1061 1013 1095; x_wconf 84' lang='lat' dir='ltr'><strong>curata</strong></span> <span class='ocrx_word' id='word_1_79' title='bbox 1033 1054 1175 1110; x_wconf 90' lang='lat' dir='ltr'><strong>sopori</strong></span> 
     </span>
    </p>
   </div>
   <div class='ocr_carea' id='block_1_13' title="bbox 338 1122 1562 1255">
    <p class='ocr_par' dir='ltr' id='par_1_13' title="bbox 338 1122 1562 1255">
     <span class='ocr_line' id='line_1_18' title="bbox 338 1122 1556 1182; baseline 0.002 -19"><span class='ocrx_word' id='word_1_80' title='bbox 338 1122 538 1164; x_wconf 89' lang='lat' dir='ltr'><strong>Membra</strong></span> <span class='ocrx_word' id='word_1_81' title='bbox 557 1122 687 1174; x_wconf 82' lang='lat' dir='ltr'><strong>dedit,</strong></span> <span class='ocrx_word' id='word_1_82' title='bbox 709 1132 882 1181; x_wconf 87' lang='lat' dir='ltr'><strong>vegetus</strong></span> <span class='ocrx_word' id='word_1_83' title='bbox 902 1124 1151 1179; x_wconf 88' lang='lat' dir='ltr'><strong>praescripta</strong></span> <span class='ocrx_word' id='word_1_84' title='bbox 1171 1124 1226 1166; x_wconf 88' lang='lat' dir='ltr'><strong>ad</strong></span> <span class='ocrx_word' id='word_1_85' title='bbox 1244 1125 1390 1166; x_wconf 86' lang='lat' dir='ltr'><strong>munia</strong></span> <span class='ocrx_word' id='word_1_86' title='bbox 1410 1125 1556 1182; x_wconf 87' lang='lat' dir='ltr'><strong>surgit.</strong></span> 
     </span>
     <span class='ocr_line' id='line_1_19' title="bbox 338 1195 1562 1255; baseline 0.002 -19"><span class='ocrx_word' id='word_1_87' title='bbox 338 1195 424 1237; x_wconf 88' lang='lat' dir='ltr'><strong>Hic</strong></span> <span class='ocrx_word' id='word_1_88' title='bbox 445 1204 585 1237; x_wconf 85' lang='lat' dir='ltr'><strong>tamen</strong></span> <span class='ocrx_word' id='word_1_89' title='bbox 606 1196 660 1237; x_wconf 83' lang='lat' dir='ltr'><strong>ad</strong></span> <span class='ocrx_word' id='word_1_90' title='bbox 683 1196 829 1238; x_wconf 89' lang='lat' dir='ltr'><strong>melius</strong></span> <span class='ocrx_word' id='word_1_91' title='bbox 850 1197 1006 1252; x_wconf 89' lang='lat' dir='ltr'><strong>poterit</strong></span> <span class='ocrx_word' id='word_1_92' title='bbox 1026 1205 1314 1239; x_wconf 83' lang='lat' dir='ltr'><strong>transcurrere</strong></span> <span class='ocrx_word' id='word_1_93' title='bbox 1335 1197 1562 1255; x_wconf 87' lang='lat' dir='ltr'><strong>quondam,</strong></span> 
     </span>
    </p>
   </div>
   <div class='ocr_carea' id='block_1_14' title="bbox 339 1266 1336 1320">
    <p class='ocr_par' dir='ltr' id='par_1_14' title="bbox 339 1266 1336 1320">
     <span class='ocr_line' id='line_1_20' title="bbox 339 1266 1336 1320; baseline 0.001 -11"><span class='ocrx_word' id='word_1_94' title='bbox 339 1267 436 1310; x_wconf 88' lang='lat' dir='ltr'><strong>Sive</strong></span> <span class='ocrx_word' id='word_1_95' title='bbox 456 1267 568 1309; x_wconf 90' lang='lat' dir='ltr'><strong>diem</strong></span> <span class='ocrx_word' id='word_1_96' title='bbox 588 1266 741 1309; x_wconf 87' lang='lat' dir='ltr'><strong>festum</strong></span> <span class='ocrx_word' id='word_1_97' title='bbox 761 1268 928 1310; x_wconf 89' lang='lat' dir='ltr'><strong>rediens</strong></span> <span class='ocrx_word' id='word_1_98' title='bbox 950 1268 1168 1310; x_wconf 86' lang='lat' dir='ltr'><strong>advexerit</strong></span> <span class='ocrx_word' id='word_1_99' title='bbox 1188 1284 1336 1320; x_wconf 89' lang='lat' dir='ltr'><strong>annus,</strong></span> 
     </span>
    </p>
   </div>
   <div class='ocr_carea' id='block_1_15' title="bbox 339 1340 1345 1398">
    <p class='ocr_par' dir='ltr' id='par_1_15' title="bbox 339 1340 1345 1398">
     <span class='ocr_line' id='line_1_21' title="bbox 339 1340 1345 1398; baseline 0.001 -15"><span class='ocrx_word' id='word_1_100' title='bbox 339 1340 423 1383; x_wconf 87' lang='lat' dir='ltr'><strong>Seu</strong></span> <span class='ocrx_word' id='word_1_101' title='bbox 443 1355 635 1382; x_wconf 84' lang='lat' dir='ltr'><strong>recreare</strong></span> <span class='ocrx_word' id='word_1_102' title='bbox 656 1340 770 1382; x_wconf 90' lang='lat' dir='ltr'><strong>volet</strong></span> <span class='ocrx_word' id='word_1_103' title='bbox 789 1349 1007 1383; x_wconf 88' lang='lat' dir='ltr'><strong>tenuatum</strong></span> <span class='ocrx_word' id='word_1_104' title='bbox 1028 1356 1196 1398; x_wconf 84' lang='lat' dir='ltr'><strong>corpus,</strong></span> <span class='ocrx_word' id='word_1_105' title='bbox 1219 1342 1345 1384; x_wconf 90' lang='lat' dir='ltr'><strong>ubive</strong></span> 
     </span>
    </p>
   </div>
   <div class='ocr_carea' id='block_1_16' title="bbox 248 1414 303 1452">
    <p class='ocr_par' dir='ltr' id='par_1_16' title="bbox 248 1414 303 1452">
     <span class='ocr_line' id='line_1_22' title="bbox 248 1414 303 1452; baseline 0.018 -1"><span class='ocrx_word' id='word_1_106' title='bbox 248 1414 303 1452; x_wconf 88' lang='lat'><strong>85</strong></span> 
     </span>
    </p>
   </div>
   <div class='ocr_carea' id='block_1_17' title="bbox 336 1410 1237 1453">
    <p class='ocr_par' dir='ltr' id='par_1_17' title="bbox 336 1410 1237 1453">
     <span class='ocr_line' id='line_1_23' title="bbox 336 1410 1237 1453; baseline 0.002 -2"><span class='ocrx_word' id='word_1_107' title='bbox 336 1410 554 1452; x_wconf 90' lang='lat' dir='ltr'><strong>Accedent</strong></span> <span class='ocrx_word' id='word_1_108' title='bbox 573 1410 673 1451; x_wconf 87' lang='lat' dir='ltr'><strong>anni</strong></span> <span class='ocrx_word' id='word_1_109' title='bbox 693 1418 735 1452; x_wconf 91' lang='lat' dir='ltr'><strong>et</strong></span> <span class='ocrx_word' id='word_1_110' title='bbox 755 1412 925 1453; x_wconf 83' lang='lat' dir='ltr'><strong>tractari</strong></span> <span class='ocrx_word' id='word_1_111' title='bbox 945 1411 1114 1453; x_wconf 87' lang='lat' dir='ltr'><strong>mollius</strong></span> <span class='ocrx_word' id='word_1_112' title='bbox 1135 1420 1237 1453; x_wconf 84' lang='lat' dir='ltr'><strong>aetas</strong></span> 
     </span>
    </p>
   </div>
   <div class='ocr_carea' id='block_1_18' title="bbox 333 1479 1506 1678">
    <p class='ocr_par' dir='ltr' id='par_1_18' title="bbox 333 1479 1506 1678">
     <span class='ocr_line' id='line_1_24' title="bbox 335 1479 1506 1538; baseline 0.002 -16"><span class='ocrx_word' id='word_1_113' title='bbox 335 1479 555 1522; x_wconf 88' lang='lat' dir='ltr'><strong>Imbecilla</strong></span> <span class='ocrx_word' id='word_1_114' title='bbox 573 1480 698 1522; x_wconf 86' lang='lat' dir='ltr'><strong>volet.</strong></span> <span class='ocrx_word' id='word_1_115' title='bbox 761 1481 862 1523; x_wconf 91' lang='lat' dir='ltr'>Tibi</span> <span class='ocrx_word' id='word_1_116' title='bbox 882 1481 1085 1538; x_wconf 83' lang='lat' dir='ltr'><strong>quidnam</strong></span> <span class='ocrx_word' id='word_1_117' title='bbox 1105 1482 1277 1524; x_wconf 88' lang='lat' dir='ltr'><strong>accedet</strong></span> <span class='ocrx_word' id='word_1_118' title='bbox 1297 1482 1352 1523; x_wconf 85' lang='lat' dir='ltr'><strong>ad</strong></span> <span class='ocrx_word' id='word_1_119' title='bbox 1371 1482 1506 1534; x_wconf 82' lang='lat' dir='ltr'><strong>istam,</strong></span> 
     </span>
     <span class='ocr_line' id='line_1_25' title="bbox 336 1553 1459 1610; baseline 0.003 -16"><span class='ocrx_word' id='word_1_120' title='bbox 336 1553 479 1603; x_wconf 82' lang='lat' dir='ltr'><strong>Quam</strong></span> <span class='ocrx_word' id='word_1_121' title='bbox 498 1568 606 1609; x_wconf 90' lang='lat' dir='ltr'><strong>puer</strong></span> <span class='ocrx_word' id='word_1_122' title='bbox 625 1561 668 1595; x_wconf 91' lang='lat' dir='ltr'><strong>et</strong></span> <span class='ocrx_word' id='word_1_123' title='bbox 687 1553 850 1595; x_wconf 87' lang='lat' dir='ltr'><strong>validus</strong></span> <span class='ocrx_word' id='word_1_124' title='bbox 871 1555 1107 1610; x_wconf 80' lang='lat' dir='ltr'><strong>praesumis,</strong></span> <span class='ocrx_word' id='word_1_125' title='bbox 1129 1555 1362 1606; x_wconf 86' lang='lat' dir='ltr'><strong>mollitiem,</strong></span> <span class='ocrx_word' id='word_1_126' title='bbox 1385 1571 1459 1598; x_wconf 92' lang='lat' dir='ltr'><strong>seu</strong></span> 
     </span>
     <span class='ocr_line' id='line_1_26' title="bbox 333 1625 1387 1678; baseline 0.001 -9"><span class='ocrx_word' id='word_1_127' title='bbox 333 1625 460 1669; x_wconf 85' lang='lat' dir='ltr'><strong>Dura</strong></span> <span class='ocrx_word' id='word_1_128' title='bbox 478 1625 675 1668; x_wconf 86' lang='lat' dir='ltr'><strong>valetudo</strong></span> <span class='ocrx_word' id='word_1_129' title='bbox 695 1626 902 1678; x_wconf 87' lang='lat' dir='ltr'><strong>inciderit,</strong></span> <span class='ocrx_word' id='word_1_130' title='bbox 924 1643 998 1670; x_wconf 89' lang='lat' dir='ltr'><strong>seu</strong></span> <span class='ocrx_word' id='word_1_131' title='bbox 1018 1627 1141 1670; x_wconf 86' lang='lat' dir='ltr'><strong>tarda</strong></span> <span class='ocrx_word' id='word_1_132' title='bbox 1161 1636 1351 1670; x_wconf 89' lang='lat' dir='ltr'><strong>senectus</strong></span> <span class='ocrx_word' id='word_1_133' title='bbox 1367 1627 1387 1670; x_wconf 74' lang='grc' dir='ltr'><strong><em>Ρ</em></strong></span> 
     </span>
    </p>
   </div>
   <div class='ocr_carea' id='block_1_19' title="bbox 217 1756 985 1799">
    <p class='ocr_par' dir='ltr' id='par_1_19' title="bbox 217 1756 985 1799">
     <span class='ocr_line' id='line_1_27' title="bbox 217 1756 985 1799; baseline 0.001 -13"><span class='ocrx_word' id='word_1_134' title='bbox 217 1761 288 1787; x_wconf 79' lang='lat' dir='ltr'><strong>vent</strong></span> <span class='ocrx_word' id='word_1_135' title='bbox 300 1757 454 1786; x_wconf 75' lang='lat' dir='ltr'><strong>stomacho</strong></span> <span class='ocrx_word' id='word_1_136' title='bbox 457 1756 600 1799; x_wconf 80' lang='lat' dir='ltr'><strong>fastidia,</strong></span> <span class='ocrx_word' id='word_1_137' title='bbox 613 1766 668 1787; x_wconf 73' lang='lat' dir='ltr'><strong>seu</strong></span> <span class='ocrx_word' id='word_1_138' title='bbox 675 1766 757 1797; x_wconf 85' lang='lat' dir='ltr'><strong>puer</strong></span> <span class='ocrx_word' id='word_1_139' title='bbox 765 1756 868 1787; x_wconf 70' lang='lat' dir='ltr'><strong>unctis</strong></span> <span class='ocrx_word' id='word_1_140' title='bbox 889 1757 985 1787; x_wconf 81' lang='lat' dir='ltr'><strong>Trac-</strong></span> 
     </span>
    </p>
   </div>
   <div class='ocr_carea' id='block_1_20' title="bbox 147 1800 948 1844">
    <p class='ocr_par' dir='ltr' id='par_1_20' title="bbox 147 1800 948 1844">
     <span class='ocr_line' id='line_1_28' title="bbox 147 1800 948 1844; baseline 0.002 -16"><span class='ocrx_word' id='word_1_141' title='bbox 147 1826 150 1828; x_wconf 74' lang='grc'><strong>,</strong></span> <span class='ocrx_word' id='word_1_142' title='bbox 211 1801 291 1844; x_wconf 51' lang='grc' dir='ltr'><strong>νιιιυίλ</strong></span> <span class='ocrx_word' id='word_1_143' title='bbox 308 1800 432 1830; x_wconf 82' lang='lat' dir='ltr'><strong>calicem</strong></span> <span class='ocrx_word' id='word_1_144' title='bbox 448 1800 602 1837; x_wconf 75' lang='lat' dir='ltr'><strong>manibus,</strong></span> <span class='ocrx_word' id='word_1_145' title='bbox 618 1801 696 1830; x_wconf 85' lang='lat' dir='ltr'><strong>dum</strong></span> <span class='ocrx_word' id='word_1_146' title='bbox 703 1800 801 1840; x_wconf 78' lang='lat' dir='ltr'><strong>furta</strong></span> <span class='ocrx_word' id='word_1_147' title='bbox 815 1801 948 1839; x_wconf 71' lang='lat' dir='ltr'><strong>ligumit.</strong></span> 
     </span>
    </p>
   </div>
   <div class='ocr_carea' id='block_1_21' title="bbox 214 1840 987 2360">
    <p class='ocr_par' dir='ltr' id='par_1_21' title="bbox 259 1840 944 1884">
     <span class='ocr_line' id='line_1_29' title="bbox 259 1840 944 1884; baseline 0.001 -12"><span class='ocrx_word' id='word_1_148' title='bbox 259 1853 289 1872; x_wconf 86' lang='lat' dir='ltr'><strong>v.</strong></span> <span class='ocrx_word' id='word_1_149' title='bbox 308 1840 360 1872; x_wconf 80' lang='grc'><strong>71.</strong></span> <span class='ocrx_word' id='word_1_150' title='bbox 378 1844 476 1874; x_wconf 80' lang='lat' dir='ltr'><strong>variae</strong></span> <span class='ocrx_word' id='word_1_151' title='bbox 489 1854 548 1880; x_wconf 86' lang='lat' dir='ltr'><strong>res,</strong></span> <span class='ocrx_word' id='word_1_152' title='bbox 564 1843 649 1873; x_wconf 83' lang='lat' dir='ltr'><strong>varia</strong></span> <span class='ocrx_word' id='word_1_153' title='bbox 663 1843 803 1873; x_wconf 90' lang='lat' dir='ltr'><strong>ciborum</strong></span> <span class='ocrx_word' id='word_1_154' title='bbox 819 1852 944 1884; x_wconf 76' lang='lat' dir='ltr'><strong>genera.</strong></span> 
     </span>
    </p>

    <p class='ocr_par' dir='ltr' id='par_1_22' title="bbox 214 1885 987 2360">
     <span class='ocr_line' id='line_1_30' title="bbox 260 1885 987 1927; baseline 0.003 -12"><span class='ocrx_word' id='word_1_155' title='bbox 260 1896 289 1915; x_wconf 89' lang='lat' dir='ltr'><strong>v.</strong></span> <span class='ocrx_word' id='word_1_156' title='bbox 308 1885 360 1916; x_wconf 82' lang='lat'><strong>¹72.</strong></span> <span class='ocrx_word' id='word_1_157' title='bbox 385 1897 471 1923; x_wconf 70' lang='lat' dir='ltr'><strong>esca,</strong></span> <span class='ocrx_word' id='word_1_158' title='bbox 493 1888 569 1921; x_wconf 81' lang='lat' dir='ltr'><strong>Quae</strong></span> <span class='ocrx_word' id='word_1_159' title='bbox 583 1887 708 1927; x_wconf 67' lang='lat' dir='ltr'><strong>simplex</strong></span> <span class='ocrx_word' id='word_1_160' title='bbox 731 1887 801 1917; x_wconf 84' lang='lat' dir='ltr'><strong>olim</strong></span> <span class='ocrx_word' id='word_1_161' title='bbox 825 1887 880 1917; x_wconf 81' lang='lat' dir='ltr'><strong>tibi</strong></span> <span class='ocrx_word' id='word_1_162' title='bbox 904 1888 987 1917; x_wconf 78' lang='lat' dir='ltr'><strong>sede-</strong></span> 
     </span>
     <span class='ocr_line' id='line_1_31' title="bbox 217 1929 987 1966; baseline -0.001 -6"><span class='ocrx_word' id='word_1_163' title='bbox 217 1931 268 1966; x_wconf 76' lang='lat' dir='ltr'><strong>rit,</strong></span> <span class='ocrx_word' id='word_1_164' title='bbox 285 1929 318 1959; x_wconf 87' lang='lat' dir='ltr'><strong>in</strong></span> <span class='ocrx_word' id='word_1_165' title='bbox 334 1930 531 1960; x_wconf 87' lang='lat' dir='ltr'><strong>stomachum</strong></span> <span class='ocrx_word' id='word_1_166' title='bbox 546 1929 681 1960; x_wconf 79' lang='lat' dir='ltr'><strong>demissa</strong></span> <span class='ocrx_word' id='word_1_167' title='bbox 701 1929 781 1959; x_wconf 89' lang='lat' dir='ltr'><strong>nihil</strong></span> <span class='ocrx_word' id='word_1_168' title='bbox 803 1929 848 1960; x_wconf 84' lang='lat' dir='ltr'><strong>ibi</strong></span> <span class='ocrx_word' id='word_1_169' title='bbox 873 1929 987 1960; x_wconf 84' lang='lat' dir='ltr'><strong>moles-</strong></span> 
     </span>
     <span class='ocr_line' id='line_1_32' title="bbox 216 1972 985 2010; baseline 0.001 -8"><span class='ocrx_word' id='word_1_170' title='bbox 216 1973 270 2003; x_wconf 83' lang='lat' dir='ltr'><strong>tiae</strong></span> <span class='ocrx_word' id='word_1_171' title='bbox 299 1979 330 2003; x_wconf 85' lang='lat' dir='ltr'><strong>et</strong></span> <span class='ocrx_word' id='word_1_172' title='bbox 359 1972 445 2003; x_wconf 77' lang='lat' dir='ltr'><strong>taedii</strong></span> <span class='ocrx_word' id='word_1_173' title='bbox 474 1973 673 2010; x_wconf 75' lang='lat' dir='ltr'><strong>excitaverit3</strong></span> <span class='ocrx_word' id='word_1_174' title='bbox 712 1972 817 2004; x_wconf 83' lang='lat' dir='ltr'><strong>tenuis</strong></span> <span class='ocrx_word' id='word_1_175' title='bbox 846 1973 931 2003; x_wconf 88' lang='lat' dir='ltr'><strong>euim</strong></span> <span class='ocrx_word' id='word_1_176' title='bbox 954 1978 985 2003; x_wconf 89' lang='lat' dir='ltr'><strong>et</strong></span> 
     </span>
     <span class='ocr_line' id='line_1_33' title="bbox 217 2016 986 2057; baseline 0.001 -11"><span class='ocrx_word' id='word_1_177' title='bbox 217 2016 350 2056; x_wconf 82' lang='lat' dir='ltr'><strong>simplex</strong></span> <span class='ocrx_word' id='word_1_178' title='bbox 367 2017 467 2047; x_wconf 81' lang='lat' dir='ltr'><strong>victus</strong></span> <span class='ocrx_word' id='word_1_179' title='bbox 481 2016 587 2057; x_wconf 81' lang='lat' dir='ltr'><strong>quiete</strong></span> <span class='ocrx_word' id='word_1_180' title='bbox 602 2022 634 2047; x_wconf 90' lang='lat' dir='ltr'><strong>et</strong></span> <span class='ocrx_word' id='word_1_181' title='bbox 646 2017 714 2047; x_wconf 86' lang='lat' dir='ltr'><strong>sine</strong></span> <span class='ocrx_word' id='word_1_182' title='bbox 735 2016 878 2047; x_wconf 82' lang='lat' dir='ltr'><strong>molestia</strong></span> <span class='ocrx_word' id='word_1_183' title='bbox 899 2016 986 2047; x_wconf 79' lang='lat' dir='ltr'><strong>sedet</strong></span> 
     </span>
     <span class='ocr_line' id='line_1_34' title="bbox 215 2060 983 2103; baseline 0.001 -14"><span class='ocrx_word' id='word_1_184' title='bbox 215 2060 249 2090; x_wconf 87' lang='lat' dir='ltr'><strong>in</strong></span> <span class='ocrx_word' id='word_1_185' title='bbox 272 2061 452 2098; x_wconf 73' lang='lat' dir='ltr'><strong>stomacb03</strong></span> <span class='ocrx_word' id='word_1_186' title='bbox 476 2070 552 2091; x_wconf 89' lang='lat' dir='ltr'><strong>nos:</strong></span> <span class='ocrx_word' id='word_1_187' title='bbox 578 2061 717 2103; x_wconf 63' lang='lat' dir='ltr'><strong>eirgfaclze</strong></span> <span class='ocrx_word' id='word_1_188' title='bbox 737 2062 839 2101; x_wconf 63' lang='lat' dir='ltr'><strong>qzeise,</strong></span> <span class='ocrx_word' id='word_1_189' title='bbox 863 2061 912 2091; x_wconf 77' lang='lat' dir='ltr'><strong>die</strong></span> <span class='ocrx_word' id='word_1_190' title='bbox 933 2062 983 2091; x_wconf 89' lang='lat' dir='ltr'><strong>dir</strong></span> 
     </span>
     <span class='ocr_line' id='line_1_35' title="bbox 216 2105 981 2140; baseline 0 -6"><span class='ocrx_word' id='word_1_191' title='bbox 216 2110 300 2135; x_wconf 83' lang='lat' dir='ltr'><strong>sonst</strong></span> <span class='ocrx_word' id='word_1_192' title='bbox 314 2106 390 2135; x_wconf 80' lang='lat' dir='ltr'><strong>wolzl</strong></span> <span class='ocrx_word' id='word_1_193' title='bbox 404 2105 581 2135; x_wconf 82' lang='lat' dir='ltr'><strong>bekommen</strong></span> <span class='ocrx_word' id='word_1_194' title='bbox 603 2105 651 2135; x_wconf 78' lang='lat' dir='ltr'><strong>ist.</strong></span> <span class='ocrx_word' id='word_1_195' title='bbox 719 2110 753 2135; x_wconf 80' lang='grc' dir='ltr'><strong>αι</strong></span> <span class='ocrx_word' id='word_1_196' title='bbox 777 2105 871 2135; x_wconf 83' lang='lat' dir='ltr'><strong>simul</strong></span> <span class='ocrx_word' id='word_1_197' title='bbox 895 2110 981 2140; x_wconf 63' lang='lat' dir='ltr'><strong>cett„</strong></span> 
     </span>
     <span class='ocr_line' id='line_1_36' title="bbox 216 2147 980 2188; baseline 0.003 -11"><span class='ocrx_word' id='word_1_198' title='bbox 216 2153 250 2178; x_wconf 81' lang='lat' dir='ltr'><strong>at</strong></span> <span class='ocrx_word' id='word_1_199' title='bbox 265 2147 290 2177; x_wconf 88' lang='lat' dir='ltr'><strong>si</strong></span> <span class='ocrx_word' id='word_1_200' title='bbox 305 2147 387 2177; x_wconf 85' lang='lat' dir='ltr'><strong>elixa</strong></span> <span class='ocrx_word' id='word_1_201' title='bbox 401 2147 496 2177; x_wconf 88' lang='lat' dir='ltr'><strong>simul</strong></span> <span class='ocrx_word' id='word_1_202' title='bbox 512 2148 597 2184; x_wconf 83' lang='lat' dir='ltr'><strong>assis,</strong></span> <span class='ocrx_word' id='word_1_203' title='bbox 613 2147 777 2188; x_wconf 88' lang='lat' dir='ltr'><strong>conchylia</strong></span> <span class='ocrx_word' id='word_1_204' title='bbox 789 2147 980 2188; x_wconf 73' lang='lat' dir='ltr'><strong>(muscheta)</strong></span> 
     </span>
     <span class='ocr_line' id='line_1_37' title="bbox 216 2189 984 2228; baseline 0.003 -8"><span class='ocrx_word' id='word_1_205' title='bbox 216 2189 312 2221; x_wconf 90' lang='lat' dir='ltr'><strong>simul</strong></span> <span class='ocrx_word' id='word_1_206' title='bbox 328 2190 429 2220; x_wconf 78' lang='lat' dir='ltr'><strong>turdis</strong></span> <span class='ocrx_word' id='word_1_207' title='bbox 442 2190 626 2228; x_wconf 78' lang='lat' dir='ltr'><strong>miscueris3</strong></span> <span class='ocrx_word' id='word_1_208' title='bbox 651 2191 685 2221; x_wconf 89' lang='lat' dir='ltr'><strong>in</strong></span> <span class='ocrx_word' id='word_1_209' title='bbox 699 2193 857 2222; x_wconf 82' lang='lat' dir='ltr'><strong>miscueris</strong></span> <span class='ocrx_word' id='word_1_210' title='bbox 872 2190 984 2222; x_wconf 73' lang='lat' dir='ltr'><strong>ultima</strong></span> 
     </span>
     <span class='ocr_line' id='line_1_38' title="bbox 216 2233 778 2275; baseline 0.002 -11"><span class='ocrx_word' id='word_1_211' title='bbox 216 2233 336 2275; x_wconf 82' lang='lat' dir='ltr'><strong>syllaba</strong></span> <span class='ocrx_word' id='word_1_212' title='bbox 349 2244 405 2272; x_wconf 83' lang='lat' dir='ltr'><strong>per</strong></span> <span class='ocrx_word' id='word_1_213' title='bbox 419 2243 569 2264; x_wconf 78' lang='lat' dir='ltr'><strong>caesuram</strong></span> <span class='ocrx_word' id='word_1_214' title='bbox 584 2233 778 2274; x_wconf 81' lang='lat' dir='ltr'><strong>producitur.</strong></span> 
     </span>
     <span class='ocr_line' id='line_1_39' title="bbox 214 2274 983 2318; baseline 0 -10"><span class='ocrx_word' id='word_1_215' title='bbox 214 2280 218 2282; x_wconf 86' lang='grc'><em>“</em></span> <span class='ocrx_word' id='word_1_216' title='bbox 259 2276 360 2308; x_wconf 79' lang='lat' dir='ltr'><strong>v-76.</strong></span> <span class='ocrx_word' id='word_1_217' title='bbox 375 2274 502 2318; x_wconf 63' lang='grc' dir='ltr'><strong>ρῖιιιῦα,</strong></span> <span class='ocrx_word' id='word_1_218' title='bbox 518 2278 617 2308; x_wconf 83' lang='lat' dir='ltr'><strong>tribus</strong></span> <span class='ocrx_word' id='word_1_219' title='bbox 631 2278 758 2317; x_wconf 83' lang='lat' dir='ltr'><strong>syllabis</strong></span> <span class='ocrx_word' id='word_1_220' title='bbox 771 2278 983 2318; x_wconf 81' lang='lat' dir='ltr'><strong>pronuncian-</strong></span> 
     </span>
     <span class='ocr_line' id='line_1_40' title="bbox 217 2320 839 2360; baseline -0.002 -8"><span class='ocrx_word' id='word_1_221' title='bbox 217 2320 307 2359; x_wconf 90' lang='lat' dir='ltr'><strong>dum,</strong></span> <span class='ocrx_word' id='word_1_222' title='bbox 324 2326 362 2351; x_wconf 90' lang='lat' dir='ltr'><strong>ut</strong></span> <span class='ocrx_word' id='word_1_223' title='bbox 374 2320 457 2351; x_wconf 76' lang='lat' dir='ltr'><strong>infra</strong></span> <span class='ocrx_word' id='word_1_224' title='bbox 472 2320 574 2360; x_wconf 81' lang='lat' dir='ltr'><strong>Epist.</strong></span> <span class='ocrx_word' id='word_1_225' title='bbox 594 2321 623 2352; x_wconf 88' lang='lat'><strong>1.</strong></span> <span class='ocrx_word' id='word_1_226' title='bbox 642 2320 669 2351; x_wconf 92' lang='lat' dir='ltr'><strong>l.</strong></span> <span class='ocrx_word' id='word_1_227' title='bbox 688 2333 763 2354; x_wconf 66' lang='grc' dir='ltr'><strong>πει-ε.</strong></span> <span class='ocrx_word' id='word_1_228' title='bbox 782 2323 839 2352; x_wconf 79' lang='lat' dir='ltr'><strong>ult.</strong></span> 
     </span>
    </p>
   </div>
   <div class='ocr_carea' id='block_1_22' title="bbox 1025 1755 1796 2363">
    <p class='ocr_par' dir='ltr' id='par_1_23' title="bbox 1029 1755 1796 1971">
     <span class='ocr_line' id='line_1_41' title="bbox 1029 1755 1796 1797; baseline 0 -10"><span class='ocrx_word' id='word_1_229' title='bbox 1029 1765 1099 1787; x_wconf 90' lang='lat' dir='ltr'><strong>cem</strong></span> <span class='ocrx_word' id='word_1_230' title='bbox 1113 1757 1213 1797; x_wconf 81' lang='lat' dir='ltr'><strong>sopori</strong></span> <span class='ocrx_word' id='word_1_231' title='bbox 1227 1755 1281 1786; x_wconf 87' lang='lat' dir='ltr'><strong>sed</strong></span> <span class='ocrx_word' id='word_1_232' title='bbox 1296 1755 1336 1787; x_wconf 85' lang='lat' dir='ltr'><strong>ad</strong></span> <span class='ocrx_word' id='word_1_233' title='bbox 1351 1762 1465 1788; x_wconf 78' lang='lat' dir='ltr'><strong>curata</strong></span> <span class='ocrx_word' id='word_1_234' title='bbox 1479 1757 1614 1787; x_wconf 83' lang='lat' dir='ltr'><strong>membra</strong></span> <span class='ocrx_word' id='word_1_235' title='bbox 1625 1755 1796 1787; x_wconf 76' lang='lat' dir='ltr'><strong>referendae</strong></span> 
     </span>
     <span class='ocr_line' id='line_1_42' title="bbox 1029 1799 1796 1841; baseline 0 -11"><span class='ocrx_word' id='word_1_236' title='bbox 1029 1807 1122 1838; x_wconf 78' lang='lat' dir='ltr'><strong>suut3</strong></span> <span class='ocrx_word' id='word_1_237' title='bbox 1146 1810 1249 1830; x_wconf 84' lang='lat' dir='ltr'><strong>sermo</strong></span> <span class='ocrx_word' id='word_1_238' title='bbox 1259 1800 1326 1841; x_wconf 81' lang='lat' dir='ltr'><strong>J&#39;am</strong></span> <span class='ocrx_word' id='word_1_239' title='bbox 1341 1808 1388 1830; x_wconf 81' lang='lat' dir='ltr'><strong>est</strong></span> <span class='ocrx_word' id='word_1_240' title='bbox 1402 1799 1443 1830; x_wconf 80' lang='lat' dir='ltr'><strong>de</strong></span> <span class='ocrx_word' id='word_1_241' title='bbox 1463 1809 1552 1830; x_wconf 79' lang='lat' dir='ltr'><strong>coena</strong></span> <span class='ocrx_word' id='word_1_242' title='bbox 1573 1799 1701 1840; x_wconf 71' lang='lat' dir='ltr'><strong>frugali,</strong></span> <span class='ocrx_word' id='word_1_243' title='bbox 1722 1809 1796 1840; x_wconf 82' lang='lat' dir='ltr'><strong>quae</strong></span> 
     </span>
     <span class='ocr_line' id='line_1_43' title="bbox 1030 1842 1796 1884; baseline 0 -10"><span class='ocrx_word' id='word_1_244' title='bbox 1030 1854 1126 1874; x_wconf 85' lang='lat' dir='ltr'><strong>caenae</strong></span> <span class='ocrx_word' id='word_1_245' title='bbox 1139 1845 1240 1874; x_wconf 75' lang='lat' dir='ltr'><strong>dubia</strong></span> <span class='ocrx_word' id='word_1_246' title='bbox 1253 1844 1446 1883; x_wconf 85' lang='lat' dir='ltr'><strong>opponitur;</strong></span> <span class='ocrx_word' id='word_1_247' title='bbox 1467 1850 1538 1883; x_wconf 80' lang='lat' dir='ltr'><strong>post</strong></span> <span class='ocrx_word' id='word_1_248' title='bbox 1552 1853 1672 1874; x_wconf 74' lang='lat' dir='ltr'><strong>coenam</strong></span> <span class='ocrx_word' id='word_1_249' title='bbox 1687 1842 1796 1884; x_wconf 69' lang='lat' dir='ltr'><strong>fruga-</strong></span> 
     </span>
     <span class='ocr_line' id='line_1_44' title="bbox 1029 1885 1796 1927; baseline 0.001 -11"><span class='ocrx_word' id='word_1_250' title='bbox 1029 1886 1092 1917; x_wconf 86' lang='lat' dir='ltr'><strong>lem</strong></span> <span class='ocrx_word' id='word_1_251' title='bbox 1108 1886 1193 1917; x_wconf 76' lang='lat' dir='ltr'><strong>dicto</strong></span> <span class='ocrx_word' id='word_1_252' title='bbox 1207 1886 1299 1917; x_wconf 83' lang='lat' dir='ltr'><strong>citius</strong></span> <span class='ocrx_word' id='word_1_253' title='bbox 1313 1893 1470 1927; x_wconf 76' lang='lat' dir='ltr'><strong>peractam</strong></span> <span class='ocrx_word' id='word_1_254' title='bbox 1485 1896 1616 1917; x_wconf 79' lang='lat' dir='ltr'><strong>somnus</strong></span> <span class='ocrx_word' id='word_1_255' title='bbox 1629 1893 1661 1918; x_wconf 85' lang='lat' dir='ltr'><strong>et</strong></span> <span class='ocrx_word' id='word_1_256' title='bbox 1673 1885 1796 1926; x_wconf 76' lang='lat' dir='ltr'><strong>placida</strong></span> 
     </span>
     <span class='ocr_line' id='line_1_45' title="bbox 1029 1929 1266 1971; baseline 0 -11"><span class='ocrx_word' id='word_1_257' title='bbox 1029 1929 1119 1971; x_wconf 86' lang='lat' dir='ltr'><strong>quies</strong></span> <span class='ocrx_word' id='word_1_258' title='bbox 1133 1930 1266 1968; x_wconf 81' lang='lat' dir='ltr'><strong>capitur.</strong></span> 
     </span>
    </p>

    <p class='ocr_par' dir='ltr' id='par_1_24' title="bbox 1025 1971 1796 2222">
     <span class='ocr_line' id='line_1_46' title="bbox 1071 1971 1795 2007; baseline 0 -4"><span class='ocrx_word' id='word_1_259' title='bbox 1071 1983 1100 2004; x_wconf 87' lang='lat' dir='ltr'><strong>v.</strong></span> <span class='ocrx_word' id='word_1_260' title='bbox 1140 1971 1282 2007; x_wconf 78' lang='lat'>82—84.</span> <span class='ocrx_word' id='word_1_261' title='bbox 1322 1975 1388 2006; x_wconf 76' lang='lat' dir='ltr'><strong>Hic</strong></span> <span class='ocrx_word' id='word_1_262' title='bbox 1416 1980 1522 2006; x_wconf 81' lang='lat' dir='ltr'><strong>tamen</strong></span> <span class='ocrx_word' id='word_1_263' title='bbox 1552 1978 1624 2004; x_wconf 82' lang='lat' dir='ltr'><strong>cett.</strong></span> <span class='ocrx_word' id='word_1_264' title='bbox 1671 1972 1795 2003; x_wconf 81' lang='lat' dir='ltr'><strong>Verum</strong></span> 
     </span>
     <span class='ocr_line' id='line_1_47' title="bbox 1028 2016 1796 2058; baseline 0 -11"><span class='ocrx_word' id='word_1_265' title='bbox 1028 2016 1114 2047; x_wconf 87' lang='lat' dir='ltr'><strong>enim</strong></span> <span class='ocrx_word' id='word_1_266' title='bbox 1144 2027 1218 2047; x_wconf 86' lang='lat' dir='ltr'><strong>vero</strong></span> <span class='ocrx_word' id='word_1_267' title='bbox 1242 2017 1303 2054; x_wconf 88' lang='lat' dir='ltr'><strong>hic,</strong></span> <span class='ocrx_word' id='word_1_268' title='bbox 1327 2017 1381 2058; x_wconf 91' lang='lat' dir='ltr'><strong>qui</strong></span> <span class='ocrx_word' id='word_1_269' title='bbox 1403 2017 1492 2048; x_wconf 85' lang='lat' dir='ltr'><strong>tenui</strong></span> <span class='ocrx_word' id='word_1_270' title='bbox 1522 2017 1607 2048; x_wconf 83' lang='lat' dir='ltr'><strong>victu</strong></span> <span class='ocrx_word' id='word_1_271' title='bbox 1629 2023 1796 2048; x_wconf 77' lang='lat' dir='ltr'><strong>contentus</strong></span> 
     </span>
     <span class='ocr_line' id='line_1_48' title="bbox 1026 2060 1794 2103; baseline 0.003 -13"><span class='ocrx_word' id='word_1_272' title='bbox 1026 2060 1112 2098; x_wconf 85' lang='lat' dir='ltr'><strong>vivit,</strong></span> <span class='ocrx_word' id='word_1_273' title='bbox 1123 2060 1236 2100; x_wconf 82' lang='lat' dir='ltr'><strong>poterit</strong></span> <span class='ocrx_word' id='word_1_274' title='bbox 1248 2060 1438 2103; x_wconf 83' lang='lat' dir='ltr'><strong>(quondam)</strong></span> <span class='ocrx_word' id='word_1_275' title='bbox 1451 2070 1680 2101; x_wconf 83' lang='lat' dir='ltr'><strong>nonnunquam</strong></span> <span class='ocrx_word' id='word_1_276' title='bbox 1689 2065 1794 2092; x_wconf 79' lang='lat' dir='ltr'><strong>trans-</strong></span> 
     </span>
     <span class='ocr_line' id='line_1_49' title="bbox 1025 2103 1794 2139; baseline -0.003 -4"><span class='ocrx_word' id='word_1_277' title='bbox 1025 2115 1153 2135; x_wconf 82' lang='lat' dir='ltr'><strong>currere</strong></span> <span class='ocrx_word' id='word_1_278' title='bbox 1166 2106 1209 2135; x_wconf 87' lang='lat' dir='ltr'><strong>ad</strong></span> <span class='ocrx_word' id='word_1_279' title='bbox 1223 2106 1342 2139; x_wconf 65' lang='lat' dir='ltr'><strong>melius.</strong></span> <span class='ocrx_word' id='word_1_280' title='bbox 1369 2104 1500 2135; x_wconf 66' lang='lat' dir='ltr'><strong>msice</strong></span> <span class='ocrx_word' id='word_1_281' title='bbox 1522 2103 1563 2134; x_wconf 82' lang='lat' dir='ltr'><strong>ad</strong></span> <span class='ocrx_word' id='word_1_282' title='bbox 1584 2103 1701 2134; x_wconf 78' lang='lat' dir='ltr'><strong>victum</strong></span> <span class='ocrx_word' id='word_1_283' title='bbox 1726 2113 1794 2133; x_wconf 84' lang='lat' dir='ltr'><strong>me-</strong></span> 
     </span>
     <span class='ocr_line' id='line_1_50' title="bbox 1026 2147 1791 2188; baseline -0.001 -11"><span class='ocrx_word' id='word_1_284' title='bbox 1026 2148 1136 2178; x_wconf 84' lang='lat' dir='ltr'><strong>liorem</strong></span> <span class='ocrx_word' id='word_1_285' title='bbox 1152 2148 1216 2178; x_wconf 85' lang='lat' dir='ltr'><strong>sive</strong></span> <span class='ocrx_word' id='word_1_286' title='bbox 1231 2148 1408 2187; x_wconf 87' lang='lat' dir='ltr'><strong>lautiorem,</strong></span> <span class='ocrx_word' id='word_1_287' title='bbox 1423 2147 1539 2188; x_wconf 83' lang='lat' dir='ltr'><strong>poterit</strong></span> <span class='ocrx_word' id='word_1_288' title='bbox 1562 2156 1791 2188; x_wconf 74' lang='lat' dir='ltr'><strong>nonnunquam</strong></span> 
     </span>
     <span class='ocr_line' id='line_1_51' title="bbox 1025 2190 1270 2222; baseline -0.004 0"><span class='ocrx_word' id='word_1_289' title='bbox 1025 2190 1145 2222; x_wconf 81' lang='lat' dir='ltr'><strong>lautius</strong></span> <span class='ocrx_word' id='word_1_290' title='bbox 1159 2191 1270 2222; x_wconf 83' lang='lat' dir='ltr'><strong>vivere.</strong></span> 
     </span>
    </p>

    <p class='ocr_par' dir='ltr' id='par_1_25' title="bbox 1027 2231 1792 2363">
     <span class='ocr_line' id='line_1_52' title="bbox 1069 2231 1792 2271; baseline -0.001 -7"><span class='ocrx_word' id='word_1_291' title='bbox 1069 2245 1099 2264; x_wconf 85' lang='lat' dir='ltr'><strong>v.</strong></span> <span class='ocrx_word' id='word_1_292' title='bbox 1124 2232 1178 2265; x_wconf 76' lang='lat'><strong>84.</strong></span> <span class='ocrx_word' id='word_1_293' title='bbox 1203 2241 1378 2271; x_wconf 78' lang='lat' dir='ltr'><strong>tenuatum,</strong></span> <span class='ocrx_word' id='word_1_294' title='bbox 1407 2240 1604 2266; x_wconf 71' lang='lat' dir='ltr'><strong>attenuatum</strong></span> <span class='ocrx_word' id='word_1_295' title='bbox 1634 2231 1792 2264; x_wconf 73' lang='lat' dir='ltr'><strong>laboribus</strong></span> 
     </span>
     <span class='ocr_line' id='line_1_53' title="bbox 1027 2274 1790 2310; baseline -0.004 -2"><span class='ocrx_word' id='word_1_296' title='bbox 1027 2284 1059 2308; x_wconf 89' lang='lat' dir='ltr'><strong>et</strong></span> <span class='ocrx_word' id='word_1_297' title='bbox 1087 2279 1274 2308; x_wconf 81' lang='lat' dir='ltr'><strong>exhaustum</strong></span> <span class='ocrx_word' id='word_1_298' title='bbox 1303 2279 1430 2310; x_wconf 79' lang='lat' dir='ltr'><strong>viribus-</strong></span> <span class='ocrx_word' id='word_1_299' title='bbox 1488 2277 1611 2308; x_wconf 82' lang='lat' dir='ltr'><strong>Notum</strong></span> <span class='ocrx_word' id='word_1_300' title='bbox 1639 2282 1687 2307; x_wconf 84' lang='lat' dir='ltr'><strong>est</strong></span> <span class='ocrx_word' id='word_1_301' title='bbox 1708 2274 1790 2306; x_wconf 87' lang='lat' dir='ltr'><strong>illud</strong></span> 
     </span>
     <span class='ocr_line' id='line_1_54' title="bbox 1029 2319 1790 2363; baseline -0.001 -12"><span class='ocrx_word' id='word_1_302' title='bbox 1029 2321 1135 2352; x_wconf 88' lang='lat' dir='ltr'><strong>Ovidii</strong></span> <span class='ocrx_word' id='word_1_303' title='bbox 1153 2321 1208 2363; x_wconf 87' lang='lat' dir='ltr'><strong>(de</strong></span> <span class='ocrx_word' id='word_1_304' title='bbox 1226 2323 1296 2352; x_wconf 76' lang='lat' dir='ltr'><strong>Art.</strong></span> <span class='ocrx_word' id='word_1_305' title='bbox 1328 2322 1406 2352; x_wconf 83' lang='lat' dir='ltr'><strong>Am.</strong></span> <span class='ocrx_word' id='word_1_306' title='bbox 1434 2320 1464 2352; x_wconf 89' lang='lat' dir='ltr'><strong>I.</strong></span> <span class='ocrx_word' id='word_1_307' title='bbox 1494 2319 1588 2357; x_wconf 80' lang='lat'>735.)</span> <span class='ocrx_word' id='word_1_308' title='bbox 1611 2321 1790 2351; x_wconf 77' lang='lat' dir='ltr'><strong>Attenuant</strong></span> 
     </span>
    </p>
   </div>
   <div class='ocr_carea' id='block_1_23' title="bbox 260 2363 1786 2406">
    <p class='ocr_par' dir='ltr' id='par_1_26' title="bbox 260 2363 1786 2406">
     <span class='ocr_line' id='line_1_55' title="bbox 260 2363 1786 2406; baseline -0.001 -11"><span class='ocrx_word' id='word_1_309' title='bbox 260 2374 289 2395; x_wconf 85' lang='lat' dir='ltr'><strong>v.</strong></span> <span class='ocrx_word' id='word_1_310' title='bbox 312 2363 365 2395; x_wconf 89' lang='grc'><strong>77.</strong></span> <span class='ocrx_word' id='word_1_311' title='bbox 383 2375 470 2396; x_wconf 79' lang='lat' dir='ltr'><strong>coenn</strong></span> <span class='ocrx_word' id='word_1_312' title='bbox 486 2366 591 2401; x_wconf 78' lang='lat' dir='ltr'><strong>dubia,</strong></span> <span class='ocrx_word' id='word_1_313' title='bbox 616 2367 657 2396; x_wconf 90' lang='lat' dir='ltr'><strong>ob</strong></span> <span class='ocrx_word' id='word_1_314' title='bbox 680 2375 829 2406; x_wconf 86' lang='lat' dir='ltr'><strong>magnam</strong></span> <span class='ocrx_word' id='word_1_315' title='bbox 849 2364 986 2396; x_wconf 71' lang='lat' dir='ltr'><strong>lautissi·</strong></span> <span class='ocrx_word' id='word_1_316' title='bbox 1016 2365 1175 2405; x_wconf 78' lang='lat' dir='ltr'><strong>juvenum</strong></span> <span class='ocrx_word' id='word_1_317' title='bbox 1197 2366 1332 2405; x_wconf 72' lang='lat' dir='ltr'><strong>vigilam</strong></span> <span class='ocrx_word' id='word_1_318' title='bbox 1360 2375 1488 2405; x_wconf 78' lang='lat' dir='ltr'><strong>corpora</strong></span> <span class='ocrx_word' id='word_1_319' title='bbox 1509 2370 1622 2395; x_wconf 69' lang='lat' dir='ltr'><strong>noctes.</strong></span> <span class='ocrx_word' id='word_1_320' title='bbox 1642 2380 1688 2388; x_wconf 92' lang='grc'>-</span> <span class='ocrx_word' id='word_1_321' title='bbox 1708 2373 1786 2402; x_wconf 65' lang='lat' dir='ltr'><strong>prox</strong></span> 
     </span>
    </p>
   </div>
   <div class='ocr_carea' id='block_1_24' title="bbox 215 2407 983 3058">
    <p class='ocr_par' dir='ltr' id='par_1_27' title="bbox 215 2407 983 2526">
     <span class='ocr_line' id='line_1_56' title="bbox 216 2407 983 2449; baseline 0 -10"><span class='ocrx_word' id='word_1_322' title='bbox 216 2418 341 2439; x_wconf 83' lang='lat' dir='ltr'><strong>marum</strong></span> <span class='ocrx_word' id='word_1_323' title='bbox 355 2407 522 2448; x_wconf 82' lang='lat' dir='ltr'><strong>epularum</strong></span> <span class='ocrx_word' id='word_1_324' title='bbox 536 2408 670 2447; x_wconf 84' lang='lat' dir='ltr'><strong>copiam,</strong></span> <span class='ocrx_word' id='word_1_325' title='bbox 686 2408 742 2440; x_wconf 91' lang='lat' dir='ltr'><strong>ubi</strong></span> <span class='ocrx_word' id='word_1_326' title='bbox 753 2409 892 2444; x_wconf 83' lang='lat' dir='ltr'><strong>conviva,</strong></span> <span class='ocrx_word' id='word_1_327' title='bbox 904 2408 983 2449; x_wconf 90' lang='lat' dir='ltr'><strong>quid</strong></span> 
     </span>
     <span class='ocr_line' id='line_1_57' title="bbox 215 2451 983 2491; baseline 0 -9"><span class='ocrx_word' id='word_1_328' title='bbox 215 2451 414 2491; x_wconf 80' lang='lat' dir='ltr'><strong>potissimum</strong></span> <span class='ocrx_word' id='word_1_329' title='bbox 429 2457 543 2488; x_wconf 86' lang='lat' dir='ltr'><strong>sumat,</strong></span> <span class='ocrx_word' id='word_1_330' title='bbox 560 2451 704 2490; x_wconf 81' lang='lat' dir='ltr'><strong>dubitet3</strong></span> <span class='ocrx_word' id='word_1_331' title='bbox 726 2451 845 2483; x_wconf 78' lang='lat' dir='ltr'><strong>locutio</strong></span> <span class='ocrx_word' id='word_1_332' title='bbox 862 2452 983 2483; x_wconf 88' lang='lat' dir='ltr'><strong>Teren-</strong></span> 
     </span>
     <span class='ocr_line' id='line_1_58' title="bbox 216 2494 639 2526; baseline -0.002 0"><span class='ocrx_word' id='word_1_333' title='bbox 216 2495 303 2526; x_wconf 74' lang='lat' dir='ltr'><strong>tiana</strong></span> <span class='ocrx_word' id='word_1_334' title='bbox 320 2495 449 2526; x_wconf 81' lang='lat' dir='ltr'><strong>Phorm.</strong></span> <span class='ocrx_word' id='word_1_335' title='bbox 469 2494 519 2525; x_wconf 86' lang='grc' dir='ltr'><strong>ΙΙ.</strong></span> <span class='ocrx_word' id='word_1_336' title='bbox 538 2494 569 2526; x_wconf 78' lang='lat'><strong>2.</strong></span> <span class='ocrx_word' id='word_1_337' title='bbox 587 2494 639 2526; x_wconf 73' lang='lat'><strong>28.</strong></span> 
     </span>
    </p>

    <p class='ocr_par' dir='ltr' id='par_1_28' title="bbox 216 2538 983 2614">
     <span class='ocr_line' id='line_1_59' title="bbox 260 2538 983 2581; baseline 0.001 -12"><span class='ocrx_word' id='word_1_338' title='bbox 260 2550 290 2570; x_wconf 85' lang='lat' dir='ltr'><strong>v.</strong></span> <span class='ocrx_word' id='word_1_339' title='bbox 309 2538 362 2570; x_wconf 82' lang='lat'><strong>78.</strong></span> <span class='ocrx_word' id='word_1_340' title='bbox 387 2539 477 2576; x_wconf 68' lang='lat' dir='ltr'><strong>vitiis,</strong></span> <span class='ocrx_word' id='word_1_341' title='bbox 494 2539 629 2570; x_wconf 67' lang='lat' dir='ltr'><strong>suaviter</strong></span> <span class='ocrx_word' id='word_1_342' title='bbox 643 2539 683 2570; x_wconf 91' lang='lat' dir='ltr'><strong>de</strong></span> <span class='ocrx_word' id='word_1_343' title='bbox 698 2538 784 2577; x_wconf 86' lang='lat' dir='ltr'><strong>cibis,</strong></span> <span class='ocrx_word' id='word_1_344' title='bbox 800 2539 855 2581; x_wconf 87' lang='lat' dir='ltr'><strong>qui</strong></span> <span class='ocrx_word' id='word_1_345' title='bbox 872 2545 983 2579; x_wconf 79' lang='lat' dir='ltr'><strong>praeter</strong></span> 
     </span>
     <span class='ocr_line' id='line_1_60' title="bbox 216 2582 544 2614; baseline -0.003 -1"><span class='ocrx_word' id='word_1_346' title='bbox 216 2582 350 2614; x_wconf 88' lang='lat' dir='ltr'><strong>modum</strong></span> <span class='ocrx_word' id='word_1_347' title='bbox 364 2588 544 2613; x_wconf 85' lang='lat' dir='ltr'><strong>sumuntur.</strong></span> 
     </span>
    </p>

    <p class='ocr_par' dir='ltr' id='par_1_29' title="bbox 215 2625 983 3012">
     <span class='ocr_line' id='line_1_61' title="bbox 262 2625 983 2667; baseline 0 -11"><span class='ocrx_word' id='word_1_348' title='bbox 262 2637 290 2657; x_wconf 90' lang='lat' dir='ltr'><strong>v.</strong></span> <span class='ocrx_word' id='word_1_349' title='bbox 316 2625 369 2657; x_wconf 82' lang='lat'><strong>79.</strong></span> <span class='ocrx_word' id='word_1_350' title='bbox 394 2627 453 2658; x_wconf 79' lang='lat' dir='ltr'><strong>div.</strong></span> <span class='ocrx_word' id='word_1_351' title='bbox 473 2627 586 2667; x_wconf 79' lang='lat' dir='ltr'><strong>partic.</strong></span> <span class='ocrx_word' id='word_1_352' title='bbox 615 2638 713 2661; x_wconf 86' lang='lat' dir='ltr'><strong>aurae,</strong></span> <span class='ocrx_word' id='word_1_353' title='bbox 735 2625 867 2657; x_wconf 61' lang='lat' dir='ltr'><strong>coelestis</strong></span> <span class='ocrx_word' id='word_1_354' title='bbox 887 2626 983 2667; x_wconf 79' lang='lat' dir='ltr'><strong>origi-</strong></span> 
     </span>
     <span class='ocr_line' id='line_1_62' title="bbox 217 2669 983 2711; baseline -0.001 -10"><span class='ocrx_word' id='word_1_355' title='bbox 217 2670 267 2701; x_wconf 84' lang='lat' dir='ltr'><strong>nis</strong></span> <span class='ocrx_word' id='word_1_356' title='bbox 294 2670 448 2701; x_wconf 79' lang='lat' dir='ltr'><strong>animum.</strong></span> <span class='ocrx_word' id='word_1_357' title='bbox 509 2669 585 2701; x_wconf 88' lang='lat' dir='ltr'><strong>Jam</strong></span> <span class='ocrx_word' id='word_1_358' title='bbox 623 2670 818 2711; x_wconf 75' lang='lat' dir='ltr'><strong>Pythagoras</strong></span> <span class='ocrx_word' id='word_1_359' title='bbox 851 2676 882 2700; x_wconf 86' lang='lat' dir='ltr'><strong>et</strong></span> <span class='ocrx_word' id='word_1_360' title='bbox 913 2677 983 2709; x_wconf 87' lang='lat' dir='ltr'><strong>post</strong></span> 
     </span>
     <span class='ocr_line' id='line_1_63' title="bbox 217 2711 982 2745; baseline -0.003 0"><span class='ocrx_word' id='word_1_361' title='bbox 217 2724 293 2745; x_wconf 88' lang='lat' dir='ltr'><strong>eum</strong></span> <span class='ocrx_word' id='word_1_362' title='bbox 311 2713 408 2745; x_wconf 84' lang='lat' dir='ltr'><strong>Stoici</strong></span> <span class='ocrx_word' id='word_1_363' title='bbox 421 2711 585 2744; x_wconf 89' lang='lat' dir='ltr'><strong>hominum</strong></span> <span class='ocrx_word' id='word_1_364' title='bbox 600 2712 723 2743; x_wconf 82' lang='lat' dir='ltr'><strong>animos</strong></span> <span class='ocrx_word' id='word_1_365' title='bbox 737 2712 850 2744; x_wconf 84' lang='lat' dir='ltr'><strong>diviuae</strong></span> <span class='ocrx_word' id='word_1_366' title='bbox 868 2713 982 2743; x_wconf 83' lang='lat' dir='ltr'><strong>mentis</strong></span> 
     </span>
     <span class='ocr_line' id='line_1_64' title="bbox 215 2756 979 2800; baseline -0.003 -12"><span class='ocrx_word' id='word_1_367' title='bbox 215 2763 248 2788; x_wconf 85' lang='lat' dir='ltr'><strong>et</strong></span> <span class='ocrx_word' id='word_1_368' title='bbox 269 2756 384 2788; x_wconf 76' lang='lat' dir='ltr'><strong>animae</strong></span> <span class='ocrx_word' id='word_1_369' title='bbox 405 2756 516 2788; x_wconf 87' lang='lat' dir='ltr'><strong>mundi</strong></span> <span class='ocrx_word' id='word_1_370' title='bbox 538 2769 698 2800; x_wconf 59' lang='lat' dir='ltr'><strong>evaeum-a</strong></span> <span class='ocrx_word' id='word_1_371' title='bbox 727 2756 815 2797; x_wconf 85' lang='lat' dir='ltr'><strong>quasi</strong></span> <span class='ocrx_word' id='word_1_372' title='bbox 846 2762 878 2786; x_wconf 84' lang='lat' dir='ltr'><strong>et</strong></span> <span class='ocrx_word' id='word_1_373' title='bbox 906 2758 979 2787; x_wconf 64' lang='lat' dir='ltr'><strong>aia-o-</strong></span> 
     </span>
     <span class='ocr_line' id='line_1_65' title="bbox 217 2799 979 2841; baseline -0.004 -9"><span class='ocrx_word' id='word_1_374' title='bbox 217 2803 390 2841; x_wconf 63' lang='grc' dir='ltr'><strong>στάσματα</strong></span> <span class='ocrx_word' id='word_1_375' title='bbox 419 2810 485 2831; x_wconf 83' lang='lat' dir='ltr'><strong>esse</strong></span> <span class='ocrx_word' id='word_1_376' title='bbox 514 2800 700 2831; x_wconf 76' lang='lat' dir='ltr'><strong>statuebant.</strong></span> <span class='ocrx_word' id='word_1_377' title='bbox 742 2799 856 2840; x_wconf 81' lang='lat' dir='ltr'><strong>virgil.</strong></span> <span class='ocrx_word' id='word_1_378' title='bbox 901 2800 979 2830; x_wconf 90' lang='lat' dir='ltr'><strong>AEn.</strong></span> 
     </span>
     <span class='ocr_line' id='line_1_66' title="bbox 219 2843 981 2884; baseline -0.001 -9"><span class='ocrx_word' id='word_1_379' title='bbox 219 2845 283 2875; x_wconf 92' lang='lat' dir='ltr'><strong>VI.</strong></span> <span class='ocrx_word' id='word_1_380' title='bbox 310 2843 385 2875; x_wconf 87' lang='lat'><strong>730.</strong></span> <span class='ocrx_word' id='word_1_381' title='bbox 411 2846 529 2884; x_wconf 71' lang='lat' dir='ltr'><strong>Igneus</strong></span> <span class='ocrx_word' id='word_1_382' title='bbox 552 2849 596 2875; x_wconf 75' lang='lat' dir='ltr'><strong>est</strong></span> <span class='ocrx_word' id='word_1_383' title='bbox 621 2845 688 2874; x_wconf 78' lang='lat' dir='ltr'><strong>ollis</strong></span> <span class='ocrx_word' id='word_1_384' title='bbox 710 2844 794 2883; x_wconf 79' lang='lat' dir='ltr'><strong>m&#39;gor</strong></span> <span class='ocrx_word' id='word_1_385' title='bbox 808 2849 837 2874; x_wconf 76' lang='lat' dir='ltr'><strong>et</strong></span> <span class='ocrx_word' id='word_1_386' title='bbox 857 2845 981 2874; x_wconf 79' lang='lat' dir='ltr'><strong>coeIestis</strong></span> 
     </span>
     <span class='ocr_line' id='line_1_67' title="bbox 217 2886 976 2929; baseline -0.001 -11"><span class='ocrx_word' id='word_1_387' title='bbox 217 2890 300 2929; x_wconf 62' lang='lat' dir='ltr'><strong>origo</strong></span> <span class='ocrx_word' id='word_1_388' title='bbox 316 2889 501 2925; x_wconf 77' lang='lat' dir='ltr'><strong>Seminibus,</strong></span> <span class='ocrx_word' id='word_1_389' title='bbox 515 2886 570 2918; x_wconf 89' lang='lat' dir='ltr'><strong>ubi</strong></span> <span class='ocrx_word' id='word_1_390' title='bbox 585 2886 654 2917; x_wconf 85' lang='lat' dir='ltr'><strong>vid.</strong></span> <span class='ocrx_word' id='word_1_391' title='bbox 662 2888 770 2928; x_wconf 74' lang='lat' dir='ltr'><strong>Heyn.</strong></span> <span class='ocrx_word' id='word_1_392' title='bbox 785 2893 817 2916; x_wconf 78' lang='lat' dir='ltr'><strong>et</strong></span> <span class='ocrx_word' id='word_1_393' title='bbox 827 2888 976 2918; x_wconf 76' lang='lat' dir='ltr'><strong>Lambin.</strong></span> 
     </span>
     <span class='ocr_line' id='line_1_68' title="bbox 218 2929 976 2973; baseline -0.001 -13"><span class='ocrx_word' id='word_1_394' title='bbox 218 2931 258 2960; x_wconf 83' lang='lat' dir='ltr'><strong>ad</strong></span> <span class='ocrx_word' id='word_1_395' title='bbox 273 2933 303 2961; x_wconf 87' lang='lat' dir='ltr'><strong>h.</strong></span> <span class='ocrx_word' id='word_1_396' title='bbox 324 2931 344 2961; x_wconf 92' lang='lat' dir='ltr'><strong>l.</strong></span> <span class='ocrx_word' id='word_1_397' title='bbox 364 2938 396 2962; x_wconf 81' lang='lat' dir='ltr'><strong>et</strong></span> <span class='ocrx_word' id='word_1_398' title='bbox 409 2942 480 2973; x_wconf 83' lang='lat' dir='ltr'><strong>quae</strong></span> <span class='ocrx_word' id='word_1_399' title='bbox 502 2930 578 2962; x_wconf 89' lang='lat' dir='ltr'><strong>olim</strong></span> <span class='ocrx_word' id='word_1_400' title='bbox 604 2930 781 2961; x_wconf 74' lang='lat' dir='ltr'><strong>notavimus</strong></span> <span class='ocrx_word' id='word_1_401' title='bbox 803 2929 836 2959; x_wconf 93' lang='lat' dir='ltr'><strong>in</strong></span> <span class='ocrx_word' id='word_1_402' title='bbox 861 2929 976 2971; x_wconf 88' lang='lat' dir='ltr'><strong>Eclog.</strong></span> 
     </span>
     <span class='ocr_line' id='line_1_69' title="bbox 220 2972 911 3012; baseline -0.001 -8"><span class='ocrx_word' id='word_1_403' title='bbox 220 2974 306 3006; x_wconf 87' lang='lat' dir='ltr'><strong>Vett.</strong></span> <span class='ocrx_word' id='word_1_404' title='bbox 327 2975 429 3006; x_wconf 84' lang='lat' dir='ltr'><strong>Poett.</strong></span> <span class='ocrx_word' id='word_1_405' title='bbox 448 2974 488 3006; x_wconf 85' lang='lat' dir='ltr'><strong>ad</strong></span> <span class='ocrx_word' id='word_1_406' title='bbox 506 2974 561 3006; x_wconf 84' lang='lat' dir='ltr'><strong>Sil.</strong></span> <span class='ocrx_word' id='word_1_407' title='bbox 581 2974 697 3005; x_wconf 77' lang='lat' dir='ltr'><strong>Ital.·v.</strong></span> <span class='ocrx_word' id='word_1_408' title='bbox 716 2972 768 3004; x_wconf 80' lang='lat'><strong>71.</strong></span> <span class='ocrx_word' id='word_1_409' title='bbox 788 2983 818 3012; x_wconf 86' lang='lat' dir='ltr'><strong>p.</strong></span> <span class='ocrx_word' id='word_1_410' title='bbox 836 2973 911 3004; x_wconf 79' lang='grc'><strong>263.</strong></span> 
     </span>
    </p>

    <p class='ocr_par' dir='ltr' id='par_1_30' title="bbox 261 3017 980 3058">
     <span class='ocr_line' id='line_1_70' title="bbox 261 3017 980 3058; baseline 0 -10"><span class='ocrx_word' id='word_1_411' title='bbox 261 3028 289 3048; x_wconf 84' lang='grc' dir='ltr'><strong>ν.</strong></span> <span class='ocrx_word' id='word_1_412' title='bbox 308 3018 360 3049; x_wconf 87' lang='grc'><strong>80.</strong></span> <span class='ocrx_word' id='word_1_413' title='bbox 387 3021 464 3052; x_wconf 78' lang='lat' dir='ltr'><strong>dicto</strong></span> <span class='ocrx_word' id='word_1_414' title='bbox 478 3018 643 3058; x_wconf 68' lang='lat' dir='ltr'><strong>ciciu33hae</strong></span> <span class='ocrx_word' id='word_1_415' title='bbox 663 3027 754 3049; x_wconf 87' lang='lat' dir='ltr'><strong>voces</strong></span> <span class='ocrx_word' id='word_1_416' title='bbox 775 3027 839 3049; x_wconf 88' lang='lat' dir='ltr'><strong>non</strong></span> <span class='ocrx_word' id='word_1_417' title='bbox 861 3017 902 3049; x_wconf 86' lang='lat' dir='ltr'><strong>ad</strong></span> <span class='ocrx_word' id='word_1_418' title='bbox 927 3027 980 3048; x_wconf 90' lang='lat' dir='ltr'><strong>vo-</strong></span> 
     </span>
    </p>
   </div>
   <div class='ocr_carea' id='block_1_25' title="bbox 1022 2407 1790 2968">
    <p class='ocr_par' dir='ltr' id='par_1_31' title="bbox 1025 2407 1789 2526">
     <span class='ocr_line' id='line_1_71' title="bbox 1025 2407 1788 2449; baseline -0.005 -9"><span class='ocrx_word' id='word_1_419' title='bbox 1025 2409 1138 2449; x_wconf 76' lang='lat' dir='ltr'><strong>ubique</strong></span> <span class='ocrx_word' id='word_1_420' title='bbox 1174 2407 1345 2449; x_wconf 85' lang='lat' dir='ltr'><strong>legendum</strong></span> <span class='ocrx_word' id='word_1_421' title='bbox 1373 2417 1440 2438; x_wconf 74' lang='lat' dir='ltr'><strong>esse</strong></span> <span class='ocrx_word' id='word_1_422' title='bbox 1467 2408 1555 2438; x_wconf 81' lang='lat' dir='ltr'><strong>ubive</strong></span> <span class='ocrx_word' id='word_1_423' title='bbox 1583 2407 1788 2448; x_wconf 75' lang='lat' dir='ltr'><strong>conjeceram,</strong></span> 
     </span>
     <span class='ocr_line' id='line_1_72' title="bbox 1025 2449 1789 2526; baseline -0.003 -44"><span class='ocrx_word' id='word_1_424' title='bbox 1025 2458 1193 2526; x_wconf 47' lang='lat' dir='ltr'><strong>:gteqagm</strong></span> <span class='ocrx_word' id='word_1_425' title='bbox 1209 2457 1299 2482; x_wconf 76' lang='lat' dir='ltr'><strong>notas</strong></span> <span class='ocrx_word' id='word_1_426' title='bbox 1311 2452 1450 2482; x_wconf 77' lang='lat' dir='ltr'><strong>Bentleii</strong></span> <span class='ocrx_word' id='word_1_427' title='bbox 1462 2449 1607 2514; x_wconf 76' lang='lat' dir='ltr'><strong>inspexi;</strong></span> <span class='ocrx_word' id='word_1_428' title='bbox 1632 2449 1672 2481; x_wconf 80' lang='lat' dir='ltr'><strong>cf.</strong></span> <span class='ocrx_word' id='word_1_429' title='bbox 1695 2459 1789 2490; x_wconf 76' lang='lat' dir='ltr'><strong>supra</strong></span> 
     </span>
    </p>

    <p class='ocr_par' dir='ltr' id='par_1_32' title="bbox 1024 2505 1790 2795">
     <span class='ocr_line' id='line_1_73' title="bbox 1082 2505 1099 2523; baseline 0 0"><span class='ocrx_word' id='word_1_430' title='bbox 1082 2505 1099 2523; x_wconf 80' lang='lat' dir='ltr'>V</span> 
     </span>
     <span class='ocr_line' id='line_1_74' title="bbox 1025 2537 1789 2578; baseline -0.001 -11"><span class='ocrx_word' id='word_1_431' title='bbox 1025 2544 1027 2547; x_wconf 79' lang='grc'>’</span> <span class='ocrx_word' id='word_1_432' title='bbox 1069 2549 1097 2568; x_wconf 85' lang='lat' dir='ltr'><strong>v.</strong></span> <span class='ocrx_word' id='word_1_433' title='bbox 1133 2537 1273 2568; x_wconf 86' lang='lat'><strong>86—88.</strong></span> <span class='ocrx_word' id='word_1_434' title='bbox 1305 2539 1375 2569; x_wconf 76' lang='lat' dir='ltr'><strong>Tibi</strong></span> <span class='ocrx_word' id='word_1_435' title='bbox 1399 2539 1549 2578; x_wconf 82' lang='lat' dir='ltr'><strong>quidnam</strong></span> <span class='ocrx_word' id='word_1_436' title='bbox 1576 2543 1648 2568; x_wconf 72' lang='lat' dir='ltr'><strong>cett.</strong></span> <span class='ocrx_word' id='word_1_437' title='bbox 1698 2537 1789 2573; x_wconf 82' lang='lat' dir='ltr'><strong>Quo-</strong></span> 
     </span>
     <span class='ocr_line' id='line_1_75' title="bbox 1025 2579 1790 2622; baseline -0.003 -10"><span class='ocrx_word' id='word_1_438' title='bbox 1025 2582 1121 2612; x_wconf 87' lang='lat' dir='ltr'><strong>modo</strong></span> <span class='ocrx_word' id='word_1_439' title='bbox 1134 2581 1174 2612; x_wconf 81' lang='lat' dir='ltr'><strong>ad</strong></span> <span class='ocrx_word' id='word_1_440' title='bbox 1189 2581 1364 2612; x_wconf 86' lang='lat' dir='ltr'><strong>molliorem</strong></span> <span class='ocrx_word' id='word_1_441' title='bbox 1379 2580 1485 2617; x_wconf 78' lang='lat' dir='ltr'><strong>vitam,</strong></span> <span class='ocrx_word' id='word_1_442' title='bbox 1507 2590 1602 2621; x_wconf 82' lang='lat' dir='ltr'><strong>quam</strong></span> <span class='ocrx_word' id='word_1_443' title='bbox 1621 2579 1688 2622; x_wconf 80' lang='lat' dir='ltr'><strong>jam</strong></span> <span class='ocrx_word' id='word_1_444' title='bbox 1709 2589 1790 2619; x_wconf 85' lang='lat' dir='ltr'><strong>puer</strong></span> 
     </span>
     <span class='ocr_line' id='line_1_76' title="bbox 1026 2623 1787 2664; baseline -0.003 -9"><span class='ocrx_word' id='word_1_445' title='bbox 1026 2632 1058 2655; x_wconf 86' lang='lat' dir='ltr'><strong>et</strong></span> <span class='ocrx_word' id='word_1_446' title='bbox 1087 2631 1177 2655; x_wconf 78' lang='lat' dir='ltr'><strong>aetate</strong></span> <span class='ocrx_word' id='word_1_447' title='bbox 1206 2624 1355 2655; x_wconf 79' lang='lat' dir='ltr'><strong>validiore</strong></span> <span class='ocrx_word' id='word_1_448' title='bbox 1382 2623 1535 2664; x_wconf 65' lang='lat' dir='ltr'><strong>praecipis,</strong></span> <span class='ocrx_word' id='word_1_449' title='bbox 1565 2633 1646 2654; x_wconf 76' lang='lat' dir='ltr'><strong>nova</strong></span> <span class='ocrx_word' id='word_1_450' title='bbox 1674 2624 1728 2655; x_wconf 86' lang='lat' dir='ltr'><strong>tibi</strong></span> <span class='ocrx_word' id='word_1_451' title='bbox 1753 2623 1787 2653; x_wconf 88' lang='lat' dir='ltr'><strong>in</strong></span> 
     </span>
     <span class='ocr_line' id='line_1_77' title="bbox 1024 2666 1788 2708; baseline 0 -10"><span class='ocrx_word' id='word_1_452' title='bbox 1024 2669 1135 2699; x_wconf 89' lang='lat' dir='ltr'><strong>morbo</strong></span> <span class='ocrx_word' id='word_1_453' title='bbox 1163 2667 1270 2708; x_wconf 82' lang='lat' dir='ltr'><strong>aliquo</strong></span> <span class='ocrx_word' id='word_1_454' title='bbox 1299 2667 1348 2698; x_wconf 86' lang='lat' dir='ltr'><strong>vel</strong></span> <span class='ocrx_word' id='word_1_455' title='bbox 1376 2667 1411 2697; x_wconf 91' lang='lat' dir='ltr'><strong>in</strong></span> <span class='ocrx_word' id='word_1_456' title='bbox 1447 2671 1608 2698; x_wconf 82' lang='lat' dir='ltr'><strong>senectute</strong></span> <span class='ocrx_word' id='word_1_457' title='bbox 1642 2666 1788 2698; x_wconf 74' lang='lat' dir='ltr'><strong>accedere</strong></span> 
     </span>
     <span class='ocr_line' id='line_1_78' title="bbox 1024 2710 1787 2753; baseline 0 -11"><span class='ocrx_word' id='word_1_458' title='bbox 1024 2718 1126 2752; x_wconf 82' lang='lat' dir='ltr'><strong>potest</strong></span> <span class='ocrx_word' id='word_1_459' title='bbox 1135 2710 1318 2753; x_wconf 74' lang='lat' dir='ltr'><strong>jucunditas</strong></span> <span class='ocrx_word' id='word_1_460' title='bbox 1328 2711 1343 2741; x_wconf 74' lang='lat' dir='ltr'><strong>i·</strong></span> <span class='ocrx_word' id='word_1_461' title='bbox 1366 2720 1442 2742; x_wconf 79' lang='lat' dir='ltr'><strong>nam</strong></span> <span class='ocrx_word' id='word_1_462' title='bbox 1459 2710 1642 2752; x_wconf 70' lang='lat' dir='ltr'><strong>jucunditas</strong></span> <span class='ocrx_word' id='word_1_463' title='bbox 1654 2710 1710 2741; x_wconf 76' lang='lat' dir='ltr'><strong>illa</strong></span> <span class='ocrx_word' id='word_1_464' title='bbox 1717 2711 1787 2753; x_wconf 75' lang='lat' dir='ltr'><strong>jam</strong></span> 
     </span>
     <span class='ocr_line' id='line_1_79' title="bbox 1024 2761 1248 2795; baseline -0.004 -10"><span class='ocrx_word' id='word_1_465' title='bbox 1024 2761 1179 2795; x_wconf 80' lang='lat' dir='ltr'><strong>praecepta</strong></span> <span class='ocrx_word' id='word_1_466' title='bbox 1192 2762 1248 2784; x_wconf 84' lang='lat' dir='ltr'><strong>est.</strong></span> 
     </span>
    </p>

    <p class='ocr_par' dir='ltr' id='par_1_33' title="bbox 1022 2797 1789 2968">
     <span class='ocr_line' id='line_1_80' title="bbox 1067 2797 1789 2838; baseline 0.001 -10"><span class='ocrx_word' id='word_1_467' title='bbox 1067 2808 1096 2828; x_wconf 84' lang='lat' dir='ltr'><strong>v.</strong></span> <span class='ocrx_word' id='word_1_468' title='bbox 1115 2797 1253 2829; x_wconf 82' lang='grc'><strong>90-92.</strong></span> <span class='ocrx_word' id='word_1_469' title='bbox 1270 2800 1368 2835; x_wconf 78' lang='lat' dir='ltr'><strong>credo,</strong></span> <span class='ocrx_word' id='word_1_470' title='bbox 1383 2803 1522 2838; x_wconf 81' lang='lat' dir='ltr'><strong>utputo,</strong></span> <span class='ocrx_word' id='word_1_471' title='bbox 1543 2799 1665 2836; x_wconf 73' lang='lat' dir='ltr'><strong>scilicet,</strong></span> <span class='ocrx_word' id='word_1_472' title='bbox 1683 2799 1789 2830; x_wconf 68' lang='lat' dir='ltr'><strong>vidali-</strong></span> 
     </span>
     <span class='ocr_line' id='line_1_81' title="bbox 1024 2840 1784 2883; baseline -0.001 -9"><span class='ocrx_word' id='word_1_473' title='bbox 1024 2847 1078 2879; x_wconf 82' lang='lat' dir='ltr'><strong>cet,</strong></span> <span class='ocrx_word' id='word_1_474' title='bbox 1109 2842 1149 2873; x_wconf 87' lang='lat' dir='ltr'><strong>de</strong></span> <span class='ocrx_word' id='word_1_475' title='bbox 1171 2842 1275 2878; x_wconf 83' lang='lat' dir='ltr'><strong>rebus,</strong></span> <span class='ocrx_word' id='word_1_476' title='bbox 1296 2851 1374 2883; x_wconf 76' lang='lat' dir='ltr'><strong>quas</strong></span> <span class='ocrx_word' id='word_1_477' title='bbox 1390 2840 1543 2872; x_wconf 76' lang='lat' dir='ltr'><strong>ridemus-</strong></span> <span class='ocrx_word' id='word_1_478' title='bbox 1631 2843 1784 2879; x_wconf 61' lang='lat' dir='ltr'><strong>vinosum,</strong></span> 
     </span>
     <span class='ocr_line' id='line_1_82' title="bbox 1023 2884 1782 2925; baseline 0 -10"><span class='ocrx_word' id='word_1_479' title='bbox 1023 2885 1099 2916; x_wconf 84' lang='lat' dir='ltr'><strong>vitio</strong></span> <span class='ocrx_word' id='word_1_480' title='bbox 1126 2885 1201 2916; x_wconf 81' lang='lat' dir='ltr'><strong>mali</strong></span> <span class='ocrx_word' id='word_1_481' title='bbox 1238 2884 1343 2916; x_wconf 81' lang='lat' dir='ltr'><strong>odoris</strong></span> <span class='ocrx_word' id='word_1_482' title='bbox 1377 2890 1572 2925; x_wconf 82' lang='lat' dir='ltr'><strong>corruptum,</strong></span> <span class='ocrx_word' id='word_1_483' title='bbox 1607 2884 1782 2916; x_wconf 79' lang='lat' dir='ltr'><strong>raucidum.</strong></span> 
     </span>
     <span class='ocr_line' id='line_1_83' title="bbox 1022 2927 1786 2968; baseline -0.003 -8"><span class='ocrx_word' id='word_1_484' title='bbox 1022 2947 1065 2953; x_wconf 96' lang='lat'>—</span> <span class='ocrx_word' id='word_1_485' title='bbox 1079 2930 1275 2964; x_wconf 76' lang='lat' dir='ltr'><strong>commodius,</strong></span> <span class='ocrx_word' id='word_1_486' title='bbox 1292 2927 1511 2968; x_wconf 78' lang='lat' dir='ltr'><strong>opportunius,</strong></span> <span class='ocrx_word' id='word_1_487' title='bbox 1522 2928 1690 2968; x_wconf 66' lang='lat' dir='ltr'><strong>precipue,</strong></span> <span class='ocrx_word' id='word_1_488' title='bbox 1699 2927 1786 2968; x_wconf 80' lang='lat' dir='ltr'><strong>quod</strong></span> 
     </span>
    </p>
   </div>
   <div class='ocr_carea' id='block_1_26' title="bbox 1018 2971 1784 3013">
    <p class='ocr_par' dir='ltr' id='par_1_34' title="bbox 1018 2971 1784 3013">
     <span class='ocr_line' id='line_1_84' title="bbox 1018 2971 1784 3013; baseline 0.003 -11"><span class='ocrx_word' id='word_1_489' title='bbox 1018 2972 1141 3003; x_wconf 77' lang='lat' dir='ltr'><strong>¹rancidi</strong></span> <span class='ocrx_word' id='word_1_490' title='bbox 1155 2973 1221 3013; x_wconf 78' lang='lat' dir='ltr'><strong>apri</strong></span> <span class='ocrx_word' id='word_1_491' title='bbox 1235 2982 1307 3003; x_wconf 79' lang='lat' dir='ltr'><strong>caro</strong></span> <span class='ocrx_word' id='word_1_492' title='bbox 1321 2972 1360 3003; x_wconf 88' lang='lat' dir='ltr'><strong>ad</strong></span> <span class='ocrx_word' id='word_1_493' title='bbox 1375 2972 1524 3003; x_wconf 70' lang='lat' dir='ltr'><strong>lautiores</strong></span> <span class='ocrx_word' id='word_1_494' title='bbox 1537 2972 1648 3012; x_wconf 70' lang='lat' dir='ltr'><strong>epulas</strong></span> <span class='ocrx_word' id='word_1_495' title='bbox 1671 2971 1784 3004; x_wconf 73' lang='lat' dir='ltr'><strong>refere—</strong></span> 
     </span>
    </p>
   </div>
   <div class='ocr_carea' id='block_1_27' title="bbox 1023 3017 1575 3058">
    <p class='ocr_par' dir='ltr' id='par_1_35' title="bbox 1023 3017 1575 3058">
     <span class='ocr_line' id='line_1_85' title="bbox 1023 3017 1575 3058; baseline 0 -11"><span class='ocrx_word' id='word_1_496' title='bbox 1023 3017 1123 3048; x_wconf 82' lang='lat' dir='ltr'><strong>batur.</strong></span> <span class='ocrx_word' id='word_1_497' title='bbox 1215 3018 1381 3058; x_wconf 80' lang='lat' dir='ltr'><strong>imegrum,</strong></span> <span class='ocrx_word' id='word_1_498' title='bbox 1397 3021 1575 3048; x_wconf 62' lang='lat' dir='ltr'><strong>recentem.-</strong></span> 
     </span>
    </p>
   </div>
  </div>
 </body>
</html>
