1904 3250
161 196 247 235 :360

798 195 1106 262 ΗΟΒΑΤῌ
1171 183 1173 186 ’

1570 208 1678 257 [LJB.
1703 219 1732 246 1.

278 312 423 368 Atqui,
446 329 525 370 ego
547 328 643 355 cum
666 312 843 355 Graecos
864 313 1059 366 facerem,
1081 324 1204 360 natus
1225 334 1339 362 mare
1360 321 1476 371 citra,

276 383 530 435 Versiculos,
552 384 684 426 vetuit
704 383 778 425 tali
797 400 866 426 me
887 400 991 428 voce
1013 386 1234 441 Quirinus,

278 455 380 498 Post
398 456 579 498 mediam
599 463 767 498 noctem
787 457 914 509 visus,
937 474 1034 500 cum
1055 462 1218 503 somnia
1235 477 1359 506 vera:

275 529 303 549 ‘⁶
316 524 369 566 In
390 525 535 565 silvam
555 539 642 567 non
662 524 778 583 ligna
797 525 906 568 feras
927 527 1127 580 insanius,
1149 544 1199 571 ac
1219 531 1254 572 si

187 596 242 634 35
276 592 458 650 Magnas
482 592 733 635 Graecorum
754 594 874 637 malis
895 596 1072 652 implere
1094 601 1319 641 catervaS.’'

274 661 490 719 Turgidus
512 661 696 718 Alpinus
709 663 879 721 jugulat
898 664 1001 707 dum
1023 665 1271 719 Memnona,
1293 668 1477 727 dumque

271 732 466 791 Defingit
489 733 630 776 Rheni
649 735 812 778 luteum
832 746 984 793 caput3
1015 737 1109 780 haec
1130 754 1210 796 ego
1230 739 1346 792 ludo,

271 806 382 856 Quae
402 823 481 849 nec
501 808 545 850 in
565 808 659 850 aede
680 818 831 851 sonent
851 812 1065 864 certantia,
1082 812 1227 869 judice
1249 813 1418 870 Tarpa3

270 880 362 922 Nec
382 880 557 923 redeant
576 882 729 924 iterum
749 891 876 940 atque
896 884 1051 926 iterum
1071 885 1302 941 spectanda
1321 886 1508 929 theatris.

180 957 236 994 40
269 953 436 1012 Arguta
454 956 674 997 meretrice
694 963 827 1011 potes,
851 955 1061 1014 Davoque
1085 957 1312 1000 Chremeta

270 1023 480 1065 Eludente
501 1039 657 1076 senem,
680 1040 821 1067 comes
841 1027 1005 1084 garrire
1026 1027 1205 1078 libellos,

269 1095 393 1138 Unus
414 1097 618 1148 vivorum,
644 1097 839 1139 Fundani
851 1114 863 1148 3
898 1098 1035 1141 Pollio
1055 1115 1204 1158 regum

269 1169 398 1211 Facta
418 1170 541 1220 canit,
564 1169 674 1226 pede
694 1178 758 1213 ter
778 1170 980 1227 percusso
991 1188 1003 1223 3
1033 1171 1265 1229 forteepos
1286 1188 1396 1223 acer,

147 1338 293 1377 insignes.
341 1339 459 1369 Pedius
472 1337 601 1379 quidem
619 1338 777 1370 Publicola
793 1337 916 1369 videtur

152 1382 287 1412 Gesner-⁰
301 1386 334 1411 et
347 1380 416 1412 aliis
437 1381 523 1412 {ilius
537 1381 634 1412 fuisse
653 1382 694 1418 Q.
712 1380 804 1411 Pedii
817 1381 914 1418 illius,

146 1423 202 1464 qui
215 1434 302 1456 anno
316 1423 381 1455 710
397 1432 477 1456 cum'
489 1425 664 1456 Octaviano
685 1424 797 1455 consul
818 1426 916 1466 legem

147 1469 281 1500 Pedium
317 1468 358 1499 de
393 1470 623 1509 percussoribus
663 1469 792 1501 Caesaris
828 1469 913 1499 tulit.

149 1511 271 1542 Clarior
300 1514 397 1544 Pedio
425 1519 475 1543 est
500 1514 550 1543 M.
590 1514 730 1544 Valerius
768 1514 917 1544 Corvinus

146 1556 295 1591 Messala,
310 1566 407 1598 quem
425 1555 662 1592 Quinctilianus
675 1565 803 1597 quoque
819 1556 866 1586 X.
885 1554 914 1586 l.

144 1599 187 1629 ad
200 1598 337 1639 optImos
354 1599 576 1630 Romanorum
590 1606 729 1630 oratores
742 1599 859 1637 refert3
883 1606 916 1630 et

144 1641 219 1673 hinc
243 1642 400 1674 Horatius
431 1642 569 1674 eundem
598 1643 682 1674 infra
707 1642 771 1683 Ep.
801 1643 851 1674 11.
878 1642 911 1674 3.

144 1684 220 1717 370.
245 1687 397 1718 disertum
412 1692 511 1717 vocat.

187 1739 217 1760 v.
235 1728 288 1760 31.
313 1736 410 1762 natus
438 1741 526 1761 mare
554 1732 642 1766 ciera,
666 1739 732 1760 non
756 1736 843 1761 trans
865 1730 915 1762 vel

144 1772 238 1811 ultra,
264 1773 320 1804 sed
345 1773 424 1804 citra
444 1784 542 1811 mare,
561 1775 593 1804 h.
611 1784 640 1804 e.
658 1773 771 1804 nonin
791 1774 916 1804 Graecia

142 1816 360 1891 {82⁵7an
375 1815 431 1847 sed
445 1817 479 1847 in
495 1817 590 1848 Italia
603 1823 706 1855 natus,
718 1817 758 1848 cf.
781 1817 845 1848 Sat.
861 1817 912 1848 11.

187 1914 216 1934 v.
233 1903 288 1935 32.
313 1905 410 1936 vetuit
432 1915 494 1942 me,
517 1914 561 1935 sc.
586 1914 693 1935 versus
718 1904 848 1935 Graecos
863 1903 910 1934 fa-

143 1957 222 1978 cere.

186 2001 216 2022 v.
233 1991 286 2022 33.
313 2003 387 2023 cum
402 1993 524 2023 somnia
544 2002 625 2028 vera,
641 1991 682 2022 de
697 1990 847 2030 opinione
862 2001 914 2022 ve-

142 2041 258 2073 terum,
274 2045 346 2065 vera
360 2045 427 2065 esse
441 2042 514 2074 post
528 2035 668 2066 mediam
689 2042 814 2066 noctem
829 2044 914 2065 som-

142 2078 206 2116 nia,
222 2078 368 2118 exempla
389 2079 545 2118 congessit
569 2080 723 2122 Ciqfanus
745 2078 787 2110 ad
815 2078 909 2110 Ovid.

145 2121 280 2153 Heroid.
301 2122 406 2153 XIX.
428 2121 501 2152 195.

185 2175 217 2197 v.
246 2164 388 2196 36-39.
429 2167 588 2205 Turgidus
617 2168 690 2206 Alp.
720 2166 795 2206 jug.
835 2168 914 2198 dum

144 2209 369 2247 lucrandum
377 2209 629 2249 tumiduspoeta,
643 2208 792 2249 Alpinus,
805 2210 912 2240 Mem-

143 2254 280 2284 nonoab
297 2252 423 2284 Achille
438 2252 471 2282 in
486 2262 596 2293 pugna
614 2263 732 2283 caesum
754 2252 911 2291 describit,

143 2296 200 2327 sed
228 2296 336 2336 inepta
363 2295 574 2335 descriptione
602 2306 676 2327 eum
705 2297 746 2327 de
787 2297 913 2338 integro

144 2339 236 2380 quasi
260 2340 354 2371 oedit
375 2338 425 2371 vel
448 2339 587 2380 jugulat.
602 2358 646 2364 —-
659 2340 711 2370 Eo
731 2339 799 2370 fere
819 2340 910 2376 redit,

144 2383 231 2424 quod
255 2383 296 2414 ad
316 2383 350 2413 h.
366 2383 389 2413 1.
415 2383 586 2414 observavit
609 2392 700 2414 vetus
725 2383 912 2414 Scholiasta

143 2444 188 2452 —
204 2427 331 2459 Scilicet
343 2427 440 2457 homo
454 2426 581 2466 ineptus
602 2426 729 2466 ineptiis
750 2426 816 2457 suis
837 2426 916 2458 alte·

142 2480 215 2501 rum
220 2470 386 2511 jugulare,
396 2471 542 2507 occidere,
557 2481 686 2502 enecare
696 2470 822 2501 dicitur.
847 2472 915 2502 De.

140 2516 229 2557 fing.
265 2516 326 2546 1311.
353 2515 409 2545 lut.
441 2524 508 2554 cap.
533 2523 589 2552 pro
617 2515 747 2557 defingit
775 2513 915 2544 offerunt

143 2556 461 2641 malm
485 2556 914 2640 §ffligi‘kc‘lufflssiuffio'ss

142 2646 266 2677 luteum
289 2650 386 2686 caput
405 2645 492 2675 babet
515 2645 655 2681 Rhenus,
682 2646 734 2675 sed
758 2646 839 2684 quod
861 2645 910 2673 lu-

142 2695 230 2720 teum
232 2689 319 2731 facit
335 2686 503 2730 (diffingit)
517 2688 578 2728 ipse
597 2689 795 2718 describendo
816 2688 908 2717 male.

142 2733 286 2773 Delingit
309 2741 388 2772 prox
410 2729 566 2767 describit,
591 2730 636 2761 ita
656 2737 773 2767 tamen,
800 2736 837 2760 ut
858 2731 911 2760 de-

142 2777 301 2816 scriptioni
315 2774 391 2806 insit
406 2773 503 2805 simul
527 2773 615 2804 notio
624 2775 775 2816 fictwnis.
786 2791 830 2797 —
843 2772 910 2803 De-

959 1348 1074 1379 pureos
1095 1339 1238 1375 refertur,
1260 1338 1433 1377 respexisse
1455 1338 1588 1371 videtur.
1666 1340 1729 1380 ju-

959 1384 1025 1414 dice
1045 1384 1162 1423 Tarpa,
1180 1384 1276 1414 Schol.
1297 1385 1394 1424 Cruq.
1415 1384 1534 1415 Metius
1546 1382 1625 1425 (sive
1646 1384 1728 1415 Μω-

959 1425 1041 1465 cius)
1078 1429 1182 1467 Tarpa
1206 1427 1279 1468 ficu
1303 1426 1403 1465 judex
1430 1427 1568 1464 criticus,
1601 1429 1729 1459 audcior

959 1472 1103 1501 assiduus
1127 1475 1309 1510 poematum
1337 1476 1367 1500 ec
1391 1475 1566 1509 poetarum,
1599 1471 1635 1501 iu
1662 1473 1728 1502 φάε

961 1514 1116 1554 Apollinis
1131 1525 1185 1545 seu
1201 1514 1386 1550 Musarum,
1399 1524 1459 1554 quo
1477 1514 1639 1545 convenire
1655 1524 1728 1554 pve-

957 1564 998 1588 tae
1023 1558 1169 1595 solebant,
1198 1567 1319 1598 suaque
1344 1557 1459 1596 scripta
1482 1558 1622 1594 recitare,
1644 1569 1727 1599 quae,

957 1602 1018 1632 nisi
1038 1602 1144 1641 Tarpa
1165 1606 1223 1632 aut
1249 1601 1308 1631 alio
1329 1600 1434 1631 critico
1453 1601 1671 1641 probaremur,
1693 1603 1728 1634 in

958 1655 1084 1676 scenam
1099 1656 1166 1676 ηοπ
1180 1644 1412 1685 deferebantur.

1001 1697 1030 1718 v.
1056 1685 1110 1725 41,
1132 1685 1186 1718 42.
1217 1689 1347 1727 Arguta
1370 1688 1530 1718 meretrice
1553 1692 1626 1717 cett.
1655 1697 1727 1718 sen-

958 1741 1030 1762 sus:
1059 1731 1124 1768 Tu,
1139 1730 1299 1768 Fundani,
1313 1729 1371 1770 qui
1394 1729 1478 1761 inter
1502 1729 1727 1763 oomoediarum

958 1775 1133 1814 scriptores,
1150 1773 1207 1815 qui
1220 1783 1308 1805 nunc
1325 1772 1446 1809 vivunt,
1458 1773 1574 1805 unicus
1594 1779 1627 1805 et
1646 1784 1728 1814 pre-

959 1817 1170 1850 stantissimus
1183 1827 1226 1854 es,
1242 1823 1332 1856 potos
1344 1815 1514 1848 comoedias
1526 1816 1670 1855 smihere,
1693 1818 1727 1849 in

954 1861 1070 1902 quibus
1097 1867 1201 1892 astuta
1228 1859 1377 1891 meretrix
1404 1866 1438 1891 et
1462 1870 1570 1892 servus
1603 1860 1726 1899 Davus,

954 1905 1066 1935 fraude
1080 1904 1246 1936 dominum
1261 1913 1358 1934 suum
1377 1902 1579 1935 Chremetem
1590 1903 1728 1936 dream.

957 1948 1098 1986 veniens,
1117 1948 1291 1990 garrientes
1304 1946 1512 1978 inducuntur.
1582 1954 1726 1987 argutus,

957 1991 1102 2029 callidus,
1124 1998 1257 2027 astutus,
1283 1995 1320 2022 ut
1341 1989 1426 2021 infr·
1449 1990 1513 2030 Ep.
1539 1990 1570 2022 Ι.
1596 1989 1645 2022 14.
1671 1989 1727 2024 42.

956 2042 1092 2076 argutus
1121 2036 1200 2067 calo.
1232 2036 1386 2071 eludente,
1409 2033 1522 2065 fraude
1544 2045 1652 2066 senem
1675 2036 1727 2067 lu-

956 2079 1074 2118 dente3
1097 2080 1216 2110 eludere
1230 2077 1355 2118 proprie
1367 2077 1484 2109 dicitur
1497 2077 1538 2110 de
1547 2077 1730 2120 gladiatori.

957 2123 1027 2160 bus,
1056 2123 1111 2154 ubi
1134 2122 1214 2153 alter
1235 2121 1364 2152 alterius
1388 2120 1489 2152 ictum
1512 2122 1651 2161 eorporis
1671 2121 1727 2154 de-

956 2165 1126 2197 clinatione
1140 2164 1255 2207 effugit
1266 2178 1275 2196 =
1341 2175 1442 2196 comes
1459 2166 1582 2205 garrire
1603 2167 1726 2205 libellos,

956 2210 1093 2240 suaviter
1116 2219 1194 2250 pro:
1220 2207 1342 2239 libellos
1365 2207 1528 2245 conficere,
1553 2209 1590 2239 in
1610 2208 1727 2250 quihus

955 2263 1097 2292 personae
1111 2252 1284 2295 garrientes
1296 2250 1502 2282 inducuntur.
1519 2262 1617 2289 unus,
1643 2261 1726 2291 prn-

955 2297 1166 2328 stamissimus
1178 2296 1212 2326 in
1227 2305 1276 2333 eo,
1286 2293 1374 2335 quod
1384 2293 1444 2326 sibi
1453 2295 1576 2331 sumsit,
1587 2294 1726 2326 smiben-

956 2340 989 2371 di
1018 2349 1144 2382 genere.
1194 2338 1246 2370 Sic
1271 2337 1355 2369 infra
1384 2337 1489 2377 Epist.
1520 2338 1571 2369 ΙΙ.
1603 2337 1635 2369 3.
1667 2337 1722 2371 32.

954 2395 1040 2415 unus
1055 2384 1164 2425 saber,
1194 2382 1227 2413 iu
1258 2391 1324 2412 uno
1351 2380 1471 2412 fabrilis
1497 2381 1574 2412 artis
1607 2392 1725 2423 genere

959 2426 1241 2467 praestantissimus.
1327 2426 1366 2455 de
1392 2426 1578 2462 Fundanio,
1607 2433 1645 2457 ut
1674 2426 1724 2457 in-

958 2470 1041 2511 signi
1054 2468 1279 2500 comoediarum
1293 2467 1452 2508 scriptore,
1476 2466 1612 2499 aliorum
1638 2470 1724 2501 testi-

956 2513 1064 2544 monia
1076 2512 1212 2549 desunt3
1235 2511 1356 2542 mentio
1369 2511 1438 2552 ejus
1450 2520 1577 2552 quoque
1590 2511 1628 2543 fit
1641 2512 1726 2546 infr-

960 2557 1025 2588 Sat.
1044 2556 1095 2587 ΙΙ.
1112 2555 1144 2586 8.
1166 2554 1217 2586 19.
1266 2554 1323 2586 Ad
1346 2553 1464 2585 amieos
1488 2564 1564 2586 suos
1587 2557 1725 2588 Fando-

956 2602 1049 2632 nium
1063 2599 1158 2630 refert
1175 2599 1241 2630 Cic.
1259 2598 1302 2629 ad
1318 2598 1384 2634 Qu.
1411 2597 1466 2628 Fr.
1485 2597 1515 2629 Ι,
1533 2597 1566 2629 2.
1581 2598 1616 2630 3.
1631 2603 1724 2632 —de

957 2646 991 2676 C.
1007 2645 1117 2675 Asinio
1132 2644 1280 2678 Pollione,
1295 2641 1489 2673 nobilissimo
1499 2647 1512 2672 t
1619 2641 1722 2675 iarum

954 2686 1112 2726 scriptore,
1128 2686 1170 2716 cf.
1186 2695 1281 2724 supra
1299 2684 1364 2718 Od.
1378 2684 1429 2716 11.
1449 2683 1479 2716 1.
1497 2684 1528 2716 9.
1546 2691 1579 2717 et
1603 2686 1718 2728 virgil.

956 2730 1070 2770 Eclog.
1098 2729 1205 2760 VIII.
1232 2727 1282 2760 10.
1330 2729 1488 2760 Accumoe
1508 2728 1550 2760 de
1572 2729 1632 2760 hoc
1654 2731 1722 2763 viro

954 2782 1088 2809 summo,
1103 2778 1136 2803 et
1150 2771 1190 2803 de
1203 2774 1297 2803 rebus
1311 2772 1351 2803 ab
1365 2782 1404 2803 eo
1416 2771 1514 2812 gestis
1537 2772 1721 2816 scriptisque

142 2819 264 2858 scripdt
277 2817 530 2860 turgiduspoeta
546 2817 699 2848 Rhenum
713 2823 833 2856 patrem
851 2815 905 2853 ita,
949 2823 1061 2856 praeter
1095 2818 1175 2847 Voss.
1200 2815 1242 2846 ad
1270 2815 1384 2857 Eclog.
1411 2815 1484 2846 111.
1510 2814 1542 2846 8.
1573 2818 1722 2858 exposuit

489 2870 528 2891 ex
542 2860 668 2892 fictione
689 2859 847 2891 tribueret.
862 2877 906 2883 —

780 2908 907 2944 poetam

142 2868 181 2892 ut
194 2862 222 2892 ei
236 2864 360 2894 luteum
374 2867 468 2902 capue

146 2905 304 2936 Caeterum
321 2905 477 2936 Horatius
490 2905 576 2936 hunc
595 2903 753 2935 tumidum

955 2860 1114 2892 Wetzelius
1127 2859 1163 2889 in
1176 2860 1280 2891 Indic.
1299 2861 1396 2891 Nom.
1415 2869 1439 2889 s.
1458 2869 1487 2890 v.
1506 2861 1619 2892 Pollio.

993 2914 1021 2934 v.
1039 2901 1092 2933 43.
1105 2905 1184 2943 pede
1198 2909 1245 2934 ter
1262 2913 1420 2943 percusso,
1447 2902 1587 2935 versibus
1609 2903 1718 2937 trime-

145 2948 300 2987 Alpinum
324 2948 408 2980 infra
431 2958 557 2990 quoque
580 2947 683 2988 Epist.
713 2947 763 2978 11.
791 2945 823 2977 3.
851 2944 902 2977 18.
949 2946 1014 2984 tris,
1029 2956 1167 2987 quorum
1181 2956 1310 2978 caesurae
1324 2945 1414 2986 pedis
1427 2952 1475 2978 ter
1489 2948 1628 2987 percussi
1650 2949 1718 2983 ictu

139 2991 194 3023 ubi
213 2992 318 3022 Rheni
333 2991 500 3033 descriptio
513 2991 684 3024 admutos
694 3000 815 3031 pannos
825 3000 901 3031 pur·
949 2989 1062 3023 servari
1076 2989 1237 3022 docentur.
1264 2991 1360 3022 Sclwl.
1381 2993 1476 3032 Cruq.
1495 2992 1516 3022 i.
1541 3002 1569 3024 e.
1596 2998 1645 3024 ter
1666 2996 1714 3027 di.
