1904 3250
217 164 300 204 5¹72

847 165 1154 209 HORATII

330 288 428 331 Non
449 290 653 340 homines,
675 305 761 331 non
782 289 840 341 di,
863 306 950 332 non
970 306 1214 334 concessere
1233 292 1455 336 columnae.

330 357 393 401 Ut
411 367 552 416 gratas
572 359 681 400 inter
701 374 866 401 mensas
887 359 1139 417 symphonia
1158 360 1332 413 discors,

210 429 294 468 375
328 427 385 468 Et
405 442 591 469 crassum
611 436 887 485 unguentum,
910 436 952 470 et
975 429 1110 471 Sardo
1131 445 1228 471 cum
1247 430 1370 473 melle
1389 447 1574 489 papaver

330 497 578 551 Offendunt,
601 508 766 556 poterat
786 501 885 543 duci
906 502 1005 558 quia
1025 516 1146 543 coena
1166 502 1254 544 sine
1275 503 1363 544 istis
1377 520 1403 546 ε,

331 572 400 613 Sic
420 573 569 614 animis
589 581 736 615 natum
757 575 1057 631 inventumque
1077 589 1230 630 poema
1245 576 1458 631 juvandis,

330 642 374 683 Si
395 642 569 697 paulum
590 659 615 684 a
635 659 800 685 summo
821 644 1013 694 decessit,
1035 645 1172 702 vergit
1191 644 1246 686 ad
1266 645 1410 687 imum.

327 711 498 755 Ludere
519 715 591 770 qui
612 715 758 766 nescit,
781 714 1085 770 campestribus
1106 714 1288 756 abstinet
1307 716 1448 766 armis,

208 787 295 826 380
327 784 614 843 Indoctusque
635 787 733 843 pilae
755 787 910 829 discive
931 787 1119 829 trochive
1140 787 1328 844 quiescit,

327 857 395 899 Ne
417 859 562 914 spissae
583 860 715 901 risum
736 860 886 902 tollant
905 860 1077 916 impune
1098 875 1266 902 coronae
1283 877 1293 902 ε

327 930 415 980 Qui
436 932 582 983 nescit,
605 947 750 974 versus
771 941 912 975 tamen
932 933 1060 975 audet
1079 933 1241 992 fingere
1258 932 1267 977 !
1302 933 1500 983 Quidni?

325 1001 458 1044 Liber
478 1010 521 1044 et
541 1003 763 1061 ingenuus,
784 1004 1021 1059 praesertim
1043 1019 1192 1046 census
1214 1012 1451 1061 equestrem

326 1072 544 1114 Summam
564 1088 848 1124 nummorum,
870 1074 1055 1130 vitioque
1076 1081 1262 1116 remotus
1282 1074 1336 1116 ab
1356 1075 1471 1116 omni
1487 1073 1497 1117 !

207 1145 293 1185 385
325 1144 396 1187 Tu
416 1145 522 1187 nihil
543 1146 673 1188 invita
693 1146 807 1188 dices
828 1146 1006 1189 faciesve
1029 1147 1227 1190 Minerva
1239 1164 1251 1198 3

322 1214 378 1257 Id
398 1215 473 1257 tibi
487 1215 696 1273 judicium
717 1208 792 1268 est,
815 1232 866 1258 ea
884 1232 1002 1259 mens
1019 1233 1028 1258 :
1062 1217 1097 1258 si
1117 1217 1220 1274 quid
1241 1225 1381 1259 tamen
1401 1217 1505 1260 olim

326 1286 567 1343 Scripseris,
589 1288 634 1329 in
656 1286 782 1329 Metii
802 1287 1030 1330 descendat
1045 1287 1200 1344 judicis
1220 1303 1356 1339 aures,

324 1355 381 1398 Et
400 1358 545 1413 patris,
568 1365 611 1399 et
630 1365 807 1409 nostras,
830 1372 1074 1414 nonumque
1094 1366 1310 1413 prematur
1331 1359 1375 1399 in
1395 1373 1566 1409 annum,

204 1501 318 1537 Aulus,
329 1498 578 1540 jurisprudentia
597 1505 666 1530 tum
689 1499 826 1530 maxime
847 1499 971 1539 conspi-

203 1553 305 1581 cuus;
328 1543 390 1574 vid.
413 1543 484 1574 Val.
504 1544 595 1574 BIax.
616 1543 722 1575 VIII.
744 1542 793 1574 12.
816 1542 844 1574 1.
857 1550 889 1574 et
904 1545 971 1574 Fea

204 1586 246 1617 ad
260 1587 290 1617 h.
311 1587 332 1616 l.

247 1640 276 1660 v.
302 1629 378 1661 372.
403 1632 605 1662 mediocribus
633 1641 694 1662 esse
718 1633 826 1672 poetis,
861 1629 973 1661 Graeca

203 1673 405 1709 constructio,
422 1674 484 1705 vid.
502 1684 597 1714 supra
611 1674 651 1704 ad
669 1675 732 1705 Sat.
753 1675 782 1706 1.
803 1674 832 1705 l.
853 1672 904 1704 19.

246 1728 275 1747 v.
301 1717 375 1748 373.
397 1720 561 1755 columnae,
577 1717 765 1757 bibliopolae,
781 1718 837 1759 qui
856 1717 898 1748 ad
918 1727 970 1747 co-

202 1761 330 1792 lumnas
368 1762 548 1801 porticuum
584 1760 680 1791 libros
708 1762 834 1792 venales
875 1761 970 1790 habe-

201 1806 297 1843 bant3
327 1815 422 1844 supra
439 1805 501 1835 Sat.
517 1805 545 1835 Ι.
563 1802 595 1834 4⁴.
614 1803 667 1834 71.
715 1806 818 1836 Nulla
840 1806 970 1835 taberna

201 1860 284 1880 meos
297 1850 406 1879 habeat
421 1859 522 1889 neque
535 1850 600 1888 pila
614 1849 736 1886 libellos,
754 1849 809 1879 ubi
824 1847 886 1878 vid.
903 1854 966 1878 not.

201 1899 234 1922 et
255 1894 322 1924 Fea
344 1892 383 1922 ad
401 1892 433 1922 h.
452 1891 474 1921 l.
525 1891 750 1931 Repudiabant
771 1898 877 1922 autem
899 1891 967 1922 bib-

200 1934 326 1975 liopolae
370 1935 577 1966 mediocrium
619 1942 783 1974 poetarum
818 1935 967 1972 carmina,

202 1980 285 2020 quia,
301 1978 354 2019 qui
370 1979 425 2009 illa
440 1985 591 2015 emerent,
606 1988 672 2009 non
687 1979 896 2009 inveniebant.

246 2033 275 2052 v.
308 2021 491 2053 374—378.
539 2025 582 2054 Ut
607 2028 717 2062 gratas
743 2024 826 2054 inter
846 2033 969 2053 τηετιειιε

201 2072 274 2097 cett.
309 2065 588 2102 Quemadmodum
603 2066 742 2096 convivae
756 2067 789 2095 in
805 2065 969 2104 splendido

201 2110 346 2141 convivio
367 2110 417 2140 vel
432 2109 618 2150 symphonia
633 2109 785 2146 discorde,
802 2109 850 2139 vel
867 2119 969 2140 crasso

201 2160 379 2194 unguento,
391 2153 439 2183 vel
455 2152 590 2192 insipido
605 2163 756 2192 papavere
771 2153 853 2183 inter
867 2152 969 2183 lautas

157 2206 159 2209 ’
203 2197 313 2236 epulas
335 2196 486 2236 apposito,
502 2196 717 2233 offenduntur,
734 2196 778 2226 ita
792 2196 890 2227 animi
906 2195 967 2226 lec-

201 2241 288 2272 tione
311 2241 498 2277 carminum,
514 2250 586 2280 quae
601 2251 619 2269 a
633 2239 825 2270 sublimitate
845 2239 887 2270 ad
908 2240 969 2268 hu-

203 2285 381 2322 militatem,
397 2295 416 2314 a
430 2294 555 2314 summa
569 2284 722 2324 dignitate
737 2283 776 2314 ad
800 2283 897 2313 imam
920 2282 969 2312 in-

201 2328 388 2370 dignitatem
404 2326 608 2364 descendung
624 2326 750 2357 fastidio
764 2326 955 2357 afficiuntur.

243 2383 272 2402 v.
291 2371 366 2402 375.
393 2382 545 2407 crassum,
567 2380 633 2401 non
655 2370 822 2411 liquidum,
845 2369 899 2400 sed
915 2380 968 2400 co-

198 2415 365 2457 agulatum
390 2423 423 2446 et
450 2413 624 2444 rancidum.
712 2425 859 2454 papaver,
878 2413 962 2444 Plin.

201 2460 249 2490 H.
267 2459 309 2490 N.
331 2459 436 2489 XIX.
455 2457 487 2488 8.
515 2459 595 2489 Sect.
609 2456 661 2488 53.
690 2459 856 2499 Papaveris
878 2459 968 2489 sativi

199 2505 262 2534 tria
283 2514 411 2544 genera.
459 2503 648 2538 Candidum,
672 2502 764 2542 cujus
788 2512 892 2534 semen
907 2509 966 2534 tos·

199 2552 270 2578 tum
284 2548 319 2578 in
332 2548 470 2578 secunda
485 2556 591 2578 mensa
614 2557 687 2576 cum
702 2547 790 2577 melle
804 2549 890 2585 apud
903 2558 962 2577 an-

199 2593 300 2631 tiquos
322 2591 465 2621 dabatur.
557 2591 651 2620 Sardo
674 2600 746 2620 cum
769 2591 866 2625 melle,
891 2590 965 2621 Vet.

202 2633 307 2665 Schol-
328 2636 486 2666 Cor-simam
500 2639 531 2665 et
553 2635 689 2664 Sardum
704 2634 765 2663 mel
773 2634 899 2672 pessimi
911 2645 962 2665 sa-

193 2680 299 2719 por-is,-
321 2678 426 2708 herbae
441 2676 526 2707 enim
540 2675 712 2706 admodum
727 2686 842 2706 amarae
857 2687 964 2707 nasce-

200 2723 314 2752 bantur
342 2721 376 2751 in
408 2719 572 2758 Sardinia;
604 2719 679 2749 hinc
710 2719 823 2760 virgil.
846 2720 960 2760 Eclog.

201 2765 286 2796 Vll.
301 2762 375 2795 441.
402 2767 471 2797 Imo
485 2775 538 2805 ego
553 2765 674 2795 Sardois
688 2765 792 2794 videar
806 2764 859 2794 tibi
875 2775 963 2794 ama-

196 2810 260 2840 rior
273 2810 382 2840 herbis.
787 2804 790 2808 ’

243 2862 271 2882 v.
289 2851 364 2883 376.
384 2853 468 2889 duci,
483 2851 517 2881 in
531 2849 664 2882 multam
679 2855 802 2880 noctem
818 2849 961 2889 produci,

199 2896 331 2934 extrahi,
354 2896 402 2927 uti
423 2895 491 2926 fieri
513 2895 632 2926 solebat
644 2893 678 2924 in
693 2893 864 2934 splendidis
884 2904 961 2924 con-

196 2949 293 2970 vnvnS.

242 2993 270 3012 v.
304 2982 378 3020 379,
399 2983 473 3013 380.
515 2983 641 3013 Ludere
669 2983 725 3022 qui
753 2983 847 3013 nescit
873 2986 958 3018 cett,

193 3025 246 3067 qui
272 3036 336 3057 non
367 3026 475 3058 didicit
504 3033 632 3058 tractare
655 3035 751 3063 arma,
774 3026 887 3067 quibus
906 3025 958 3066 ju-

1014 1510 1107 1531 venes
1122 1500 1238 1532 ludunt
1252 1508 1284 1532 et
1297 1511 1331 1532 se
1352 1506 1498 1532 exercent
1511 1500 1544 1531 in
1558 1510 1670 1540 campo
1686 1501 1777 1532 Mar-

1014 1543 1069 1582 tio,
1099 1544 1138 1574 iis
1159 1544 1313 1582 abstinet3
1337 1544 1379 1575 de
1399 1545 1449 1575 his
1470 1544 1555 1575 ludis
1574 1550 1607 1575 et
1627 1546 1777 1575 exercita-

1014 1588 1154 1618 tionibus
1182 1588 1383 1629 gymnasticis
1415 1588 1456 1619 cf.
1476 1598 1570 1628 supra
1593 1589 1658 1619 Od.
1683 1589 1712 1619 1.
1730 1588 1776 1626 8.,

1015 1631 1070 1661 ubi
1092 1630 1132 1661 de
1154 1633 1236 1662 disco
1258 1631 1321 1662 vid.
1339 1631 1380 1663 ad
1394 1642 1424 1662 v.
1439 1629 1489 1662 11.
1481 1652 1505 1669 .‚
1519 1637 1556 1664 et
1564 1631 1605 1663 de
1617 1634 1720 1663 trocho
1735 1632 1777 1663 ad

1018 1673 1564 1706 Od.111.24‚57.1ndoceus
1581 1677 1655 1716 pila
1677 1677 1777 1717 (ἔσυ-

1013 1731 1058 1760 2⁰⁶
1074 1725 1144 1758 σφω
1136 1718 1214 1758 ἀς)
1229 1719 1355 1759 quiescit
1373 1717 1544 1760 (nam-m),
1568 1728 1671 1761 neque
1691 1718 1775 1759 pilae,

1014 1771 1117 1802 neque
1154 1761 1220 1791 isco
1234 1771 1349 1792 manus
1362 1761 1517 1792 admovet.

1056 1815 1085 1834 v.
1103 1803 1179 1835 381.
1202 1806 1306 1845 sydssoe
1326 1815 1457 1838 corona.
1473 1803 1638 1836 condense
1658 1811 1777 1857 spect-n-

1011 1853 1117 1879 torum
1133 1848 1277 1891 ludentes
1297 1847 1493 1899 cingentium
1507 1851 1776 1890 catervae31piua

1011 1893 1115 1923 sedtlia
1130 1889 1225 1932 supra
1239 1891 1314 1922 205.
1332 1898 1364 1922 et
1377 1893 1472 1932 spissa
1485 1891 1609 1924 theatra
1621 1892 1723 1933 Epist.
1742 1893 1772 1924 1.

1016 1933 1066 1965 19.
1084 1933 1138 1965 41.
1227 1937 1367 1977 impune,
1389 1934 1526 1973 liberius,
1542 1935 1614 1977 quis
1633 1935 1719 1967 enim
1733 1935 1775 1966 ri-

1011 1988 1096 2009 sores
1109 1980 1271 2010 coerceat?

1055 2033 1084 2052 v.
1105 2021 1181 2052 382.
1214 2024 1276 2058 Qui
1302 2023 1409 2060 nescit,
1436 2032 1480 2053 sc.
1511 2032 1618 2053 versus
1646 2022 1773 2064 fingere,

1011 2065 1145 2106 ideoque
1166 2067 1208 2096 ab
1228 2066 1267 2096 iis
1290 2065 1448 2107 fingendis
1465 2065 1619 2097 abstinere
1633 2065 1774 2105 debebat,

1012 2116 1118 2140 tamen
1134 2119 1241 2139 versus
1256 2109 1376 2151 fingere
1388 2109 1494 2141 audet.

1054 2163 1084 2183 v.
1101 2152 1177 2190 383,
1189 2151 1263 2184 384⁴.
1277 2164 1371 2194 proes.
1385 2164 1467 2185 cens.
1481 2164 1551 2195 equ.
1564 2156 1650 2185 Sum.
1664 2164 1771 2191 num„

1012 2197 1186 2236 praesertim
1221 2198 1248 2227 si
1284 2208 1395 2228 census
1437 2203 1484 2228 at
1512 2207 1672 2228 summam
1699 2208 1770 2238 equ.

1014 2240 1144 2282 (Graece
1165 2250 1238 2271 cum
1261 2250 1363 2271 accus.
1383 2240 1460 2279 pro':
1485 2239 1660 2271 secundum
1687 2250 1774 2270 sum-

1012 2293 1098 2314 mam
1120 2283 1223 2325 equ.)‚
1245 2284 1277 2314 h.
1295 2294 1322 2315 e.
1353 2283 1534 2324 praesertim,
1556 2283 1583 2314 si
1609 2289 1656 2314 est
1677 2283 1774 2314 homo

1012 2326 1098 2358 dives
1127 2334 1159 2358 et
1193 2327 1331 2367 possidet
1363 2337 1520 2357 summam
1557 2335 1771 2363 nummorum,

1013 2370 1236 2412 (quadraginta
1249 2370 1385 2401 millium
1400 2369 1486 2410 aeris)
1501 2375 1656 2411 quanmm
1677 2379 1773 2411 eques

1013 2414 1180 2445 Romanus
1194 2413 1351 2454 possidere
1372 2413 1513 2444 debebat.
1600 2423 1721 2450 census,
1737 2414 1771 2444 iu

1010 2457 1149 2497 particip.
1168 2458 1281 2497 passim
1295 2456 1381 2496 apud
1398 2457 1465 2488 cic.
1481 2462 1515 2487 et
1529 2455 1600 2487 Liv.
1683 2459 1772 2488 vitio-

1010 2512 1070 2542 que
1097 2507 1231 2532 remotus
1253 2502 1290 2531 ab
1311 2502 1407 2536 omni,
1429 2509 1528 2537 purus
1549 2506 1581 2529 et
1599 2499 1718 2538 insons,
1733 2507 1771 2532 ut

1008 2545 1124 2575 Horat.
1136 2555 1230 2584 supra
1247 2544 1310 2574 Sat.
1327 2543 1356 2574 1.
1369 2542 1401 2574 6.
1418 2542 1471 2573 69.
1488 2542 1638 2584 loquitur.

1050 2599 1079 2618 v.
1103 2586 1179 2618 385.
1203 2589 1300 2620 invita
1316 2588 1473 2623 Minerva,
1491 2586 1557 2617 Cic.
1573 2586 1667 2618 Offic.
1684 2587 1712 2618 Ῑ.
1737 2598 1766 2619 c.

1005 2630 1059 2662 31.
1084 2634 1158 2672 quia
1181 2633 1255 2662 nihil
1279 2632 1362 2661 decet
1385 2631 1481 2662 invita
1502 2632 1554 2671 (uc
1572 2630 1678 2670 aiunt)
1704 2632 1770 2662 Mn·-

1006 2686 1113 2713 nerva,
1128 2677 1161 2706 id
1170 2681 1218 2711 ‚est
1239 2676 1418 2706 adversante
1440 2680 1470 2705 et
1492 2680 1687 2715 repugnante
1709 2686 1769 2706 na-

1006 2725 1090 2751 tura.
1135 2734 1138 2736 ·

1050 2772 1078 2792 v.
1096 2761 1171 2793 386.
1197 2762 1249 2797 Id,
1265 2760 1338 2798 tale,
1353 2766 1418 2791 tam
1433 2767 1565 2797 rectum,

1006 2811 1071 2836 tam
1085 2815 1169 2836 sana.
1257 2806 1340 2840 olim,
1354 2814 1428 2834 nos·
1454 2806 1563 2845 irgend
1575 2806 1701 2836 einmal.

1050 2859 1078 2880 v.
1095 2847 1169 2880 387.
1194 2849 1283 2880 Metii
1296 2865 1341 2872 —
1353 2849 1458 2888 Spurii
1471 2850 1562 2880 Meeii
1578 2850 1704 2889 Tavpae,
1726 2847 1766 2879 de

1005 2903 1070 2935 quo
1085 2893 1155 2922 vide
1169 2901 1263 2931 supra
1279 2891 1308 2922 Ι.
1330 2889 1379 2922 10.
1397 2890 1451 2922 38.

1047 2947 1075 2967 ν.
1093 2935 1168 2967 389.
1193 2937 1286 2971 intus
1303 2934 1335 2964 in
1351 2935 1473 2973 scrinio,
1489 2935 1522 2966 in
1534 2934 1763 2975 penetralibus,

1003 2990 1096 3019 supra
1112 2978 1212 3019 Epist.
1234 2977 1426 3009 11.2.114·.
1467 2981 1511 3012 Et
1532 2985 1692 3012 versemur
1705 2981 1761 3010 ad-

1003 3026 1064 3056 lzuc
1080 3025 1162 3056 incra
1172 3024 1346 3063 penetralia
1371 3025 1472 3055 Vestoe.

1623 2772 1671 2799 ια,
1684 2760 1767 2800 talis,
