1904 3250
221 205 301 243 172

847 203 1152 250 HORATII

1575 217 1682 265 [Lm.
1705 228 1773 255 111.

328 327 460 370 Ludit
479 328 660 371 herboso
680 344 808 385 pecus
828 344 952 372 omne
972 346 1134 388 campo,

244 400 294 438 10
326 397 471 447 Quum
491 399 565 440 tibi
589 398 723 440 Nonae
745 398 923 441 redeunt
942 399 1223 445 Decembres:

327 470 475 512 Festus
496 471 539 512 in
559 472 688 526 pratis
710 479 829 513 vacat
850 472 986 515 otioso

729 540 838 582 Cum
858 541 966 584 bove
985 557 1142 601 pagus:

323 607 438 650 Inter
458 609 635 651 audaces
656 609 779 666 lupus
801 620 914 653 errat
934 627 1066 670 agnos
1083 630 1093 654 ε

323 682 491 738 Spargit
510 691 694 739 agrestes
715 684 791 726 tibi
812 681 917 727 silva'
935 685 1128 728 frondes:

322 751 491 793 Gaudet
511 753 686 795 invisam
706 754 917 810 pepulisse
937 754 1073 798 fossor

724 826 812 868 Ter
831 827 939 883 pede
961 835 1126 869 terram.

715 1041 1052 1084 CARMEN
1100 1040 1244 1083 XIX.

787 1185 816 1216 A
824 1185 857 1216 D
881 1185 1080 1218 TELEPH
1087 1185 1172 1218 ΗΜ.

314 1329 550 1380 Qumrum
572 1329 697 1371 distet
717 1330 770 1371 ab
794 1329 954 1372 Inacho

427 1403 606 1454 Codrus,
629 1419 707 1459 pro
727 1404 862 1459 patria
881 1419 967 1446 non
987 1403 1159 1446 timidus
1180 1405 1300 1455 mori,

192 1543 238 1568 est
255 1538 367 1575 Fauni,
383 1544 419 1568 ut
432 1544 606 1569 ceterorum
620 1537 751 1569 deorum
766 1538 947 1580 agrestium,

190 1581 338 1612 salacitas-
412 1583 500 1618 lenis,
515 1582 609 1619 mitis,
625 1581 775 1621 placidus.
843 1593 949 1624 aequus

183 1627 290 1665 parvis
303 1627 450 1662 alumnis,
466 1625 618 1665 propitius
639 1633 746 1656 tenero
766 1626 870 1668 gregis
890 1625 947 1656 foe-

187 1668 246 1705 tui,
271 1669 362 1709 agnis
386 1678 500 1708 nempe
525 1675 556 1700 et
583 1668 753 1707 hoeduleis;
776 1669 820 1700 sic
848 1671 948 1700 dulces

125 1740 127 1742 .
187 1713 310 1743 alumni
323 1711 439 1752 pariter
451 1711 492 1743 de
506 1718 612 1743 tenera
626 1713 730 1754 gregis
743 1712 852 1743 subole
873 1712 945 1742 infr.

188 1754 260 1785 111.
276 1754 328 1786 23.
355 1754 386 1786 7.
436 1756 502 1792 Qui
515 1767 627 1796 parvos
647 1757 788 1787 alumnos
809 1755 850 1786 de
869 1756 950 1786 ruris

186 1799 324 1830 vernulis
336 1798 504 1839 explicant,
526 1809 603 1837 rem,
625 1799 716 1841 cujus
741 1799 853 1830 nullibi
873 1799 949 1830 alias

186 1841 223 1872 fit
257 1843 385 1881 mentio,
426 1843 538 1874 Fauno
571 1842 726 1874 tribuunt.
786 1843 868 1880 Imo,
893 1843 948 1883 qui

188 1885 340 1917 Faunalia
368 1886 575 1924 celebrabant,
607 1886 765 1923 Faunum,
787 1892 824 1917 ut
845 1886 949 1928 gregis

183 1935 379 1967 servatorem,
402 1930 541 1960 venerari
563 1930 712 1960 solebant.
803 1931 837 1961 Si
860 1936 948 1961 tener

179 1974 224 2013 pl.
241 1975 325 2004 cadit
338 1976 442 2006 laoedus
455 1979 527 2004 cett.
555 1973 702 2004 addit-ex
723 1973 855 2004 solemni
876 1983 946 2013 pre-

182 2016 323 2047 cantium
358 2016 495 2047 formula
529 2017 751 2054 conditionem,
787 2018 847 2047 sub
883 2027 947 2057 qua

182 2059 278 2091 deum
292 2070 398 2100 preces
411 2070 483 2091 suas
497 2060 718 2091 exauditurum
740 2071 807 2091 esse
829 2067 940 2099 sperat.

182 2115 319 2135 —anno
330 2106 430 2144 pleno,
446 2104 561 2145 integri
575 2104 650 2134 anni
664 2110 774 2135 exacto
795 2110 944 2143 tempore,

181 2157 238 2187 pro
266 2147 406 2189 vulgari:
432 2147 608 2188 quotannis.
702 2149 826 2179 Veneris
849 2150 946 2179 sodali

182 2196 317 2226 cmterae,
334 2190 468 2221 suaviter
481 2197 611 2227 cratera,
626 2202 644 2222 e
658 2202 721 2232 qua
735 2190 845 2221 vinum
866 2190 945 2221 liba·

180 2240 243 2271 tur,
265 2235 388 2266 Veneris
401 2236 510 2265 sodalis
524 2241 673 2272 vocatur-3
700 2235 844 2265 Bacchus
859 2234 944 2264 enim

180 2285 214 2309 et
243 2277 354 2308 Venus
377 2277 571 2319 conjunctim
594 2278 675 2309 vires
702 2289 775 2308 suas
803 2288 943 2308 exserere

180 2321 306 2360 οοΙειιιις
326 2321 367 2352 tf.
388 2321 438 2352 Cl.
457 2323 581 2353 Mitsclz.
600 2322 655 2362 qui
669 2321 751 2352 inter
764 2321 825 2351 alia
835 2321 944 2352 laudat

183 2365 316 2396 Lucian.
338 2365 448 2395 Amor.
469 2362 519 2395 12.
547 2365 585 2395 T.
615 2365 664 2396 11.
690 2375 720 2404 p.
748 2363 823 2395 410.
851 2364 939 2406 (edit.

184 2407 303 2449 Gesm)
316 2408 488 2450 ugrum-ign
503 2408 563 2451 γὰρ
576 2409 664 2451 Ἀφιο
652 2407 730 2442 o3i0rn
749 2410 828 2446 μετὰ
850 2415 912 2439 Am
886 2409 942 2439 026-

181 2465 240 2490 σου,
257 2465 308 2483 m
323 2465 357 2483 τε
371 2453 441 2495 παρ’
454 2454 558 2492 ἄμφω
547 2451 622 2484 νῆδν
607 2466 670 2482 uuo
662 2453 809 2501 ‘'pragae-ov.
891 2463 940 2482 ve-

180 2502 241 2533 tus,
264 2497 344 2527 bene
365 2494 406 2525 ad
428 2504 524 2531 aram,
550 2501 700 2536 tanquam
726 2494 856 2534 pietatis,
873 2494 942 2535 jam

180 2539 284 2581 longis
297 2537 384 2570 inde
391 2537 482 2569 annis
505 2538 618 2569 Fauno
639 2538 798 2576 exsolutae,
824 2548 939 2568 monu-

181 2589 336 2619 mentum,
341 2581 584 2624 designandam.

222 2637 252 2657 v.
284 2624 634 2665 9—16.Ludic,prae
662 2624 770 2655 laetitia
796 2624 940 2661 exsultat,

182 2683 237 2702 mu
228 2671 287 2711 ι’-ζςι
342 2670 460 2713 festus,
481 2668 565 2700 diem
593 2668 709 2699 festum
736 2668 769 2698 in
790 2669 940 2698 honorem

180 2720 272 2744 tuum
280 2713 448 2744 celebrans.
480 2718 595 2749 vacat,
604 2711 726 2742 solutus
736 2717 784 2742 est
795 2721 937 2750 operum,

180 2765 216 2787 ut
236 2759 296 2788 sub
316 2757 382 2788 fine
405 2755 554 2788 eat-:niuis
575 2754 786 2786 antecedentis
811 2754 934 2784 dicitur.

179 2819 223 2825 —
247 2803 340 2833 Inter
365 2802 499 2831 midae-ex
519 2800 585 2840 lup.
615 2804 700 2831 errat
727 2809 834 2838 agnos,
865 2797 938 2827 hinc

180 2855 263 2884 supr.
286 2845 312 2875 Ι.
333 2843 383 2875 17.
402 2843 433 2875 9.
458 2844 601 2875 hoeduleoe
619 2843 678 2873 sub
705 2841 808 2872 Fauni
832 2840 937 2880 praesi-

180 2887 233 2917 dio
249 2890 408 2920 Martiales
420 2890 505 2929 lupo:
517 2888 600 2918 haud
611 2891 746 2918 „uetuere
766 2883 933 2922 dicuntur;

181 2930 274 2961 ducta
298 2931 343 2962 rei
367 2932 474 2982 imago
495 2935 542 2961 eet
565 2931 605 2962 ab
627 2939 722 2960 aurea
745 2933 845 2964 mate,
874 2937 937 2968 qua

180 2983 300 3014 greges,
329 2973 415 3006 omni
440 2986 459 3006 a
487 2973 576 3005 saevis
603 2972 706 3005 bestiis
728 2977 814 3002 metu
837 2970 935 3007 vacui,

181 3016 276 3048 libere
304 3025 335 3049 et
357 3028 464 3050 secure
492 3017 723 3050 circumermse
749 3015 935 3057 finguntur;

991 1538 1032 1570 cf.
1061 1538 1134 1569 infr.
1161 1539 1203 1569 V.
1235 1537 1284 1569 16.
1310 1537 1363 1569 51.
1413 1538 1511 1570 Plura
1533 1539 1566 1570 in
1587 1540 1666 1571 hanc
1690 1550 1754 1571 rem

992 1581 1122 1613 collecta
1143 1582 1212 1613 loca
1240 1581 1327 1613 dabit
1353 1585 1452 1615 cerda
1476 1584 1516 1613 ad
1544 1582 1756 1625 Virgi1.Ec1.

992 1625 1054 1656 IV.
1073 1625 1125 1656 22.
1178 1627 1295 1666 spargit
1309 1627 1364 1658 tibi
1381 1627 1443 1657 silv.
1449 1627 1543 1668 fron.
1562 1626 1662 1658 silva'
1651 1637 1684 1657 m
1700 1627 1756 1658 ad-

991 1675 1102 1700 ventus
1127 1669 1174 1700 tui
1199 1670 1348 1700 honorem
1377 1669 1496 1711 spargit
1519 1669 1606 1700 folia.
1655 1671 1752 1706 Quod

992 1714 1051 1744 sub
1065 1712 1157 1743 initio
1170 1712 1287 1743 mensis
1303 1712 1489 1743 Decembris
1500 1722 1557 1753 pm
1578 1713 1653 1744 anni
1674 1719 1754 1744 tem-

990 1766 1067 1797 pore
1087 1763 1197 1795 sponte
1224 1756 1357 1787 faciebat
1383 1755 1471 1794 silva,
1499 1755 1534 1787 id
1557 1755 1692 1787 suaviter
1718 1757 1753 1787 in

993 1800 1097 1830 Fauni
1110 1800 1262 1830 honorem
1275 1799 1349 1830 data
1360 1808 1455 1839 opem
1477 1798 1590 1830 feeisse
1607 1798 1750 1841 fingitur.

992 1845 1084 1874 Folia
1097 1843 1183 1873 enim
1197 1843 1231 1873 in
1244 1842 1310 1873 vias
1323 1844 1486 1884 spargendi
1497 1852 1568 1873 moe
1589 1844 1752 1885 (φυλλοβο-

990 1886 1061 1926 λία)
1090 1885 1263 1927 antiquitus
1297 1888 1336 1917 ad
1371 1885 1492 1917 externi
1525 1886 1662 1923 honoris,
1691 1886 1753 1918 diis

990 1929 1168 1969 praestandi,
1189 1929 1448 1971 significationem
1470 1929 1662 1968 pet-unchen
1684 1930 1748 1961 vid.

991 1976 1079 2005 Cerd.
1096 1973 1137 2004 ad
1153 1973 1245 2023 Virg.
1264 1973 1377 2014 Eclog.
1401 1973 1444 2004 V.
1466 1971 1521 2003 40.
1607 1979 1750 2014 agrestes,

987 2018 1096 2057 quales
1109 2027 1223 2056 nempe
1235 2017 1270 2047 in
1284 2016 1376 2058 agris,
1390 2026 1470 2058 quos
1489 2016 1619 2047 Faunus
1630 2017 1748 2054 transit,

987 2062 1111 2091 arbores
1124 2066 1248 2101 gerunt.
1334 2067 1382 2091 ter
1390 2062 1463 2110 ped.
1479 2066 1553 2091 terr.
1574 2062 1677 2100 popul.
1700 2070 1750 2091 re-

987 2104 1035 2134 fer
1049 2103 1089 2135 ad
1103 2103 1240 2143 tripudia
1252 2109 1286 2134 et
1297 2103 1498 2134 salanones·
1487 2113 1523 2134 m
1534 2103 1629 2145 agris.
1698 2105 1747 2135 in·-

987 2150 1094 2186 visam,
1115 2157 1189 2178 cum
1214 2147 1338 2178 delectu
1362 2146 1404 2177 nd
1426 2146 1590 2188 ingenium
1612 2146 1747 2183 sonoris,

987 2191 1038 2222 cui
1052 2198 1132 2222 terra
1146 2192 1187 2221 ob
1200 2200 1317 2232 graves,
1327 2199 1415 2242 qnos
1425 2189 1455 2220 ei
1469 2190 1550 2220 inter
1562 2188 1746 2221 fodiendum

988 2234 1077 2275 parit,
1093 2234 1213 2266 labores
1226 2244 1309 2274 saepe
1322 2235 1421 2265 invita
1432 2232 1480 2263 fit.

1192 2319 1403 2352 CARMEN
1426 2318 1530 2349 XIX.

1030 2408 1132 2439 Instat
1151 2412 1243 2445 poeta
1270 2404 1466 2443 maturando,
1494 2405 1581 2446 quod
1607 2405 1642 2436 in
1671 2405 1743 2436 novi

986 2451 1163 2501 Auguris-2
1149 2449 1296 2480 Murenae
1319 2450 1469 2480 honorem
1491 2458 1566 2479 cum
1586 2447 1744 2481 „daubus

983 2494 1050 2526 suis
1061 2492 1260 2524 instituturus
1272 2498 1329 2529 est,
1351 2492 1501 2523 convivio.
1550 2492 1630 2523 Pars
1649 2492 1744 2542 hujus

982 2537 1116 2569 sodalitii
1143 2542 1192 2566 est
1220 2535 1388 2575 Telephus,
1416 2535 1566 2566 doctrinae
1589 2534 1741 2585 inprimis,

983 2586 1019 2611 ut
1045 2580 1175 2615 videtur,
1201 2578 1295 2610 laude
1323 2578 1519 2618 conspicuus,
1549 2584 1581 2609 et
1608 2588 1647 2608 eo
1673 2578 1742 2618 ipso

983 2624 1063 2654 forte
1090 2630 1229 2662 tempore
1251 2622 1286 2652 in
1311 2621 1484 2653 ordinanda
1509 2627 1543 2652 et
1568 2621 1741 2653 enarranda

984 2666 1109 2698 historia
1140 2666 1251 2697 Graeca
1274 2673 1453 2705 occupatus.
1516 2664 1617 2695 Hunc
1643 2664 1740 2706 igitur

980 2716 1072 2750 poeta
1087 2710 1154 2750 jam
1175 2709 1298 2740 mittere
1318 2719 1423 2739 rerum
1447 2708 1610 2740 doenrum
1625 2709 1739 2739 etaba-

980 2761 1136 2784 tmsarum
1181 2752 1437 2794 disquisitionem,
1472 2757 1505 2782 et
1546 2750 1581 2782 id
1623 2751 1736 2791 potius,

981 2795 1066 2838 quod
1095 2795 1136 2826 ad
1165 2796 1342 2826 convivium
1368 2793 1526 2845 apparead
1527 2804 1584 2825 um
1611 2801 1736 2835 spectet,

980 2850 1073 2882 agere
1080 2839 1182 2881 Jubet.
1228 2839 1319 2876 Mox,
1334 2839 1422 2879 quasi
1435 2838 1470 2869 in
1482 2837 1587 2868 medio
1597 2837 1738 2869 convivio

972 2884 1045 2925 jam
1055 2888 1201 2919 versetur,
1222 2889 1254 2913 et
1273 2882 1308 2912 in
1328 2891 1367 2912 eo
1387 2881 1607 2922 symposiamhi
1636 2887 1738 2921 partes

978 2931 1059 2969 agat,
1074 2926 1160 2968 leges
1174 2925 1297 2957 bibendi
1320 2925 1474 2965 proponit,
1495 2931 1528 2955 et
1549 2930 1627 2966 quot
1647 2925 1734 2966 quis-

979 2980 1040 3011 que
1063 2969 1176 3010 pocula
1203 2969 1236 2999 in
1260 2969 1374 3006 Lunae,
1402 2968 1522 3005 Nocti&
1549 2974 1582 2999 et
1608 2968 1737 3010 auguri·

982 3014 1126 3045 Murenae
1161 3013 1309 3045 honorem
1348 3018 1460 3051 sumat,
1497 3011 1600 3043 edicit.
1649 3012 1736 3043 Tum
