1904 3250
250 161 330 199 180

874 158 1179 202 HORATII

1592 162 1706 213 [Lm.
1729 172 1800 203 111.

305 287 330 325 5
363 283 454 326 Nec
474 285 737 340 pestilentem
759 283 908 325 sentiet
929 283 1122 326 Africum

363 357 562 399 Fecunda
582 358 689 407 vitis,
711 371 788 398 nec
810 355 994 397 sterilem
1014 371 1133 413 seges

479 427 744 484 Robiginem‚
767 432 839 467 aut
859 424 1003 468 dulces
1023 425 1182 467 alumni
1207 444 1209 447 ·

593 496 806 539 Pomifero
825 512 953 555 grave
972 505 1138 553 tempus
1159 512 1283 539 anno.

362 567 486 618 Nam,
510 583 604 624 quae
625 566 751 608 nivali
772 567 957 623 pascitur
979 566 1138 625 Algido

279 644 328 681 lo
361 641 528 682 Devota
548 655 726 697 quercus
748 641 856 682 inter
877 648 919 682 et
938 640 1066 691 ilices,

351 711 356 715 ⁴
477 710 566 751 Aut
586 710 735 751 crescit
757 710 934 755 Albanis
954 711 998 751 in
1018 710 1174 761 herbis,

592 780 786 831 Victima,
808 776 1056 836 pontificum
1078 795 1244 821 secures

363 852 536 894 Cervice
556 853 731 910 tinguet.

795 852 860 894 Te
880 852 986 894 nihil
1007 853 1153 894 attinet

361 925 546 968 Tentare
567 926 699 967 multa
720 926 836 968 caede
855 926 1090 968 bidentium

279 999 327 1037 15

478 996 515 1038 P
516 1012 636 1038 {II'VOS
659 1003 929 1038 coronantem
950 996 1114 1037 marino

595 1068 710 1110 Rore
732 1068 850 1110 Deos
871 1068 1093 1127 fragilique
1114 1076 1264 1126 myrto.

361 1138 552 1179 Inmunis
573 1153 689 1180 aram
712 1138 745 1178 si
767 1139 903 1196 tetigit
923 1153 1085 1188 manus,

361 1210 461 1252 Non
482 1218 697 1252 sumtuosa
715 1210 911 1253 blandior
931 1211 1082 1262 hostia,

479 1280 666 1322 Mollivit
686 1296 853 1322 aversos
877 1281 1056 1323 Penates

272 1353 328 1391 20

596 1349 725 1391 Farre
746 1351 817 1406 pio
839 1359 880 1391 et
902 1350 1074 1392 saliente
1095 1351 1215 1392 mica.

770 1558 1067 1600 CARMEN
1110 1559 1286 1600 XXIV.

362 1701 569 1743 INTAcTIS
590 1701 831 1758 opulentior

479 1771 710 1814 Thesauris
733 1772 926 1814 Arabum
947 1780 989 1813 et
1010 1772 1148 1813 divitis
1171 1771 1320 1822 Indiae,

243 1909 320 1940 dant
337 1908 449 1939 Caton·
469 1907 509 1938 de
528 1908 578 1939 Re
596 1908 690 1939 Rust.
708 1919 735 1939 c.
758 1907 829 1939 143.
898 1910 1007 1946 horna,

238 1952 419 1989 hornofina,
438 1951 559 1993 (ὣμίφ)
575 1951 671 1993 hujus
684 1951 783 1990 ipsius
804 1951 880 1982 anni
903 1952 1012 1991 primi-

243 1995 305 2027 tiis.
379 1997 489 2030 Lares,
509 1995 629 2026 Tibull.
650 1995 678 2026 I.
692 1995 723 2026 3.
742 1994 795 2026 34«.
816 1998 1011 2037 Redditaque

243 2041 372 2080 antiquo
387 2045 548 2070 menstrua
563 2045 636 2070 tura
657 2041 748 2071 Lari.
838 2041 938 2076 avida,
961 2049 1008 2070 re-

244 2083 293 2114 fer
315 2082 357 2113 ad
385 2081 515 2113 vorandi
540 2082 729 2113 aviditatem.
815 2085 1010 2124 pestilentem

245 2127 404 2169 Africum,
420 2126 534 2156 vitibus
548 2125 634 2156 enim
647 2126 791 2167 inprimis
811 2126 939 2167 pestifer
959 2126 1010 2157 vel

243 2169 360 2201 noxius
381 2170 552 2200 habebatur
578 2169 679 2201 Africi
702 2170 753 2200 vel
771 2169 883 2201 Austri
904 2169 1006 2200 flatus.

245 2223 274 2243 v.
291 2212 414 2245 Pauad.
436 2213 486 2244 11.
506 2212 555 2243 13.
574 2213 614 2244 cf.
634 2215 758 2253 Boettig.
831 2215 1008 2254 robiginem,

245 2257 365 2292 vitium,
388 2256 475 2297 quod
497 2257 594 2298 segeti
616 2256 716 2288 nimio
738 2257 813 2288 solis
834 2263 913 2288 aestu
936 2267 1011 2288 con-

245 2300 398 2338 trahitur-3
423 2310 498 2331 nos:
525 2302 624 2332 brand
633 2317 644 2337 ;
669 2307 702 2331 at
722 2304 817 2332 uredo
843 2300 882 2331 de
904 2311 943 2332 eo
964 2301 1010 2331 vi-

247 2343 293 2375 tio
307 2343 431 2381 dicitur,
447 2354 510 2383 quo
526 2354 620 2385 ‚seges
641 2344 756 2386 frigore
778 2351 849 2375 usta
870 2354 1011 2375 conum

246 2387 343 2428 pitur·
374 2387 416 2418 cf.
447 2389 570 2428 Boeelig.
667 2390 813 2425 sterilem,
843 2388 1013 2419 sterilitatis

248 2440 385 2462 oausam.
445 2433 549 2462 dulces
558 2432 691 2468 alumni,
703 2431 796 2467 hoedi,
810 2432 883 2472 agni
896 2444 906 2470 ;
922 2442 1007 2471 supr.

250 2472 325 2507 ΙΙΙ.
343 2473 394 2505 18.
411 2473 443 2505 3.
461 2473 609 2505 dicuntur
618 2476 710 2515 parvi
723 2477 856 2506 alumni.
913 2478 1012 2516 pomi·

238 2520 428 2594 strenuam
419 2525 632 2556 wauctumno
712 2530 817 2558 grave,
841 2518 1013 2549 valetudini

396 2561 579 2603 gravitatem
595 2561 815 2600 perniciosum
840 2562 910 2593 Liv.
938 2562 1011 2593 111.

251 2606 283 2637 6.
335 2607 437 2638 Grave
449 2611 570 2646 tempus
583 2611 612 2636 et
621 2605 709 2647 sorte
723 2616 829 2637 annus
845 2607 1010 2645 pestilens;

251 2656 285 2681 et
310 2659 378 2690 cap.
406 2647 447 2680 8.
461 2658 515 2680 seu.
533 2650 673 2689 graviore
694 2654 827 2688 tempore
848 2650 928 2680 anni
939 2649 1014 2689 jam

251 2695 440 2725 civ-cumam
449 2707 461 2731 ,-
483 2697 516 2723 et
531 2691 648 2722 XXV.
667 2691 719 2722 26.
740 2698 872 2732 tempore
885 2701 1014 2724 autum—

252 2739 299 2774 ni,
323 2743 352 2769 et
373 2737 446 2768 locis
466 2741 583 2768 natura
601 2736 745 2775 gravibus
755 2751 767 2772 ,-
791 2742 823 2766 et
843 2735 917 2766 hinc
937 2735 1010 2766 infr.

258 2781 322 2812 Sat.
339 2779 390 2811 II.
409 2779 440 2811 6.
461 2778 510 2810 19.
525 2780 629 2820 gravis
643 2785 828 2810 autumnus.

296 2834 327 2855 v.
353 2823 631 2855 9—16.Sen=us.
658 2822 826 2853 Lautiores
846 2821 942 2859 enim,
965 2822 1015 2852 vel

254 2877 375 2909 porcos,
398 2867 448 2899 vel
469 2868 576 2904 boves,
591 2865 792 2906 pontificibus
813 2875 870 2905 pro
890 2865 1021 2905 publica

256 2911 356 2943 salute
377 2910 523 2943 convenit
541 2917 677 2941 mactare
696 2908 859 2946 victimam
884 2915 921 2939 tu
943 2919 1016 2939 vero

257 2965 320 2986 non
335 2965 416 2996 opus
428 2956 523 2987 habes
536 2952 644 2985 multis
655 2952 788 2985 victimis
806 2951 937 2984 deorum
960 2951 1016 2983 tibi

1053 1908 1219 1940 conciliare
1248 1908 1393 1950 gratiam,
1423 1907 1598 1940 dummodo
1625 1908 1774 1941 corollam
1796 1920 1815 1940 e

1053 1963 1122 1984 rore
1148 1953 1270 1984 marino
1291 1959 1323 1983 et
1343 1958 1448 1994 myrto
1468 1962 1583 1983 nexam
1601 1953 1727 1993 exiguis
1749 1953 1814 1985 La·

1053 1997 1136 2028 rium
1151 1996 1326 2027 simulacris
1341 1995 1534 2036 imposueris.
1623 1998 1755 2037 Αίςὶὼ,
1769 1996 1810 2027 cf.

1053 2050 1137 2080 supr.
1156 2039 1197 2071 ad
1213 2039 1242 2071 I.
1257 2038 1310 2071 21.
1327 2039 1358 2070 6.
1448 2042 1555 2071 devota
1569 2049 1611 2070 sc.
1636 2039 1678 2071 ad
1699 2039 1815 2071 sacrifi·

1053 2083 1139 2114 cium
1152 2096 1161 2122 ;
1183 2086 1280 2116 devoti
1293 2091 1399 2114 autem
1414 2083 1455 2114 ad
1469 2082 1654 2114 sacrificium
1666 2085 1764 2124 porci,
1777 2090 1817 2114 ut

1052 2126 1145 2158 docet
1169 2127 1250 2158 Cato
1270 2127 1311 2158 de
1339 2127 1381 2158 R.
1412 2127 1455 2158 R.
1483 2126 1532 2157 11.
1563 2125 1592 2157 l.
1621 2125 1677 2158 20.
1702 2137 1812 2162 sacres,

1052 2172 1136 2202 boves
1150 2178 1256 2202 autem
1272 2171 1365 2211 opimi
1385 2169 1631 2210 appellabantur.
1718 2172 1814 2202 Alba-

1053 2217 1103 2246 nis
1131 2216 1168 2246 in
1192 2215 1290 2245 herbis
1312 2214 1344 2244 h.
1373 2224 1401 2244 e.
1433 2215 1558 2254 pascuis
1584 2213 1666 2244 eirca
1697 2213 1816 2245 Albam

1054 2258 1212 2299 Longam.
1301 2259 1424 2295 cervice,
1440 2255 1604 2297 sanguine,
1619 2267 1660 2288 ex
1673 2256 1737 2289 icta
1749 2267 1815 2288 cer-

1053 2302 1120 2332 vice
1147 2307 1379 2341 prorumpente.
1467 2301 1597 2340 tinguet,
1634 2300 1814 2338 maculabit,

1054 2344 1194 2383 inficiet;
1220 2344 1363 2384 Propert-
1383 2343 1445 2375 IV.
1466 2342 1496 2374 1.
1515 2341 1588 2375 lll.
1625 2346 1717 2376 Idem
1722 2346 1817 2384 Aga-

1053 2389 1240 2420 memnoniae
1257 2389 1389 2431 serrum
1417 2389 1531 2419 cervice
1552 2389 1667 2428 puelle
1701 2388 1812 2420 Timu-

1053 2450 1097 2457 —
1111 2433 1186 2463 nihil
1199 2433 1320 2469 attinet,
1336 2441 1401 2462 ιιοιι
1414 2441 1495 2471 opus
1508 2438 1565 2468 est,
1581 2441 1646 2462 uon
1658 2431 1815 2468 convenit,

1055 2482 1084 2507 te
1097 2481 1218 2507 tentare
1231 2475 1264 2506 h.
1282 2486 1309 2506 e.
1334 2474 1493 2513 lacessere,
1508 2473 1689 2512 sollicitare,
1711 2485 1754 2506 ac.
1778 2480 1818 2506 ut

1054 2519 1111 2550 tibi
1125 2518 1260 2550 faveant.
1322 2529 1434 2560 parvos
1445 2519 1524 2555 deos,
1539 2519 1671 2550 deorum
1684 2517 1816 2549 Larium

1056 2562 1143 2593 enim
1163 2562 1330 2593 simulacra
1350 2562 1466 2604 exigua
1484 2561 1588 2593 forma
1607 2560 1716 2601 effingi
1736 2560 1816 2592 sole-

1056 2608 1140 2637 bant.
1158 2606 1198 2637 cf.
1219 2605 1338 2637 Tibull.
1365 2605 1394 2636 Ι.
1422 2604 1473 2636 10.
1499 2603 1552 2636 17.
1600 2603 1756 2642 Colorem,
1780 2610 1817 2636 ut

1056 2651 1198 2680 observat
1219 2651 1358 2685 Mitsclz„
1373 2659 1392 2680 e
1414 2649 1532 2680 Nostro
1552 2647 1645 2679 duxit
1664 2647 1813 2680 Juvenal.

1058 2693 1122 2724 IX.
1155 2691 1226 2723 137.
1278 2695 1303 2725 0
1321 2694 1412 2734 parvi
1431 2693 1587 2733 nostrique
1607 2692 1718 2730 Lares,
1740 2702 1816 2733 quos

1056 2742 1128 2767 ture
1142 2738 1276 2774 minuto,
1292 2738 1363 2768 Aut
1371 2737 1476 2779 sane,
1496 2741 1525 2766 et
1545 2736 1634 2767 tenui
1654 2737 1729 2767 soleo
1747 2746 1816 2767 m·

1056 2790 1127 2810 rare
1141 2791 1262 2811 corum-

1099 2833 1130 2853 ν.
1149 2821 1472 2854 17-20.1mmunis
1483 2832 1574 2853 aram
1588 2823 1614 2853 si
1627 2822 1726 2863 tetigit
1746 2829 1815 2854 mu-

1056 2876 1129 2902 nus,
1151 2871 1222 2896 cett.
1243 2866 1364 2907 junge:
1395 2867 1429 2896 Si
1448 2876 1561 2897 manus
1582 2866 1732 2900 immunis
1751 2866 1812 2907 (sc.

1058 2908 1192 2947 sceleris,
1212 2909 1242 2939 h.
1273 2919 1300 2939 e.
1330 2908 1422 2949 pura)
1446 2910 1542 2949 tetigit
1565 2920 1664 2946 aran,
1689 2919 1727 2939 ea
1745 2908 1813 2950 jam

1059 2952 1173 2992 saepius
1199 2954 1324 2985 mollivit
1350 2951 1513 2993 (placavit)
1538 2962 1656 2985 aversos
1678 2954 1814 2985 Penates
