1904 3250
825 158 1155 219 HoRATn:

1582 181 1694 230 [Lm.
1717 189 1765 220 112

311 299 427 349 Quid
449 300 567 350 ferat,
591 308 632 342 et
653 314 783 357 quare
804 301 883 342 sibi
903 295 1241 358 nectat’uterque
1261 315 1482 345 coronam.

309 368 544 430 Caedimur,
564 376 606 409 et
625 368 803 425 totidem
821 368 959 426 plagis
981 370 1266 412 consumimus
1285 371 1452 414 hostem

306 439 446 482 Lento
470 440 677 482 Samnites
698 439 753 482 ad
773 440 935 482 lumina
952 441 1092 497 prima
1111 440 1267 484 duello.

304 511 494 554 Discedo
516 511 688 554 Alcaeus
708 520 868 568 puncto
888 512 1024 555 illius:
1056 512 1127 554 ille
1147 528 1243 554 meo
1263 512 1388 570 quis?

191 581 274 621 100
307 579 416 629 Quis
437 580 518 621 nisi
541 580 858 624 Callimachus?
888 582 923 623 si
942 581 1038 638 plus
1059 581 1288 637 adposcere
1309 582 1436 634 visus,

307 648 376 690 Fit
398 647 695 702 Mimnermus,
718 658 760 692 et
780 651 924 707 optivo
945 650 1195 708 cognomine
1215 651 1377 693 crescit.

305 716 447 760 Multa
467 717 571 770 fero,
594 727 641 761 ut
661 719 827 776 placem
846 735 980 778 genus
1002 719 1206 761 irritabile
1226 727 1383 770 vatum,

306 789 417 831 Cum
439 791 591 842 scribo,
613 792 859 848 et1supplex
878 792 1027 849 populi
1048 791 1248 850 suffragia
1268 800 1412 848 capto:

303 861 440 919 Idem,
462 863 593 906 finitis
615 864 778 916 studiis,
793 873 843 910 *et
862 852 1004 908 mente
1025 872 1210 921 recepta,

188 933 270 973 105
303 931 513 975 Obturem
533 934 700 990 patulas
721 935 895 991 impune
914 935 1152 993 legentibus
1174 949 1310 976 aures.

305 1005 530 1058 Ridentur,
553 1007 665 1048 mala
685 1008 758 1065 qui
779 1016 1041 1064 componunt
1062 1008 1273 1050 carmina:
1306 1023 1453 1050 verum

303 1075 506 1119 Gaudent
527 1078 771 1129 scribentes,
795 1087 838 1120 et
858 1094 903 1120 se
922 1086 1191 1130 venerantur,
1215 1086 1258 1120 et
1277 1078 1404 1130 ultro,

304 1149 350 1191 Si
370 1157 522 1201 taceas,
544 1150 733 1203 laudant,
757 1151 959 1208 quicquid
979 1151 1198 1207 scripsere,
1220 1151 1345 1193 beati.

302 1220 363 1262 At
382 1221 456 1278 qui
475 1221 711 1280 legitimum
732 1222 873 1279 cupiet
892 1221 1039 1264 fecisse
1059 1237 1224 1278 poema,

188 1294 269 1334 110
303 1291 415 1335 Cum
435 1293 589 1336 tabulis
610 1294 797 1336 animum
819 1295 1004 1336 censoris
1027 1302 1163 1336 sumet
1182 1294 1372 1345 honesti3

180 1413 283 1449 poetae
297 1409 438 1441 carmina
451 1421 510 1442 sua
523 1411 704 1450 recitabant,
721 1411 782 1443 vid.
801 1422 896 1453 supra
909 1412 950 1444 ad

183 1453 249 1484 Sat.
271 1452 303 1483 l.
323 1452 373 1485 10.
387 1453 440 1485 38.
629 1475 632 1477 Δ

222 1506 253 1527 v.
279 1496 332 1528 95.
356 1509 492 1539 sequere,
509 1509 552 1529 sc.
572 1509 630 1530 nos
644 1499 678 1529 in
690 1498 854 1539 templum.

222 1550 252 1571 v.
278 1540 333 1571 96.
345 1542 450 1583 ferat,
468 1542 613 1581 proferat,
629 1543 747 1574 recitet.

222 1594 252 1614 v.
279 1583 332 1615 97.
361 1587 527 1621 Caedimur.
558 1593 588 1617 ει
617 1588 740 1618 totidem
768 1592 854 1624 cett„
878 1596 949 1636 pro-

180 1627 309 1659 verbiali
330 1628 490 1659 locutione
513 1639 587 1668 pro:
614 1630 696 1661 ictus
720 1629 821 1660 ictum
845 1630 949 1670 sequi-

179 1676 242 1707 tur,
259 1681 336 1702 nos·
329 1695 336 1703 .
360 1674 464 1713 scklag
477 1674 544 1715 auf
553 1675 666 1714 sclzlag,
683 1683 738 1713 par
751 1673 818 1712 pari
841 1673 949 1704 referi-

178 1723 261 1751 muS‚
277 1715 333 1756 qui
347 1725 405 1745 nos
419 1715 514 1747 laude
528 1717 680 1755 cumulat,
697 1716 835 1748 eundem
858 1717 949 1748 vicis-

179 1756 241 1788 sim
256 1758 351 1789 laude
365 1759 576 1791 cumulamus.

223 1812 253 1832 v.
277 1801 440 1833 98-101.
465 1805 566 1835 Lento
593 1806 747 1836 Sanmites
771 1809 855 1839 cett„
883 1813 949 1834 cer-

179 1850 285 1876 tamus
321 1852 353 1877 et
387 1856 580 1887 pugnamus,
625 1847 722 1878 veluti
762 1846 950 1888 gladiatores

180 1888 338 1919 Samnites
360 1889 402 1920 ad
426 1889 527 1929 prima
548 1890 700 1928 ,lumina3
724 1901 834 1931 pugna
862 1890 949 1921 enim

177 1931 234 1962 illa
247 1942 314 1963 non
328 1939 375 1964 est
390 1932 519 1971 fervida,
535 1934 591 1964 sed
606 1934 710 1972 lenta,
701 1947 710 1954 ·
735 1934 760 1964 si
786 1934 865 1964 alter
885 1944 948 1971 me,

177 1981 217 2006 ut
231 1982 355 2015 poetam
370 1976 515 2016 lyricum,
530 1977 631 2008 Alcaei
644 1977 835 2018 cognomine
845 1986 947 2014 ornat,

177 2028 238 2059 ego
251 2019 354 2054 illurn,
371 2026 409 2050 ut
434 2025 559 2059 poetam
585 2021 773 2063 elegiacum,
798 2020 957 2051 Callima.

177 2062 239 2099 chi,
256 2069 288 2094 et
303 2063 328 2093 si
343 2062 377 2094 id
392 2073 457 2094 non
480 2063 554 2094 satis
569 2072 626 2101 est,
645 2063 842 2100 Mimnermi,
862 2063 948 2105 quod

175 2112 272 2145 optat,
303 2106 495 2148 cognomine
515 2117 604 2138 orno.
641 2109 797 2139 Samnites
817 2106 950 2138 fuerunt

175 2159 280 2190 genus
301 2149 463 2191 quoddam
484 2149 708 2192 gladiatorum,
729 2152 770 2181 ab
791 2157 949 2181 armatura

179 2192 353 2225 Samnitica
369 2193 424 2236 (de
437 2204 501 2235 qua
523 2193 585 2224 vid.
611 2194 682 2224 Liv.
713 2194 781 2225 IX.
807 2192 881 2231 40.)
896 2194 949 2225 ita

177 2235 347 2274 dictorum,
361 2237 417 2278 qui
430 2238 513 2268 inter
528 2237 671 2268 convivia
685 2237 725 2268 ad
735 2239 842 2278 prima
850 2239 948 2269 lumi-

175 2291 220 2311 ·na
238 2283 394 2322 (tempore
408 2281 596 2320 vespertino,
615 2291 679 2322 quo
701 2281 803 2321 prima
824 2281 947 2312 lumina

175 2323 402 2362 accenduntur,
432 2325 474 2355 cf.
506 2334 602 2364 supra
630 2325 693 2355 Sat.
726 2325 777 2356 II.
808 2324 838 2355 7.
871 2324 945 2365 33.)

176 2368 323 2404 convivas
336 2378 402 2399 non
417 2378 526 2409 pugna
540 2373 680 2404 cruenta,
706 2368 761 2399 sed
785 2370 870 2400 lenta
897 2369 946 2410 (iu

176 2411 311 2452 longum
339 2411 508 2452 producta)
539 2410 694 2442 delectare
719 2411 883 2451 solebant3
905 2411 946 2442 de

176 2456 293 2486 omissa
318 2455 472 2494 particula
500 2455 742 2494 comparationis
765 2456 856 2492 sicut,
879 2454 942 2487 vid.

175 2508 271 2538 supra
284 2499 326 2528 ad
339 2508 368 2530 v.
387 2497 420 2529 8.

220 2551 249 2571 v.
275 2541 328 2572 99.
364 2543 498 2573 Discedo
521 2543 658 2579 Alcaeus,
682 2541 722 2573 de
751 2544 856 2574 Alcaeo
878 2542 941 2573 vid.

175 2595 270 2624 supra
284 2585 324 2617 ad
342 2585 406 2617 od.
427 2585 456 2616 Ι.
474 2584 530 2616 32.
558 2584 592 2616 5.
677 2593 805 2625 puncto,
832 2586 944 2616 suffra-

174 2628 239 2670 gio,
255 2629 287 2660 b.
305 2639 333 2660 e.
350 2629 526 2667 seutentia;
549 2629 612 2660 lata
626 2628 660 2658 in
675 2629 810 2659 comitiis
832 2640 851 2660 a
878 2629 942 2659 sin-

173 2672 260 2713 gulis
273 2672 425 2714 suffragia
439 2674 628 2704 notabantur
641 2672 676 2702 in
691 2672 805 2703 tabulis
810 2679 941 2713 puncto,

174 2716 262 2747 unde
287 2723 448 2758 punctum
476 2726 534 2757 pro
561 2715 734 2756 suffragi03
762 2715 943 2747 notissimus

175 2759 229 2795 ille
255 2770 361 2791 versus
386 2760 517 2791 Horatii
544 2759 711 2800 qupist.
744 2758 785 2790 ad
817 2759 882 2790 Pis.
914 2770 942 2791 v.

175 2801 251 2834 343.
311 2805 410 2836 Omne
439 2806 512 2836 tulit
533 2809 706 2847 punctum,
735 2804 791 2844 qui
819 2805 942 2835 miscuit

173 2850 249 2878 utile
263 2849 356 2879 dulci.

218 2900 246 2920 v.
275 2890 347 2922 101.
370 2893 425 2923 Fit
441 2893 570 2930 Mimn.,
598 2890 639 2922 de
664 2892 854 2923 Mimnermo
876 2889 937 2920 vid.

174 2943 268 2971 supra
282 2935 322 2965 ad
339 2935 443 2975 Epist.
462 2935 491 2966 I.
517 2935 548 2967 6.
578 2933 630 2966 65.
721 2935 828 2975 optivo,
856 2933 940 2975 quod

174 2976 230 3007 sibi
247 2977 313 3008 dari
329 2980 488 3018 optaverit.
941 3020 961 3050 8

1037 1423 1066 1442 v.
1095 1411 1167 1443 102.
1193 1413 1300 1443 Multa
1311 1412 1400 1454 fero,
1423 1410 1556 1443 debebat
1580 1412 1664 1443 enim
1690 1412 1763 1446 Ho-

993 1455 1090 1486 ratius
1106 1455 1198 1486 malis
1212 1455 1322 1495 poet-is,
1339 1465 1380 1485 ne
1401 1465 1455 1486 eos
1479 1455 1622 1494 irritaret,
1638 1459 1762 1496 patien-

992 1505 1037 1531 tes
1052 1509 1144 1529 aures
1159 1500 1296 1539 praebere
1310 1497 1449 1528 carmina
1463 1508 1521 1529 sua
1534 1499 1746 1531 recitantibus

1034 1553 1063 1573 v.
1094 1541 1166 1579 104,
1185 1540 1271 1574 .105.
1314 1543 1417 1578 Idem,
1442 1543 1549 1584 finitis
1577 1549 1650 1574 cett.
1714 1544 1762 1574 At

992 1596 1079 1616 nunc
1104 1596 1175 1627 ego,
1198 1584 1375 1616 caminum
1398 1585 1632 1616 scribendorum
1654 1586 1762 1617 studio

993 1630 1144 1670 deposito,
1160 1635 1192 1660 et
1205 1629 1312 1659 furore
1325 1628 1448 1668 poetico
1462 1639 1501 1659 ex
1523 1636 1628 1660 mente
1649 1640 1761 1661 excus-

993 1684 1037 1710 so,
1055 1683 1146 1704 aures
1161 1671 1318 1714 (patulas)
1332 1681 1420 1702 meas
1433 1671 1571 1703 carmina
1586 1673 1762 1714 proelegen-

992 1717 1076 1747 tibus
1104 1715 1273 1759 (obturem)
1297 1716 1443 1746 obturare
1463 1715 1576 1752 ausim,
1599 1717 1696 1757 (deff
1709 1719 1767 1748 ich,

991 1771 1023 1791 es
1037 1762 1116 1791 wohl
1129 1771 1247 1800 wagen,
1262 1760 1365 1790 meine
1389 1761 1484 1790 claren
1508 1771 1550 1791 zu
1571 1760 1759 1802 verstolffen)

992 1803 1068 1844 quia
1082 1803 1115 1834 id
1131 1813 1216 1834 nunc
1237 1802 1306 1832 fieri
1332 1808 1435 1840 potest
1458 1804 1597 1843 impune,
1618 1802 1762 1834 adversa-

991 1847 1046 1877 riis
1061 1846 1139 1877 nihil
1153 1845 1300 1885 amplius,
1317 1845 1402 1887 quod
1416 1845 1512 1877 dente
1532 1844 1672 1888 maligno
1693 1856 1768 1878 eal·-v

992 1896 1079 1932 pant,
1097 1889 1295 1923 habentibus.
1398 1919 1400 1922 ,
1764 1912 1769 1921 .

1034 1944 1062 1964 v.
1092 1932 1154 1964 106
1176 1943 1260 1975 seqq.
1307 1932 1383 1965 Jam
1406 1921 1548 1973 sequitur
1567 1932 1657 1963 locus
1678 1941 1766 1973 praef

990 1977 1210 2015 stantissimus‚
1228 1986 1323 2018 quem
1344 1985 1411 2006 non
1424 1975 1599 2015 scriptores
1622 1982 1759 2015 tantum,

991 2021 1048 2061 qui
1073 2030 1120 2056 ea,
1142 2031 1213 2061 quae
1235 2020 1385 2055 scribunt,
1411 2018 1452 2050 ad
1472 2025 1589 2050 rectam
1614 2029 1768 2051 normam-

992 2063 1118 2104 exigere
1132 2063 1253 2100 volunt,
1269 2062 1323 2093 sed
1337 2063 1644 2103 etiamtironesqui
1659 2063 1691 2093 in
1709 2063 1759 2101 iis,

991 2117 1063 2148 quae
1078 2107 1113 2137 in
1127 2106 1242 2137 scholis
1263 2106 1404 2136 scribunt
1429 2113 1461 2136 et
1472 2106 1760 2143 elaborant,·recte

992 2158 1024 2181 et
1053 2149 1225 2190 prudenter
1249 2149 1364 2180 versari
1386 2149 1530 2189 cupiunt,
1555 2155 1629 2180 aute
1649 2149 1760 2180 oculos

991 2194 1114 2232 habere,
1146 2193 1213 2224 imo
1240 2192 1376 2224 ediscere
1400 2193 1525 2224 debent.
1584 2192 1758 2233 Postquam

991 2237 1108 2268 scilicet
1125 2236 1281 2268 Horatius
1295 2236 1438 2273 breviter,
1465 2235 1520 2266 sed
1544 2234 1622 2266 vivis
1645 2235 1758 2266 colori-

989 2282 1049 2311 bus
1070 2280 1227 2312 malorum
1254 2280 1440 2319 scriptorum
1466 2279 1623 2320 φιλαυτίαν
1643 2279 1759 2310 adum.

988 2324 1098 2362 bravit,
1127 2323 1244 2354 futuris
1269 2322 1469 2363 scriptoribus
1495 2322 1544 2353 vel
1568 2322 1667 2362 poetis
1686 2329 1757 2354 tan-
1760 2355 1764 2359 ,

989 2378 1086 2409 quam
1099 2367 1134 2398 in
1149 2367 1257 2398 tabula
1271 2366 1416 2406 proponit
1429 2365 1524 2406 leges
1541 2365 1657 2406 quibus
1671 2365 1757 2396 salu-

989 2412 1107 2443 briores
1120 2417 1151 2441 et
1165 2409 1366 2450 sapientiores
1378 2409 1430 2439 vix
1445 2408 1575 2450 cogitari
1589 2415 1730 2448 possunt.
1759 2435 1761 2438 Α

1053 2453 1162 2486 .106.
1189 2455 1360 2490 Ridentur,
1385 2454 1471 2484 mala
1497 2454 1552 2493 qui
1572 2459 1645 2483 cett.
1695 2452 1755 2484 Ri-

990 2498 1106 2530 dentur
1119 2497 1246 2538 quidem
1263 2497 1337 2527 mali
1352 2502 1461 2534 poetae,
1478 2495 1534 2526 sed
1555 2494 1589 2526 id
1610 2505 1675 2526 non
1699 2507 1763 2531 cu-‚

987 2549 1069 2580 rant,
1097 2542 1162 2572 imo
1183 2540 1322 2575 mirifice>
1343 2538 1402 2570 sibi
1426 2538 1552 2579 placent
1577 2539 1760 2577 scribentes,

988 2592 1060 2617 cett.

1030 2639 1058 2659 v.
1086 2627 1159 2659 108.
1193 2628 1342 2668 quicquid
1367 2627 1521 2666 scripsere,
1547 2627 1636 2664 beati,
1664 2627 1761 2668 quic--

986 2672 1062 2714 quid
1075 2673 1167 2703 beato
1180 2671 1269 2712 quasi
1283 2678 1315 2701 et
1328 2669 1415 2700 dulci
1433 2668 1532 2700 animi
1547 2679 1641 2701 sensu
1656 2671 1760 2710 scrip-v

986 2721 1104 2747 serunt.
1165 2715 1337 2747 obversata
1367 2713 1505 2744 Horatio
1533 2713 1568 2743 in
1596 2714 1655 2744 hoc
1681 2713 1754 2745 loco

986 2759 1109 2790 videtur
1143 2757 1308 2797 descriptio
1348 2756 1471 2788 Suffeni
1506 2755 1591 2796 apud
1631 2757 1750 2789 Catuli.

991 2802 1117 2834 XXII.
1138 2799 1180 2832 14
1193 2811 1275 2842 seqq.
1323 2802 1413 2832 Idem
1435 2801 1556 2843 ivficeto
1578 2802 1750 2843 estinfiee-

985 2848 1045 2878 tior
1072 2857 1158 2883 rure,
1189 2846 1289 2877 Simul
1312 2850 1455 2885 poemata
1483 2845 1606 2885 attigit;
1651 2855 1751 2885 neque

984 2892 1067 2922 idem
1081 2901 1225 2931 unquam
1242 2890 1349 2929 AEque
1370 2894 1414 2919 ese
1437 2889 1553 2924 beatus,
1577 2898 1616 2919 ac
1636 2898 1749 2928 poema

985 2946 1059 2966 cum
1075 2934 1178 2965 scribit
1190 2945 1201 2963 .-
1233 2934 1315 2964 Tam
1326 2934 1439 2972 gaudet
1455 2933 1489 2964 in
1510 2943 1551 2968 se,
1574 2937 1699 2973 tamque
1718 2943 1749 2964 se

983 2979 1045 3018 ipse
1060 2978 1205 3009 miratur.
