1904 3250
210 178 296 218 468

808 175 825 210 J
846 171 1158 214 HORATII

1621 176 1733 226 [Lm.
1755 187 1790 216 1.

240 305 297 343 65
329 301 443 343 Vilia
461 300 712 343 vendentem
734 298 923 339 tunicato
943 305 1086 339 scruta
1103 297 1276 354 popello

329 371 537 427 Occupat,
560 378 603 411 et
623 368 784 410 salvere
799 367 923 424 jubet
941 368 1073 423 prior.

1134 367 1214 410 Ille
1236 367 1436 425 Philippo

330 440 549 482 Excusare
569 438 774 488 laborem,
796 444 840 478 et
858 437 1120 478 mercenaria
1138 436 1291 487 vincla,

330 509 463 559 Quod
483 523 577 556 11011ι
590 523 715 550 mane
735 507 912 549 domum
932 507 1139 556 venisset3
1169 505 1352 563 denique
1372 507 1486 564 quod
1506 522 1593 550 non
1658 501 1662 504 ⁴

333 581 595 624 Providisset
613 595 725 622 eum.
789 579 860 622 Sic
879 579 1091 637 ignovisse
1109 586 1259 635 putato

244 656 300 693 ‘70
332 650 411 693 Me
431 651 579 701 tibi‚2si
600 665 743 693 coenas
763 649 894 692 hodie
912 664 1094 692 mecum.
1157 649 1222 692 Ut
1239 649 1354 691 libet.
1416 649 1534 708 Ergo

334 724 439 765 Post
458 738 616 766 nonam
638 723 803 765 venies:
835 738 949 765 nunc
970 723 998 773 i,
1020 737 1111 766 rem
1132 730 1329 764 strenuus
1350 738 1471 780 auge.

334 796 398 839 Ut
417 805 590 839 ventum
610 797 666 839 ad
687 812 852 840 coenam
872 804 948 847 est,
971 795 1153 838 dicenda
1171 795 1350 838 tacenda
1369 795 1547 847 locutus,

337 868 535 910 Tandem
556 869 787 911 dormitum
808 869 1046 911 dimittitur.
1110 868 1210 919 Hic,
1231 868 1305 910 ubi
1326 883 1439 924 saepe

335 937 565 981 Occultum
587 939 701 981 visus
722 940 849 995 piscis
871 939 1098 982 decurrere
1118 939 1174 980 ad
1193 939 1380 990 hamum,

247 1012 273 1050 ’7
278 1012 304 1050 5
337 1008 472 1051 Mane
493 1009 623 1051 cliens
644 1017 688 1051 et
699 1011 790 1066 jam
811 1018 950 1052 certus
972 1009 1160 1060 conviva,
1176 1009 1352 1065 jubetur

337 1081 458 1124 Rura
477 1082 723 1124 suburbana
741 1083 910 1125 indictis
933 1097 1074 1124 comes
1094 1082 1156 1123 ire
1178 1081 1356 1123 Latinis.

333 1151 564 1207 Impositus
584 1153 765 1207 mannis,
787 1167 938 1210 agrum
959 1151 1198 1208 coelumque
1222 1151 1427 1194 Sabinum

335 1219 436 1261 Non
458 1228 594 1262 cessat
612 1221 801 1263 laudare.

863 1221 994 1262 Videt
1015 1220 1208 1276 ridetque
1232 1220 1455 1276 Philippus
1472 1238 1482 1262 :

335 1292 406 1344 Et,
429 1293 509 1335 sibi
529 1293 633 1335 dum
652 1295 856 1351 requiem,
879 1294 983 1336 dum
1003 1294 1112 1335 risus
1133 1292 1321 1350 undique
1342 1293 1508 1350 quaerit,

245 1370 302 1407 80
332 1365 455 1408 Dum
475 1374 636 1423 septem
656 1367 788 1409 donat
808 1367 1012 1417 sestertia,
1033 1374 1182 1408 mutua
1201 1374 1362 1422 septem

335 1436 563 1488 Promittiss
585 1437 828 1494 persuadet,
853 1438 915 1480 uti
935 1445 1147 1479 mercetur
1167 1436 1365 1494 agellum.

337 1508 585 1552 Mereatur:
618 1525 674 1552 ne
695 1518 737 1552 te
757 1510 896 1568 longis
918 1509 1167 1567 ambagibus
1188 1507 1312 1559 ultra',

336 1581 481 1631 Quam
501 1582 600 1624 satis
621 1590 699 1633 est,
721 1597 888 1632 morer3
922 1597 977 1624 ex
997 1580 1133 1623 nitido
1154 1579 1204 1621 fit
1223 1580 1419 1631 rusticus,
1442 1588 1568 1637 atque

338 1650 488 1693 Sulcos
509 1659 552 1693 et
572 1651 713 1693 vineta
734 1659 879 1708 crepat
899 1665 1030 1701 mera,
1051 1655 1266 1706 praeparat
1285 1647 1437 1700 ulmos,

247 1722 305 1761 85
337 1718 587 1762 Immoritur
608 1721 771 1772 studiis,
794 1729 836 1762 et
856 1735 999 1762 amore
1020 1718 1201 1759 senescit
1219 1717 1419 1759 habendi.

263 1860 293 1881 v.
319 1848 373 1880 65.
398 1851 470 1881 vilia
484 1856 602 1888 scr-uta,
617 1850 761 1892 intellige
775 1850 904 1881 detritas
925 1859 994 1880 voe-

218 1900 276 1931 tes,
291 1904 375 1930 vasa,
399 1893 610 1925 instrumenta
634 1900 667 1925 et
691 1894 794 1925 multa
818 1894 890 1931 11118,
913 1900 992 1924 tem·

220 1947 296 1978 pore
311 1943 343 1968 et
357 1947 420 1967 usu
434 1936 546 1968 viliora
558 1937 651 1968 facta.
690 1937 862 1979 Ejusmodi
876 1946 996 1967 merces

222 1983 320 2023 (11051
345 1981 562 2020 trb'delwaare)
578 1980 704 2012 venales
728 1982 886 2012 habebant
907 1992 995 2012 scru-

219 2026 304 2056 tarii.
353 2023 429 2056 Jam
451 2034 525 2055 vero
546 2034 622 2056 cum
645 2025 755 2055 Menae
782 2024 818 2055 in
841 2024 996 2056 auctioni-

221 2069 294 2105 bus,
310 2067 367 2098 ubi
381 2067 437 2099 ille
458 2078 562 2107 praeco
585 2068 686 2108 pretia
710 2067 899 2100 licitantium
921 2077 994 2108 pro-

221 2111 404 2148 nunciabat,
436 2111 605 2143 commoda
639 2122 748 2143 rerum
783 2112 995 2143 obsoletatum

223 2154 470 2187 coemendarum
485 2154 739 2195 suppeditaretur
758 2155 892 2192 occasio,
917 2164 996 2196 quo-

222 2198 321 2235 modo
335 2198 457 2229 factum
471 2197 522 2236 sit,
538 2205 577 2229 ut
591 2209 693 2238 praeco
707 2198 805 2230 simul
818 2205 898 2230 esset
908 2208 996 2229 scru-

223 2241 334 2279 tarius,
360 2242 454 2273 facile
474 2248 612 2282 apparet.
703 2244 845 2275 tunicato
869 2243 995 2283 popello,

223 2285 369 2327 intellige
383 2284 527 2317 homines
547 2284 588 2316 de
611 2285 713 2325 plebe,
733 2286 872 2326 opifices,
894 2286 996 2317 taber-

224 2329 332 2361 uarios
345 2335 431 2366 cett„
445 2328 502 2370 qui
516 2338 582 2360 non
604 2335 690 2371 toga,
714 2329 770 2360 sed
795 2330 904 2361 tunica
926 2334 996 2360 ute-

225 2374 351 2404 bantur.

268 2427 299 2448 v.
317 2415 374 2447 66.
397 2421 536 2457 occupat,
558 2415 708 2455 opprimit
730 2417 823 2458 (nosz
849 2428 884 2448 er
908 2418 999 2448 fiber-

226 2460 358 2499 rasche).
446 2461 574 2497 salvere,
590 2469 632 2490 sc.
651 2470 736 2491 eum.

271 2513 300 2534 v.
333 2501 387 2534 67.
422 2504 564 2543 Philippo
602 2504 720 2536 Eaecus.
752 2504 810 2534 lab.
844 2510 873 2535 et
901 2514 994 2535 merc.

227 2548 343 2583 vincla,
357 2556 391 2576 se
405 2556 555 2577 excusare
575 2546 662 2586 apud
687 2546 873 2586 Philippum
894 2546 1001 2578 labore

229 2597 261 2622 et
274 2589 476 2621 mercenariis
489 2589 643 2628 vinculis;
657 2607 701 2616 --
711 2600 768 2630 per
781 2591 905 2622 vincula
917 2601 998 2621 mer-

228 2637 357 2666 cenaria
369 2633 514 2675 intellige
527 2632 632 2664 officia
645 2632 783 2675 ιιι-1600111
807 2643 864 2673 pro
884 2633 999 2664 consti-

231 2684 303 2709 tuta
316 2676 462 2708 mercede
474 2675 630 2708 obeunda.

274 2732 304 2752 v.
329 2720 382 2752 68.
408 2722 548 2757 domum,
562 2719 600 2750 ίιι
620 2719 702 2751 aedes
725 2719 878 2760 Philippi,
900 2721 999 2752 venis-

231 2771 285 2800 set,
300 2764 459 2796 salutandi
473 2774 576 2795 causa.

276 2819 306 2839 v.
331 2808 385 2839 69.
411 2809 594 2840 Prmn'disset
615 2818 701 2844 eum,
726 2816 802 2837 eum
820 2806 1000 2838 venientem

232 2851 369 2889 vidisset,
395 2853 605 2890 observassem
630 2850 737 2882 Plaut.
769 2849 862 2880 Asin.
890 2850 940 2881 11.
964 2849 996 2881 4.

234 2902 381 2935 optume.-
406 2897 630 2937 quamdudum
646 2901 684 2926 m
704 2893 882 2926 advenisti?
922 2897 1000 2926 Non

227 2941 334 2973 hercle
349 2947 379 2971 te
394 2941 615 2980 providerum;
638 2949 751 2980 queso,
776 2949 817 2970 ne
833 2939 908 2970 vitio
934 2949 999 2969 rer-

235 2987 296 3018 ται,
313 2985 366 3014 Ita
381 2985 549 3015 iracundia
564 2983 674 3014 obstitit
687 2982 792 3014 oculis.

1080 1858 1110 1879 v.
1136 1845 1190 1878 71.
1217 1850 1293 1880 Post
1307 1858 1437 1886 nonam,
1460 1847 1546 1888 apud
1571 1857 1630 1880 noe
1653 1853 1727 1889 post
1744 1854 1807 1881 ter·

1038 1891 1117 1923 tiam
1130 1892 1242 1922 horam
1256 1890 1517 1931 pomeridianam.

1082 1946 1112 1966 v.
1139 1934 1191 1965 72.
1217 1937 1360 1972 dicenda,
1380 1938 1513 1968 tacenda
1535 1936 1627 1979 (ῥητὶ
1650 1936 1703 1967 καὶ
1723 1936 1808 1979 ἔρῤη-

1039 1979 1108 2020 ca),
1123 1978 1223 2019 digna
1236 1985 1269 2009 et
1281 1978 1414 2019 indigna
1427 1979 1551 2016 auditu,
1565 1985 1679 2019 aptaet
1688 1979 1804 2021 inepta.

1083 2034 1114 2053 v.
1132 2021 1184 2053 73.
1211 2023 1389 2059 dimittitur,
1405 2032 1447 2053 sc.
1465 2021 1611 2055 domum-

1080 2076 1110 2097 v.
1129 2064 1270 2097 73-76.
1297 2068 1374 2103 Hic,
1388 2067 1633 2107 ubimpecett„
1652 2067 1740 2099 hunc
1760 2066 1808 2098 10-

1038 2119 1113 2141 011111
1142 2111 1187 2142 ita
1222 2109 1429 2149 interpretor:
1470 2112 1538 2143 Hic
1577 2110 1724 2152 (Mena),
1752 2111 1809 2142 ubi

1041 2153 1238 2196 (postquam)
1253 2165 1333 2194 ωερε
1347 2152 1431 2184 sicut
1437 2155 1534 2204 piseis
1547 2156 1589 2186 ad
1605 2156 1736 2186 hamum
1757 2165 1808 2186 oc-

1040 2198 1163 2229 cultum
1191 2197 1234 2228 ad
1255 2197 1338 2228 aedae
1368 2196 1476 2237 Philip
1454 2196 1510 2237 ppi
1533 2199 1696 2229 decan-ere
1725 2198 1808 2229 visus

1040 2247 1097 2278 est,
1112 2243 1214 2272 Mane
1226 2240 1359 2282 (scilicet
1374 2240 1514 2292 Philippi
1524 2239 1681 2271 salutandi
1691 2240 1807 2282 gratia)

1039 2286 1135 2316 diem
1147 2284 1258 2325 etjam
1271 2290 1374 2316 certus
1387 2285 1514 2316 conviva
1515 2283 1673 2324 ‚jubeam
1687 2290 1809 2315 cett.—

1040 2327 1080 2358 de
1109 2327 1263 2368 panicula
1290 2326 1492 2367 comparandi
1519 2329 1612 2366 sicut,
1641 2325 1683 2358 ad
1714 2329 1808 2368 pisca

1039 2372 1164 2409 omissa,
1198 2371 1240 2402 cf.
1270 2380 1366 2410 supra
1392 2370 1435 2402 611
1471 2369 1575 2410 Epist.
1617 2370 1646 2402 Ι.
1685 2338 1738 2402 ap
1749 2369 1806 2403 42.

1039 2432 1084 2440 —
1097 2416 1232 2449 indictis,
1247 2424 1290 2445 50.
1308 2425 1328 2444 a
1341 2413 1482 2452 consule,
1497 2415 1633 2451 Latinis,
1648 2424 1692 2446 sc.
1709 2414 1806 2446 feriis.

1083 2469 1113 2489 v.
1131 2456 1271 2490 77—79.
1295 2459 1432 2495 munis,
1453 2457 1496 2488 cf.
1518 2467 1614 2497 suprn
1632 2457 1674 2489 ad
1699 2458 1806 2498 Epod.

1042 2500 1075 2533 4.
1109 2500 1160 2533 14.
1247 2502 1304 2534 sibi
1324 2503 1404 2533 dum
1427 2502 1565 2542 requiem
1585 2502 1707 2543 quaen't,
1729 2501 1809 2533 dum

1042 2545 1149 2577 sedem
1164 2544 1223 2575 sibi
1243 2543 1366 2586 quaerit,
1388 2544 1454 2582 ubi,
1480 2551 1621 2576 remotus
1642 2546 1683 2576 ab
1707 2545 1809 2576 homi-

1042 2599 1122 2620 num
1136 2589 1229 2620 turba
1243 2595 1276 2619 et
1289 2587 1490 2629 negotiorum
1516 2587 1683 2638 1110165615,
1703 2588 1809 2630 quiete

1040 2632 1106 2663 frni
1121 2631 1238 2672 possit3
1325 2633 1419 2670 risus,
1434 2631 1578 2673 intellige
1595 2632 1714 2669 omnin,
1735 2642 1808 2674 quae

1042 2676 1139 2707 vitam
1153 2674 1338 2707 exhilarant.

1085 2729 1114 2750 v.
1139 2717 1193 2750 80.
1215 2724 1425 2759 septenum„
1441 2725 1560 2759 septem
1576 2718 1677 2751 minin
1696 2725 1807 2750 nester

1042 2761 1134 2794 tim.

1085 2816 1114 2836 v.
1140 2803 1194 2835 82.
1219 2806 1315 2842 ultra,
1331 2816 1428 2847 quam
1441 2807 1516 2838 satis
1530 2812 1584 2843 est,
1601 2805 1704 2843 nimis,
1726 2815 1808 2846 pra-

1043 2855 1090 2883 ter
1102 2848 1244 2880 modum.

1086 2903 1116 2923 v.
1140 2891 1195 2923 83.
1220 2903 1256 2924 ez·
1283 2894 1393 2929 nitido,
1418 2903 1457 2924 ex
1481 2891 1681 2935 elegantioris
1704 2892 1808 2925 cultus

1027 2935 1173 2975 *homino
1189 2937 1319 2967 urbano.

1087 2991 1117 3010 v.
1141 2977 1197 3011 84.
1217 2986 1332 3021 crepat,
1349 2980 1412 3013 vid.
1429 2979 1579 3021 snpraed
1603 2979 1667 3016 Qd.
1693 2980 1723 3012 1.
1753 2977 1803 3011 18.
