1904 3250
171 174 258 212 492

812 169 1122 215 HORATII

1595 179 1703 229 [Lm.
1726 184 1759 217 ι.

646 343 1064 411 EPISTOLA
1116 334 1288 412 xxin.

811 524 881 557 AD
906 524 1131 557 SCAEVAM.

293 651 522 700 QUAMVIS,
548 649 708 699 Scaeva,
731 649 830 691 satis
851 664 929 705 per
949 657 991 691 te
1013 650 1089 691 tibi
1110 649 1308 702 consulis,
1330 658 1373 693 et
1393 652 1487 703 scis,

293 723 394 773 Quo
415 722 586 771 tandem
606 730 733 778 pacto
754 723 904 764 deceat
922 722 1153 779 majoribus
1174 723 1262 774 uti3

291 794 437 845 Disce,
460 792 677 835 docendus
699 793 839 835 adhuc
859 808 956 850 quae
977 800 1121 834 censet
1140 793 1358 844 amiculus,
1379 802 1439 846 ut,
1463 795 1499 836 si

294 863 446 905 Caecus
466 864 547 905 iter
567 870 803 904 monstrare
824 862 950 912 velit3
981 870 1124 904 tamen
1145 862 1329 919 adspice,
1352 865 1388 905 si
1408 864 1513 922 quid

234 940 259 977 5
294 935 351 978 Et
371 951 462 987 nos,
486 935 601 992 quod
623 951 744 977 cures
765 936 987 992 proprium
1007 934 1168 987 fecisse,
1190 936 1427 993 loquamur.

294 1006 340 1048 Si
360 1014 402 1048 te
422 1014 544 1064 grata
564 1006 683 1062 quies
705 1014 748 1047 et
766 1006 950 1062 primam
971 1021 1144 1047 somnus
1165 1006 1211 1047 in
1230 1006 1384 1049 horam

248 1074 253 1080 ¹
290 1078 515 1129 Delectat3
548 1079 584 1120 si
603 1086 646 1120 te
665 1078 805 1135 pulvis
827 1079 1111 1135 strepitusque
1131 1086 1335 1131 rotarum,

294 1152 341 1194 Si
359 1144 478 1193 laedit
499 1167 691 1208 caupona
701 1168 714 1203 ;
748 1151 1022 1194 Ferentinum
1042 1153 1105 1194 ire
1117 1153 1293 1209 jubebo.

293 1221 407 1264 Nam
426 1236 564 1278 neque
585 1222 785 1264 divitibus
807 1223 1058 1281 contingunt
1077 1223 1234 1281 gaudia
1254 1223 1377 1274 solis;

210 1298 262 1336 10
294 1282 387 1337 Nec
408 1295 515 1336 vixit
535 1295 658 1346 male,
681 1296 753 1352 qui
774 1302 898 1337 natus
919 1296 1190 1353 moriensque
1210 1296 1370 1339 fefellit.

297 1368 342 1410 Si
362 1367 566 1424 prodesse
587 1368 683 1419 tuis,
706 1368 919 1425 pauloque
939 1369 1164 1426 benignius
1187 1369 1325 1424 ipsum

295 1440 362 1482 Te
383 1447 563 1482 tractare
583 1440 712 1490 voles,
735 1440 910 1482 accedes
932 1441 1067 1482 siccus
1089 1441 1140 1482 ad
1165 1449 1352 1483 unctum.

298 1513 342 1555 Si
363 1513 592 1568 pranderet
611 1512 705 1554 olus
725 1514 948 1569 patienter,
971 1513 1142 1571 regibus
1165 1514 1226 1555 uti

296 1585 443 1627 Nollet
465 1586 722 1642 Aristippus.

177 1714 330 1746 ultimum
345 1724 364 1744 a
381 1714 519 1751 Baccho,
550 1711 687 1744 Penthei
710 1712 884 1752 potentiam
909 1712 950 1742 ri-

118 1776 121 1779 >
175 1759 282 1794 dente,
299 1758 448 1798 ambigue
469 1757 591 1787 dictum
616 1757 685 1798 jam
708 1757 896 1787 transfertur
909 1756 951 1787 ad

176 1809 323 1838 mortem,
339 1801 404 1831 sive
421 1802 625 1841 (simulatque
639 1800 754 1840 volam)
770 1799 812 1830 ad
829 1800 949 1830 Stoico·

176 1856 250 1876 rum
286 1844 483 1887 ιύτοχειρίαι.
574 1845 688 1875 ultima
725 1845 808 1875 linea
837 1854 952 1880 rerum,

179 1889 314 1919 ultimus
329 1888 572 1927 peracticursus
585 1886 750 1925 terminus,
763 1894 858 1924 meta,
870 1887 952 1926 calx,

177 1942 285 1963 rerum
299 1932 514 1962 humanarum
530 1930 612 1961 finis.

365 2017 614 2050 EPISTOLA
639 2017 763 2049 XVII.

445 2107 501 2141 ,An
527 2105 687 2136 Sexum.

225 2193 392 2231 Horatius,
404 2192 543 2224 scribens
556 2191 596 2222 ad
611 2192 750 2223 Scaevam
766 2191 806 2224 de
820 2192 950 2227 ratione,

179 2248 243 2278 qua
269 2237 421 2268 ditiorum
444 2242 477 2267 et
491 2236 705 2276 potentiorum
728 2236 830 2277 gratia
845 2235 955 2277 colligi

180 2289 214 2312 et
240 2281 342 2320 parari
371 2281 493 2317 debeat,
523 2289 608 2316 eum,
636 2280 690 2319 qui
717 2290 783 2309 rem
814 2280 954 2320 aliquam

179 2332 308 2356 strenue
322 2330 355 2354 et
375 2323 546 2364 prudenter
567 2329 702 2363 peragat,
726 2323 830 2354 multo
852 2323 952 2363 potio-

179 2378 247 2400 rem
274 2379 341 2398 esse
366 2367 434 2405 ilio,
460 2366 515 2407 qui
544 2366 721 2397 molestiam
747 2367 883 2407 alicujus
908 2367 953 2397 rei

180 2411 388 2451 suscipiendae
413 2418 446 2441 et
471 2410 630 2440 tentandae
661 2409 774 2450 fugiat,
802 2410 894 2440 docet
923 2417 955 2441 et

180 2456 348 2495 probatum
364 2454 399 2485 it.
449 2453 579 2484 Horatii
593 2453 724 2487 amicus,
738 2454 856 2490 Scaeva,
870 2453 955 2484 vide—

180 2507 235 2530 tur
261 2497 453 2539 quibusdam
482 2496 567 2526 filius
594 2497 663 2536 ejus
695 2497 794 2527 Cassii
827 2497 953 2532 Scaevae,

181 2551 278 2583 quem
293 2541 398 2572 virum
411 2541 527 2572 fortem
541 2539 651 2571 laudat
665 2539 687 2571 J
690 2540 733 2570 ul.
756 2541 837 2571 Caes.
860 2541 900 2572 B.
915 2541 952 2572 C.

183 2586 256 2618 111.
275 2584 330 2616 53.

228 2640 257 2660 v.
277 2627 305 2660 1.
320 2640 379 2670 per
392 2634 432 2666 te,
447 2633 504 2659 tua
517 2626 617 2666 ipsius
630 2626 808 2666 prudentia.

226 2684 256 2704 v.
274 2672 305 2703 2.
332 2673 500 2713 nwjoribus
525 2672 585 2708 uti,
609 2681 643 2700 se
665 2680 774 2711 gerere
799 2681 875 2712 erga
898 2681 957 2711 po-

185 2717 344 2753 tentiores,
362 2716 477 2747 versari
491 2724 566 2746 cum
585 2713 823 2753 potentioribus.

227 2771 256 2790 v.
277 2760 308 2792 3.
327 2767 373 2795 ut,
390 2761 427 2796 si,
443 2769 480 2790 ac
501 2758 538 2795 si,
561 2757 651 2798 quasi
673 2767 735 2797 ego
750 2757 838 2788 velut
853 2767 956 2789 caecus

186 2805 313 2846 (τυφλὸς
330 2802 459 2844 finatis.)
474 2802 534 2833 iter
547 2800 605 2832 tibi
619 2808 792 2831 monstrare
807 2801 909 2831 velim.

230 2859 258 2877 v.
278 2846 309 2878 4.
336 2853 443 2878 tamen.
465 2847 597 2887 adspice,
619 2844 826 2875 nihilominus
848 2850 954 2876 tamen

187 2892 358 2922 considera.

231 2944 258 2964 v.
288 2934 319 2965 5.
346 2935 508 2976 proprium
525 2933 654 2977 fecisse,
678 2931 712 2964 in
739 2942 832 2964 usum
863 2938 957 2964 tuum

186 2987 385 3010 convertisse.

789 1587 835 1628 Si
856 1587 981 1628 sciret
1001 1586 1172 1644 regibus
1194 1587 1269 1651 uti,

1037 1725 1067 1744 v.
1086 1714 1119 1745 6.
1139 1716 1172 1746 Si
1186 1721 1215 1746 te
1227 1721 1320 1755 grata
1341 1717 1429 1757 quies
1443 1720 1529 1751 cett..
1545 1715 1572 1747 ti
1595 1715 1705 1748 uetari
1719 1716 1767 1749 vis

995 1767 1040 1791 ea,
1065 1768 1138 1799 quae
1153 1758 1261 1788 animo
1275 1765 1332 1789 tuo
1353 1765 1443 1799 grata
1464 1765 1497 1790 et
1512 1759 1659 1800 jucund·
1678 1767 1766 1800 aunt,

994 1802 1132 1840 quietem
1156 1808 1188 1832 et
1210 1801 1305 1832 dulce
1325 1802 1437 1839 otium,
1464 1802 1561 1834 vitare
1585 1806 1766 1843 sumtu,

997 1855 1070 1885 quae
1083 1844 1279 1886 tibi'ingrata
1293 1852 1325 1876 et
1345 1845 1477 1877 moleste
1497 1852 1582 1883 sunt,
1604 1846 1769 1878 vehiculo»

997 1898 1071 1918 rum
1086 1888 1120 1918 in
1135 1888 1400 1928 urbestrepitum,
1411 1888 1583 1920 excitatum
1593 1890 1766 1930 pulverem,

998 1931 1152 1962 clamores
1166 1931 1200 1962 in
1215 1931 1377 1972 cauponis,
1400 1935 1470 1975 age,
1492 1933 1603 1964 secede
1627 1933 1770 1966 Ferenti·-

999 1985 1099 2013 num;
1123 1985 1188 2006 non
1202 1976 1277 2006 solis
1290 1975 1375 2006 enim
1391 1975 1541 2007 divitibus
1554 1987 1700 2009 eonem
1720 1979 1769 2010 ed

999 2018 1153 2058 voluptas,
1177 2030 1247 2060 quae
1270 2020 1304 2050 in
1325 2019 1404 2051 locis
1423 2020 1555 2052 amoenis
1575 2021 1767 2061 percipitur-3

998 2062 1080 2093 avsi
1100 2062 1231 2093 familiae
1253 2070 1318 2094 tuae
1341 2063 1515 2095 rationibus
1539 2064 1712 2103 comula-e,
1736 2071 1771 2097 et

999 2112 1094 2141 tuum
1117 2105 1216 2146 ipsius
1239 2106 1337 2137 simul
1360 2117 1475 2147 corpus
1499 2107 1628 2138 mollius
1656 2117 1768 2139 curare

1000 2149 1095 2187 voles,
1112 2160 1182 2191 age,
1197 2150 1332 2180 concilia
1345 2150 1401 2181 tibi
1417 2150 1555 2186 divitem,
1572 2151 1627 2181 ubi
1648 2150 1768 2183 lautius

996 2192 1121 2223 vivitur.
1207 2195 1349 2234 primam
1374 2195 1409 2225 in
1433 2196 1552 2231 lum-am,
1574 2193 1660 2232 apud
1685 2204 1765 2227 nosz

997 2236 1037 2267 ad
1053 2236 1217 2276 septimam
1233 2247 1334 2278 usque
1347 2238 1467 2268 horam.
1541 2238 1765 2276 Fer-eminam,

997 2290 1130 2319 parvum
1144 2287 1177 2311 et
1190 2281 1373 2322 infrequens
1385 2280 1472 2321 apud
1494 2281 1656 2312 Hernicos
1674 2281 1766 2323 oppi-

996 2323 1086 2355 dum.
1227 2350 1233 2354 .
1563 2326 1567 2330 “

1040 2378 1069 2397 v.
1090 2366 1141 2398 10.
1155 2368 1285 2409 flfillie,
1311 2377 1354 2398 sc.
1371 2367 1476 2398 lucem
1491 2366 1662 2407 publicam,
1683 2368 1717 2399 h.
1739 2379 1767 2400 e.

998 2410 1092 2442 latuit
1113 2410 1147 2441 in
1169 2413 1320 2448 obscuro;
1337 2412 1457 2454 fallere
1485 2409 1668 2451 simpliciter
1687 2421 1763 2452 pro:

997 2454 1103 2491 latere,
1116 2453 1201 2493 apud
1219 2454 1366 2484 Tacitum
1380 2453 1534 2492 inprimis,
1544 2453 1668 2494 saepius.
1697 2455 1768 2486 (ἔω.

998 2505 1102 2528 terum
1117 2504 1228 2528 notum
1243 2503 1291 2528 est
1302 2497 1385 2528 illud
1408 2497 1639 2537 Epicureorum
1652 2510 1660 2529 ε
1685 2500 1767 2531 λάθε

999 2542 1118 2578 atdru-

1043 2595 1071 2614 ν.
1090 2583 1140 2614 ll.
1155 2585 1330 2624 benignius,
1345 2584 1428 2615 refer
1439 2583 1584 2624 inprimis
1597 2584 1639 2616 ad
1652 2584 1770 2627 largio·

999 2638 1066 2659 rem
1081 2627 1248 2665 epularum
1261 2627 1396 2666 copiam.

1043 2682 1072 2701 v.
1088 2669 1140 2702 12.
1151 2673 1260 2708 siccus,
1275 2670 1332 2711 qui
1345 2671 1449 2701 adhuc
1463 2671 1566 2703 vixisti
1580 2682 1682 2712 parce,
1697 2671 1767 2704 fru-

1000 2715 1122 2756 galiter,
1137 2713 1247 2744 sobrie.
1277 2715 1380 2754 Supra
1396 2714 1458 2746 od.
1482 2715 1544 2746 IV.
1558 2715 1590 2746 5.
1608 2715 1663 2747 39.
1681 2718 1769 2747 aiecii

999 2757 1140 2800 (sobriis)
1167 2764 1372 2797 opponuntur
1395 2760 1491 2796 uvidi,
1523 2766 1555 2790 et
1583 2759 1669 2799 apud
1695 2759 1766 2791 cim

1002 2803 1083 2842 Agr.
1115 2801 1142 2832 Ι.
1175 2799 1204 2831 l.
1234 2803 1391 2833 vinolenti.
1481 2805 1524 2833 ad
1548 2809 1694 2839 unctum.
1726 2802 1768 2833 nd

998 2845 1137 2881 divitem,
1153 2845 1207 2885 qui
1221 2844 1340 2875 lautius
1354 2852 1386 2875 et
1401 2845 1594 2877 luxuriosius
1609 2846 1705 2885 vivit3
1727 2845 1770 2877 de

998 2899 1074 2963 {elce
1098 2895 1227 2926 unctus,
1255 2889 1339 2920 conf.
1358 2899 1454 2929 supra
1474 2889 1515 2921 ad
1539 2890 1642 2930 Epist.
1662 2889 1691 2921 1.
1713 2888 1765 2920 15.

1045 2954 1074 3007 ir.
1098 2974 1146 3014 13,
1173 2973 1222 3007 14.
1253 2978 1285 3008 Si
1304 2979 1474 3018 pranderet
1498 2983 1570 3011 cett.
1605 2976 1768 3020 Diogene·
