1904 3250
231 150 317 190 524

866 149 1175 192 HORATII
1202 194 1207 197 ,

1628 157 1736 206 [Lm.
1760 167 1810 196 11.

349 274 395 316 Si
415 274 524 317 foret
543 275 587 315 in
601 275 744 325 terris,
766 274 926 316 rideret
946 274 1242 326 Democritus3
1274 292 1348 320 seu

233 347 314 386 195
345 345 576 387 Diversum
597 343 773 386 confusa
791 359 926 401 genus
946 344 1155 400 panthera
1174 346 1346 398 camelo,

348 415 444 457 Sive
465 413 635 470 elephas
657 413 777 455 albus
798 414 916 472 vulgi
936 422 1200 457 converteret
1219 431 1320 458 ora:

348 484 568 539 Spectaret
586 482 794 539 populum
814 483 925 525 ludis
946 484 1144 525 attentius
1164 484 1280 540 ipsis,

346 553 408 595 Ut
429 553 509 594 sibi
528 554 791 609 praebentem
810 554 941 595 mimo
962 553 1202 610 spectacula
1220 554 1368 610 plura3

344 623 580 679 Scriptores
601 632 743 666 autem
762 639 936 665 narrare
957 631 1127 680 putaret
1146 623 1276 665 asello

224 699 310 737 200
343 695 560 738 Fabellam
580 696 734 738 surdo:
765 712 865 738 nam
886 712 982 754 quae
1002 697 1249 752 pervincere
1271 712 1395 739 voces

342 766 551 809 Evaluere
572 782 737 818 sonum,
760 767 950 812 referunt
970 782 1096 824 quem
1116 774 1262 808 nostra
1282 765 1480 809 theatra?

342 839 592 897 Garganum
612 841 778 898 mugire
797 849 921 897 putes
941 855 1105 891 nemus,
1128 848 1202 882 aut
1221 856 1340 882 mare
1362 829 1550 883 Tuscum
1567 858 1579 883 z

340 908 483 951 Tanto
504 925 600 952 cum
622 911 800 966 strepitu
821 911 912 952 ludi
933 915 1176 967 spectantur
1197 919 1239 952 et
1259 919 1383 962 artes,

339 980 598 1040 Divitiaeque
618 984 870 1041 peregrinae,
894 984 1047 1041 quibus
1068 983 1224 1026 oblitus
1245 992 1362 1026 actor

222 1057 307 1096 205
341 1054 453 1097 Cum
474 1056 587 1098 stetit
607 1056 650 1098 in
673 1072 810 1108 scena,
833 1057 1048 1099 concurrit
1067 1056 1244 1098 dextera
1262 1056 1397 1099 laevae.

337 1124 464 1167 Dixit
483 1126 624 1168 adhuc
645 1126 839 1184 aliquid?
882 1126 956 1168 Nil
976 1142 1088 1169 sane.

1153 1126 1271 1177 Quid
1291 1127 1431 1183 placet
1449 1143 1552 1186 ergo
1567 1127 1588 1170 Ρ

337 1197 460 1240 Lana
480 1197 715 1241 Tarentino
735 1199 866 1241 violas
886 1200 1048 1241 imitata
1066 1214 1243 1241 veneno.

338 1271 405 1313 Ac
426 1286 480 1313 ne
499 1271 608 1313 forte
627 1279 750 1328 putes
771 1288 851 1323 me,
875 1288 971 1329 quae
991 1272 1128 1314 facere
1149 1273 1240 1329 ipse
1259 1288 1463 1325 recusem,

218 1388 332 1419 urbem
362 1387 643 1428 opulentissimam,
674 1399 739 1420 non
776 1388 991 1428 praestantiore

219 1442 281 1462 aere
296 1437 419 1462 tantum
436 1438 468 1463 et
481 1432 593 1463 statuis
607 1431 681 1463 inde
705 1433 817 1464 effictis
839 1433 988 1469 nobilem,

218 1475 274 1505 sed
303 1475 476 1506 multarum
502 1486 607 1506 rerum
637 1476 727 1516 copia
751 1476 986 1514 abundantem;

217 1517 324 1559 itaque
338 1529 395 1558 per
415 1521 568 1559 captivam
596 1522 778 1551 Corinthum
802 1519 987 1559 splendidis-

217 1561 298 1592 sima
312 1568 344 1592 et
357 1562 578 1601 pretiosissima
592 1573 726 1604 quaeque
741 1563 960 1594 intellexerim.

260 1615 290 1636 v.
317 1604 391 1642 194,
410 1605 482 1636 195.
509 1608 721 1644 Democritus,
736 1607 787 1637 hic
806 1606 990 1637 notissimus

215 1647 432 1689 philosophus,
451 1650 589 1680 Abderae
603 1657 707 1687 natus,
724 1661 820 1690 supra
836 1650 939 1689 Epist.
960 1650 989 1681 I.

219 1691 270 1722 12.
292 1692 342 1724 12.
361 1699 429 1724 toto
443 1694 551 1724 animo
563 1693 608 1724 ita
621 1695 657 1724 in
667 1693 873 1733 philosophiae
884 1693 989 1724 studio

216 1736 340 1767 defixus
368 1737 467 1767 fuisse
495 1737 619 1773 dicitur,
651 1745 688 1767 ut
717 1747 846 1767 omnem
879 1747 985 1777 rerum

215 1790 345 1810 suarum
360 1790 468 1810 curam
485 1790 523 1809 ex
539 1779 646 1810 animo
661 1780 854 1817 dimitteret3
931 1791 986 1811 seu

214 1825 339 1855 Divers.
358 1829 443 1859 cett„
460 1821 525 1853 sive
539 1824 700 1862 panthera,
724 1824 857 1854 confusa
882 1833 984 1853 came-

214 1866 269 1905 103
291 1866 449 1897 diversum
466 1877 485 1897 a
500 1867 660 1906 panthera,
679 1866 804 1906 proprie
825 1866 870 1896 sic
892 1866 985 1903 dieta,

213 1920 326 1951 genus,
346 1912 606 1950 Camelopardalis
616 1925 628 1947 ,·
662 1910 773 1952 (Varr.
792 1910 832 1941 L.
850 1909 913 1940 lv.
930 1909 983 1941 20.

213 1955 406 1985 Alexandria
434 1956 686 1995 camelopardalis
713 1965 815 1994 nuper
839 1956 985 1991 adducta,

214 2009 286 2038 quae
311 2003 377 2029 erat
390 1999 514 2041 figura,
541 2004 578 2028 ut
603 1999 751 2034 camelus,
779 1999 923 2034 maculis,
949 2006 987 2029 ut

209 2043 377 2082 panthera,
411 2041 452 2071 cf.
489 2040 574 2071 Plin.
609 2041 657 2071 H.
693 2041 737 2072 N.
772 2041 880 2072 VIII.
916 2040 985 2082 18.)

213 2084 280 2115 sive
292 2085 383 2115 albus
397 2084 523 2124 elephas
538 2084 627 2125 vulgi
642 2085 751 2116 oculos
765 2084 805 2115 ad
827 2095 861 2115 se
884 2092 985 2115 verte-

213 2135 271 2159 ret.
301 2128 417 2159 Cicero'
442 2128 463 2158 l.
496 2128 518 2159 l.
555 2130 726 2160 Extremus
750 2130 986 2169 elephantorum

214 2174 276 2203 dies
279 2174 362 2214 suit,
378 2174 412 2203 in
427 2183 487 2212 quo
509 2174 675 2203 admiratio
697 2175 807 2212 magni
833 2174 916 2213 vulgi
937 2180 985 2204 at-

213 2227 274 2256 que
289 2217 398 2252 turboe,
414 2217 574 2246 delectatio
589 2218 679 2246 nulla
694 2218 815 2247 exstitit·

257 2269 285 2289 v.
326 2258 399 2296 197,
431 2257 503 2289 198.
544 2261 700 2299 Spectat-et
724 2261 878 2300 populum
906 2266 980 2290 cett.

215 2303 422 2334 Democritus
451 2303 611 2338 attentius,
639 2313 736 2344 quam
765 2303 849 2343 ipsos
878 2303 982 2341 ludos,

214 2353 369 2386 spectaret
389 2346 553 2386 populum,
578 2352 716 2384 stupore,
737 2357 803 2387 quo
827 2347 880 2377 ille
902 2347 983 2377 fera-

212 2389 286 2422 ru'm
300 2390 471 2420 bestiarum
486 2390 742 2429 contemplationi
757 2392 878 2420 inhiare
893 2391 981 2426 solet,

212 2435 317 2475 majus
331 2434 398 2471 sibi,
415 2443 511 2474 quam
534 2433 651 2463 mimus
672 2434 796 2474 aliquis,
822 2441 983 2474 spectacu-

211 2477 281 2508 lum
296 2478 498 2517 praebentem.

257 2531 284 2550 v.
312 2519 388 2557 Μ,
413 2519 488 2551 ffli-
526 2532 603 2552 nam
628 2532 700 2561 quae
723 2526 796 2551 cett.
840 2522 975 2553 Sensus:

211 2573 287 2595 nam
303 2563 374 2606 quis
387 2563 496 2594 histrio
509 2563 554 2594 ita
568 2573 676 2594 vocem
692 2564 856 2595 intendere
867 2570 979 2604 potest,

211 2614 250 2639 ut
264 2609 424 2647 pervineat
444 2607 555 2647 populi
577 2608 611 2637 in'
639 2608 767 2638 theatris
790 2609 904 2638 nostris
929 2616 979 2638 tu-

211 2651 401 2682 multuantis
414 2652 579 2691 strepitum
595 2657 626 2681 et
640 2650 801 2688 clamores
817 2652 848 2681 h.
866 2661 892 2681 e.
909 2652 980 2692 quis

211 2705 278 2735 prae
313 2695 443 2735 ingente
477 2695 511 2724 in
545 2695 673 2725 theatris
708 2696 820 2724 nostris
848 2694 980 2734 strepitu

211 2738 403 2769 histrionum
417 2740 510 2769 verba
523 2739 652 2769 auribus
665 2738 824 2779 percipere
838 2739 964 2777 potest?

255 2793 286 2812 v.
312 2781 387 2813 202.
418 2784 604 2822 Garganum
626 2793 668 2813 m.
687 2793 721 2822 p.
736 2799 781 2806 —
799 2783 978 2822 Garganus,

211 2835 303 2856 mons
328 2825 458 2866 Apuliae
480 2825 620 2862 silvosus,
645 2826 700 2856 ubi
725 2831 890 2859 ventorum
916 2826 978 2855 fre-

211 2869 308 2899 mitus
322 2875 354 2900 et
367 2871 516 2900 arborum
537 2868 651 2900 stridor
675 2875 722 2899 est
746 2868 977 2907 vehementior;

213 2911 285 2942 hinc
300 2923 394 2953 supra
411 2912 475 2944 Od.
496 2913 546 2943 11.
559 2912 590 2943 9.
602 2912 634 2944 8.
661 2914 866 2956 Aquilonibus
878 2914 978 2949 Quer-

212 2962 279 2987 ceea
302 2958 440 2997 Gargani
452 2958 602 2990 laborant.

1078 1400 1107 1419 v.
1134 1388 1208 1420 203.
1234 1396 1328 1426 artes,
1350 1401 1393 1421 sc.
1419 1389 1607 1421 histrionum
1631 1394 1663 1420 et
1685 1390 1799 1423 mimo-

1033 1443 1114 1467 rum,
1148 1434 1202 1474 qui
1233 1433 1417 1473 simpliciter
1443 1433 1506 1464 dici
1531 1434 1633 1464 solent
1657 1437 1800 1478 artifices,

1031 1477 1094 1507 vid
1112 1478 1234 1508 Duker.
1252 1476 1292 1507 ad
1308 1477 1381 1507 Liv.
1403 1477 1582 1508 XXXIX.
1599 1477 1652 1508 22.
1670 1485 1707 1508 ut.
1722 1491 1798 1520 τεχ-

1033 1534 1053 1550 ν
1058 1534 1107 1550 wa
1135 1519 1222 1559 apud
1254 1520 1402 1559 Graecos3
1440 1520 1503 1551 vid.
1549 1522 1718 1561 Wmeling.
1758 1521 1800 1552 nd

1034 1559 1133 1594 Diod.
1155 1562 1217 1593 Sic.
1238 1563 1301 1594 lv.
1319 1563 1350 1594 5.
1377 1563 1437 1594 uisi
1451 1564 1522 1605 quis
1536 1571 1629 1599 artes.
1645 1563 1686 1595 ad
1706 1574 1800 1595 orna-

1031 1613 1140 1637 menta
1153 1612 1220 1637 arte
1233 1606 1400 1644 elaborata,
1415 1617 1486 1648 quae
1501 1607 1576 1638 vel*
1565 1617 1599 1638 ιιι
1621 1617 1725 1645 scena,
1747 1608 1798 1639 vel

1031 1650 1066 1681 in
1081 1650 1195 1681 vestitu
1209 1649 1399 1681 histrionum
1414 1650 1660 1692 conspiciuntur,
1682 1651 1799 1683 referre

1031 1694 1131 1724 malit.

1072 1748 1100 1767 v.
1123 1735 1198 1767 204.
1226 1738 1417 1778 Divitiaeque
1441 1739 1624 1778 peregrim,
1645 1747 1796 1779 purpura,

1029 1790 1178 1821 gemmae,
1193 1781 1382 1821 margaritae,
1397 1788 1512 1812 aurum
1526 1788 1599 1813 cett.
1677 1783 1796 1819 aufem,

1030 1834 1107 1863 pro:
1134 1824 1287 1860 obtectus,
1302 1824 1443 1861 indutus,
1465 1824 1596 1863 obsitus,
1621 1831 1697 1856 cum
1719 1835 1796 1857 ωι-

1030 1874 1132 1898 temtu
1147 1866 1254 1897 nimiae
1267 1866 1522 1908 magnificentiae.

1073 1921 1103 1941 v.
1129 1909 1204 1940 205.
1232 1913 1314 1942 Cum
1327 1912 1408 1942 stetit
1422 1923 1458 1942 m
1482 1922 1585 1949 scena,
1609 1911 1772 1944 simulac
1761 1923 1796 1944 m

1029 1964 1124 1985 scena
1151 1961 1290 1993 apparet.
1378 1958 1539 1987 nonnam}
1559 1958 1681 1988 dexter-a
1701 1958 1795 1994 laevae,

1030 1998 1134 2028 statim
1157 1997 1338 2038 plauditur;
1361 1998 1540 2040 eleganter!
1563 2009 1679 2030 manus
1697 2000 1793 2037 enim,

1030 2052 1105 2072 cum
1119 2041 1311 2081 plaudimus,
1326 2049 1520 2073 concurrunt
1532 2049 1565 2074 et
1578 2042 1782 2074 colliduntur.
1821 2059 1826 2064 ¹

1073 2095 1102 2116 v.
1142 2084 1217 2115 206.
1261 2087 1350 2117 Dixit
1385 2088 1493 2118 adhuc
1519 2087 1638 2128 aliquid
1649 2086 1668 2116 ?
1707 2093 1792 2124 cett„

1029 2128 1192 2169 plebecula
1216 2128 1334 2159 scilieet
1360 2129 1492 2169 plaudit,
1516 2137 1685 2171 antequam
1706 2129 1793 2172 loqui

1029 2172 1123 2212 coepit
1137 2179 1232 2210 actor,
1249 2172 1317 2203 solo
1329 2173 1546 2212 pretiosarum,
1560 2182 1639 2214 quas
1658 2172 1714 2204 ine
1735 2183 1792 2214 ge-

1026 2217 1078 2254 rit,
1107 2217 1241 2247 vestium
1269 2216 1420 2256 adspectu
1442 2225 1588 2256 percussa
1614 2222 1709 2258 atque
1736 2218 1791 2248 ab·

1025 2266 1123 2300 repta.

1070 2314 1099 2334 v.
1139 2302 1215 2334 207.
1253 2305 1349 2336 Lana
1390 2305 1561 2335 Tarentino
1589 2308 1670 2340 cett..
1699 2304 1793 2335 vestis

1026 2347 1168 2378 confecta
1183 2357 1202 2377 e
1216 2347 1298 2383 lana,
1313 2356 1386 2387 quae
1403 2346 1533 2377 Tarenti
1547 2346 1645 2377 tincta
1658 2353 1705 2378 est
1714 2357 1790 2387 pur-

1025 2401 1113 2431 purae
1127 2391 1232 2421 colore
1245 2390 1506 2429 praestantissimo,
1529 2389 1703 2421 violaceum
1724 2391 1790 2422 sere

1025 2435 1090 2465 sive
1111 2433 1287 2464 ianthinum
1313 2433 1448 2463 colorem
1470 2433 1632 2464 referente.
1681 2434 1791 2474 Nepos

1026 2477 1192 2509 Cornelius
1205 2476 1290 2516 apud
1314 2475 1459 2507 Plinium
1486 2477 1533 2508 H.
1562 2477 1606 2508 N.
1638 2477 1705 2508 IX.
1730 2478 1784 2509 63.

1025 2523 1211 2561 Pin-puram
1231 2521 1436 2551 Tarentinam
1450 2526 1538 2552 vocat
1552 2522 1694 2552 mbram.
1721 2523 1788 2558 Me.

1022 2567 1135 2606 mquit,
1162 2564 1292 2605 juvene,
1325 2565 1455 2595 violacea
1480 2575 1628 2604 purpura
1658 2566 1788 2606 vigebat,

1022 2619 1080 2639 nec
1093 2609 1192 2639 multo
1209 2613 1280 2647 post
1300 2608 1399 2638 rubra
1425 2609 1607 2639 Tarentina.
1697 2619 1787 2640 vene-

1021 2662 1103 2683 num
1131 2649 1337 2700 (φάρμακον),
1368 2650 1435 2691 jam
1469 2651 1510 2682 de
1546 2651 1786 2689 medicamento,

1023 2695 1088 2726 sive
1116 2693 1248 2735 liquore,
1270 2703 1374 2730 succo,
1400 2693 1484 2730 fuco,
1509 2705 1574 2736 quo
1596 2695 1678 2726 lanae
1701 2694 1788 2727 color

1022 2737 1192 2769 inducitur.
1222 2737 1310 2778 Virg.
1346 2737 1463 2779 Georg.
1498 2738 1548 2770 ΙΙ.
1580 2737 1656 2770 465.
1703 2740 1786 2770 Alba

1022 2792 1132 2823 neque,
1148 2781 1422 2822 Assyriosucatur
1434 2784 1510 2813 lana
1531 2785 1653 2820 colore,·
1675 2782 1788 2813 simili-

1021 2831 1069 2856 ter
1077 2826 1231 2857 medicare
1244 2825 1450 2866 (φαρμάσσειν)
1467 2835 1541 2865 pro:
1560 2827 1681 2868 tingere
1691 2835 1786 2866 supra

1025 2868 1088 2900 od.
1123 2867 1194 2898 111.
1223 2867 1254 2897 5.
1286 2867 1338 2898 28.
1387 2870 1502 2910 Neque
1526 2872 1651 2902 nudatos
1674 2871 1786 2901 colores

1021 2915 1116 2946 Lana
1131 2913 1223 2948 refert
1239 2912 1487 2955 medicatasuco.

1063 2966 1092 2987 v.
1117 2953 1300 2986 208-213.
1346 2958 1392 2988 Ac
1417 2958 1563 2999 neforte
1586 2962 1681 2999 putea
1707 2962 1779 2989 cett.
