1904 3250
218 144 304 183 338

847 138 1157 182 HORATII

1631 144 1743 194 [Lm.
1765 154 1797 182 1.

338 266 438 309 Non
457 282 560 325 ego:
593 280 773 321 namque
794 264 897 306 deos
918 263 1047 305 didici
1068 279 1262 306 securum
1282 281 1408 324 agere
1429 281 1593 316 aevum3

338 336 443 386 Nec,
467 337 501 377 si
521 334 624 392 quid
643 334 739 374 miri
759 332 885 374 faciat
904 339 1068 381 natura,
1091 331 1193 374 deos
1214 332 1260 374 id

338 404 501 446 Tristes
523 419 578 445 ex
597 403 683 444 alto
704 402 801 443 coeli
821 399 1044 443 demittere
1065 409 1190 443 tecto.

339 475 628 518 Brundusium
648 473 789 531 longae
810 473 907 516 finis
929 473 1172 530 chartaeque
1192 474 1368 532 viaeque.

845 689 963 732 SAT
966 689 1077 732 IRA
1109 689 1187 731 VI.

338 828 461 880 NON,
484 830 595 887 quia,
621 830 851 882 Maecenas,
875 831 1097 888 Lydorum
1118 830 1320 888 quicquid
1342 830 1550 874 Etruscos

339 901 523 944 Incoluit
542 902 662 953 fines,
683 918 810 945 nemo
830 904 1079 961 generosior
1099 911 1164 945 est
1184 912 1238 954 te,

339 972 432 1015 Nec
453 974 568 1031 quod
589 989 691 1015 avus
712 975 789 1016 tibi
809 983 1024 1017 maternus
1045 975 1126 1016 fuit
1146 983 1271 1032 atque
1291 983 1506 1031 paternus,

339 1041 458 1085 Olim
478 1043 550 1099 qui
570 1043 734 1100 magnis
755 1044 999 1102 regionibus
1020 1044 1324 1100 imperitarent,

279 1114 306 1153 5
340 1111 404 1154 Ut
422 1111 615 1168 plerique
637 1112 786 1163 solent,
809 1127 913 1154 naso
934 1112 1156 1169 suspendis
1178 1112 1347 1154 adunco

339 1181 530 1240 Ignotos,
553 1190 601 1223 ut
620 1198 688 1224 me
709 1182 907 1225 libertino
927 1191 1046 1239 patre
1067 1191 1227 1224 natum.

341 1255 453 1297 Cum
473 1254 631 1297 referre
651 1270 795 1313 negas,
818 1256 932 1313 quali
953 1257 1007 1298 sit
1027 1256 1204 1313 quisque
1224 1263 1401 1311 parente

340 1323 491 1376 Natus,
514 1325 617 1367 dum
638 1325 871 1383 ingenuus3
901 1326 1130 1382 persuades
1152 1325 1234 1367 hoc
1255 1326 1333 1367 tibi
1352 1341 1466 1377 vere,

340 1395 455 1437 Ante
475 1404 726 1452 potestatem
749 1395 868 1437 Tulli
889 1404 1014 1453 atque
1034 1395 1222 1453 ignobile
1241 1411 1434 1453 regnum,

265 1524 294 1544 v.
326 1511 397 1543 101.
425 1523 564 1553 namque
590 1514 660 1544 deos
688 1514 781 1544 didici
810 1518 882 1544 cett.
916 1523 992 1544 nam

222 1556 385 1597 Epicurus
413 1555 531 1593 docuit,
565 1555 663 1592 Deos,
692 1555 911 1596 imperturbati
935 1556 992 1587 otii

220 1606 371 1635 amantes.
395 1609 445 1629 res
465 1600 621 1630 humanas
642 1609 707 1630 non
728 1610 848 1638 curare,
863 1599 903 1631 cf.
922 1601 992 1632 Lu-

221 1651 297 1675 cret.
320 1643 383 1674 VI.
402 1642 456 1674 57.

265 1697 295 1718 v.
316 1686 387 1718 103.
407 1688 517 1723 tristes,
532 1685 688 1728 ejusmodi
702 1697 809 1718 rerum
827 1697 903 1719 cura
924 1693 991 1718 tur-

221 1732 311 1762 batos
324 1730 413 1771 quasi
428 1731 461 1760 in
477 1730 532 1761 otii
548 1730 723 1762 securitate.

265 1785 294 1805 v.
316 1772 387 1805 104.
414 1776 580 1806 Brundus.
609 1775 711 1815 longae
729 1780 803 1806 cett.
832 1784 906 1806 cum
925 1773 991 1805 fine

221 1817 375 1860 longioris
388 1817 518 1855 itineris,
544 1817 766 1848 Brundusium
787 1817 873 1855 facti,
900 1817 991 1848 finia-

221 1868 275 1892 tur
295 1871 421 1903 quoque
442 1862 503 1892 hoc
524 1861 629 1901 ipsum
650 1871 778 1892 carmen
801 1861 898 1902 paulo
923 1861 992 1892 lon-

220 1906 305 1947 gius.

467 1992 652 2025 SATIRA
676 1993 739 2024 VI.

268 2078 435 2116 Horatius,
451 2086 618 2121 postquam
633 2079 790 2120 exposuit,
812 2079 889 2121 quid
912 2078 993 2110 illud

221 2122 328 2160 fuerit,
344 2133 409 2164 quo
423 2123 555 2164 gratiam
573 2124 760 2155 Maecenatis
783 2124 841 2154 sibi
863 2133 990 2162 compa-

221 2166 344 2201 raverit,
372 2176 477 2197 veram
503 2167 630 2198 laudem
656 2178 722 2198 non
746 2178 766 2198 a
789 2167 886 2198 nobili
910 2167 990 2204 loco,

222 2220 288 2251 quo
302 2209 374 2251 quis
388 2216 481 2240 natus
496 2212 543 2247 sit,
560 2211 614 2242 sed
629 2222 648 2242 a
662 2212 777 2242 virtute
789 2188 993 2251 repetendaui

223 2264 292 2285 esse
305 2253 451 2284 ostendit.

266 2307 296 2328 v.
318 2295 412 2328 1—8.
437 2299 516 2329 Non
531 2300 606 2339 quia
618 2304 689 2329 cett.
708 2298 841 2329 Sensus.
868 2298 993 2334 Quam-

223 2339 283 2379 vis,
300 2340 471 2378 anas,
495 2342 639 2371 omnium
666 2342 876 2372 Etruscorum
901 2348 938 2372 tu
960 2351 993 2371 es

224 2383 490 2426 generosissimus,
507 2392 539 2414 et
553 2395 610 2424 pro
624 2384 747 2426 origine
759 2391 816 2416 tua
835 2394 875 2414 ex
896 2391 992 2425 gente

227 2427 335 2459 cilnia
348 2427 570 2465 nobilissimus,
593 2434 711 2465 tamen,
737 2428 816 2459 dum
838 2428 919 2458 nihil
942 2438 990 2457 re·

224 2471 307 2502 ferre
321 2471 488 2508 existimas,
503 2452 589 2512 qua'li
605 2481 691 2511 patre
706 2471 819 2513 aliquis
833 2477 926 2502 natus
940 2470 990 2507 sit,

225 2514 331 2551 modo,
348 2522 386 2546 ut
399 2514 489 2546 decet
501 2514 667 2555 ingenuos,
683 2515 853 2546 liberaliter
867 2514 990 2550 sentiat,

225 2559 408 2600 neutiquam
424 2568 462 2589 ex
477 2567 565 2589 more
591 2558 746 2588 nobilium
768 2558 933 2599 ignobiles,
956 2562 994 2587 ut

225 2612 289 2639 me,
304 2602 359 2643 qui
375 2601 519 2633 libertino
533 2608 620 2642 patre
634 2608 727 2632 natus
748 2612 829 2637 sum,
852 2601 917 2631 alto
939 2611 992 2631 su-

225 2645 356 2686 percilio
369 2644 510 2685 despicis.
615 2646 731 2686 Lydor.
750 2646 899 2686 quicquid
914 2645 986 2676 Etr.

227 2691 299 2721 Inc.
320 2691 419 2732 fines,
445 2700 543 2725 nemo,
566 2687 676 2719 nullus
697 2688 852 2724 omnium,
876 2688 930 2728 qui
952 2697 991 2717 ex

228 2732 334 2773 Lydia
349 2733 524 2775 migrarunt
537 2732 570 2763 in
594 2730 776 2769 Etruriam3
800 2741 858 2771 pro
880 2730 991 2771 vulga

227 2775 270 2807 ri·
297 2775 406 2807 nullus
429 2776 572 2807 omnium
597 2774 830 2812 Etruscorum;
852 2773 991 2815 sequitur

226 2826 334 2851 autem
363 2819 518 2851 Horatius
539 2829 603 2856 ρος,
628 2817 684 2859 qui
708 2824 826 2848 veteres
853 2816 991 2848 Etruriae

227 2862 356 2894 colonos
373 2863 481 2904 Lydos
499 2862 597 2894 fuisse
621 2861 765 2898 tradunt;
790 2859 851 2891 vid.
884 2861 992 2892 Hero-

226 2905 291 2936 dot.
313 2907 343 2937 1.
360 2905 413 2937 94.
435 2907 569 2948 Dionys.
590 2905 667 2936 Hal.
688 2905 716 2936 l
738 2885 791 2935 2'7.
806 2922 848 2929 —
863 2903 927 2935 Pro
948 2905 992 2935 le-

222 2951 366 2988 gionibus
380 2950 452 2982 dedi
468 2960 542 2982 cum
554 2952 647 2984 Fea:
663 2949 858 2990 regionibus,·
882 2957 994 2989 quam-

977 2033 980 2036 *
1034 1993 1235 2025 acerbitatem
1265 1991 1466 2030 exprimunt·
1498 2001 1608 2032 suspen

1034 1513 1080 1544 vis
1094 1512 1190 1548 enim,
1207 1522 1263 1552 per
1276 1514 1407 1553 legiones
1422 1511 1580 1554 designari
1605 1522 1695 1552 posse
1715 1523 1801 1544 erer-

1033 1559 1123 1593 citus,
1142 1555 1235 1587 facile
1255 1555 1470 1594 concedimus,
1499 1562 1617 1594 tamen,
1639 1556 1801 1597 quomodo

1037 1600 1203 1637 Horatius,
1222 1599 1408 1630 Maecenatis
1421 1600 1555 1641 majores
1568 1602 1692 1640 magnis
1713 1610 1802 1630 exer-

1034 1643 1147 1676 citibus
1161 1643 1323 1683 praefuisse
1336 1642 1440 1674 dicere
1454 1642 1600 1683 potuerit,
1615 1643 1722 1675 doceri
1746 1654 1802 1674 ne-

1034 1687 1113 1729 quit.
1164 1687 1211 1718 At
1228 1686 1445 1724 Lucumones,
1459 1686 1523 1717 sive
1537 1685 1635 1717 duces
1650 1686 1800 1723 Etruriae,

1031 1731 1115 1762 inter
1128 1741 1208 1773 quos
1224 1729 1411 1761 Maecenatis
1423 1732 1506 1760 atavi
1513 1729 1611 1760 fuisse
1620 1729 1798 1767 traduntur,

1034 1774 1091 1817 (cf.
1112 1784 1207 1814 supra
1232 1773 1272 1804 ad
1302 1772 1367 1804 Od.
1395 1773 1424 1804 Ι.
1454 1771 1666 1813 l‚1.)haud
1688 1780 1802 1813 praeter

1032 1828 1099 1849 rem
1115 1820 1156 1850 ab
1173 1816 1309 1848 Horatio
1330 1818 1455 1857 magnis
1478 1818 1655 1858 regionibus
1677 1818 1803 1858 imperi-

1036 1869 1115 1894 tasse
1129 1860 1192 1893 dici
1206 1866 1359 1900 poterant.
1435 1871 1512 1892 nato
1526 1861 1685 1900 suspendis
1697 1863 1803 1892 adun-

1037 1917 1080 1939 co
1112 1905 1168 1947 qui
1189 1914 1264 1935 cum
1285 1913 1393 1935 amaro
1413 1903 1480 1935 risu
1502 1913 1615 1935 nasum
1639 1903 1801 1935 aduncum

1035 1949 1183 1985 reddunt,
1220 1947 1284 1978 sive
1320 1957 1434 1978 nasum
1469 1947 1674 1988 distorquent,
1704 1946 1801 1978 animi

1609 1992 1681 2023 dere
1705 1989 1804 2032 igitur

1035 2037 1173 2078 aliquem
1187 2046 1262 2067 naso
1277 2037 1400 2066 adunco
1415 2033 1519 2075 lepide
1535 2034 1656 2066 dictum
1678 2040 1726 2065 est
1745 2043 1803 2074 pro

1035 2080 1178 2122 vulgari:
1204 2077 1306 2109 ridere
1319 2078 1458 2119 aliquem
1472 2088 1546 2109 cum
1569 2077 1799 2115 amaritudinen

1034 2134 1112 2155 nos.
1138 2125 1213 2155 iiber
1226 2124 1317 2153 einen
1331 2124 1380 2154 die
1394 2133 1468 2154 nase
1487 2120 1730 2164 ritm13sen;sic
1750 2121 1801 2150 in-

1033 2167 1083 2198 fra
1100 2167 1202 2207 Epist.
1224 2164 1394 2203 1.19‚4·5.
1417 2166 1549 2198 nar-ihm
1571 2166 1628 2204 (sc.
1653 2163 1799 2204 aduncis)

1034 2213 1084 2243 uti
1086 2212 1238 2252 formido,
1254 2219 1329 2248 pro.
1354 2219 1419 2240 non
1434 2209 1536 2239 audeo
1548 2206 1742 2248 indulgerei
1731 2207 1800 2237 irri-

1035 2254 1125 2285 sioni.
1213 2255 1340 2294 ignotos,
1370 2252 1534 2293 ignobiles,
1570 2257 1607 2282 ut
1639 2260 1716 2281 vers.
1742 2249 1796 2281 25.

1035 2300 1257 2339 -ἱηὲεηιιυε,
1273 2294 1440 2327 liberaliter
1453 2294 1608 2325 excultus.

1080 2325 1456 2372 v.⁰8—11.Persuades
1479 2340 1534 2369 hoc
1563 2339 1619 2369 tibi
1638 2349 1708 2371 vere
1723 2345 1796 2370 cett.

1029 2385 1097 2427 jam
1112 2391 1186 2416 ante
1205 2383 1361 2419 Tullium,
1377 2382 1431 2423 qui
1453 2381 1589 2422 ignobili
1613 2381 1683 2413 loco
1704 2391 1799 2414 natus

1034 2439 1089 2458 rex
1102 2428 1205 2458 factus
1224 2433 1280 2464 est,
1307 2425 1424 2456 multos
1449 2435 1542 2464 saepe,
1568 2424 1682 2465 pariter
1705 2425 1799 2468 igno-

1033 2471 1122 2507 biles,
1151 2477 1184 2501 et
1210 2468 1378 2500 virtutibus
1400 2467 1591 2506 excelluisse,
1614 2474 1646 2499 et
1667 2469 1800 2501 summis

1034 2514 1205 2545 honoribus
1218 2519 1344 2543 ornatos
1360 2521 1436 2549 esse,
1452 2511 1492 2542 de
1506 2512 1564 2542 hac
1577 2522 1612 2543 re
1627 2513 1712 2554 (hoc)
1725 2513 1797 2544 nul·

1034 2558 1068 2588 lo
1081 2556 1176 2587 modo
1190 2555 1355 2587 dubitabis.
1446 2556 1585 2596 ignobile,
1599 2556 1687 2597 quod
1712 2562 1799 2588 tenet

1035 2601 1082 2631 vir
1095 2599 1252 2642 ignobilis.
1320 2600 1426 2636 nullis,
1442 2598 1643 2640 ignobilibus,
1669 2607 1707 2631 ut
1728 2602 1799 2632 δἐι-’-

1033 2646 1103 2676 vius
1123 2645 1244 2675 Tullius
1259 2643 1344 2682 apud
1361 2643 1432 2674 Liv.
1461 2642 1522 2673 lv.
1540 2641 1573 2673 3.
1598 2644 1687 2674 nullo
1705 2649 1800 2684 patre

1033 2694 1127 2719 mnus
1142 2697 1208 2717 esse
1222 2685 1355 2724 dicitur3
1379 2692 1412 2717 et
1425 2685 1469 2717 sic
1489 2685 1576 2725 apud
1601 2686 1729 2718 Graeoos
1751 2690 1799 2729 ig-

1033 2732 1127 2763 nobili
1139 2737 1226 2769 patre
1240 2736 1334 2762 naeus
1349 2729 1493 2760 dicitur’
1476 2730 1614 2773 araia-ug.

1077 2784 1106 2805 v.
1128 2771 1265 2804 12-17.
1292 2779 1403 2805 contra
1430 2774 1609 2810 Laem’num,
1635 2773 1798 2816 vulgarem

1034 2817 1239 2848 sententiam:
1282 2821 1348 2848 “at
1374 2823 1410 2847 tu
1436 2816 1525 2847 idem
1553 2818 1650 2856 probe
1678 2817 1751 2854 scis,
1779 2828 1798 2849 e

1035 2867 1130 2903 gente
1145 2860 1242 2891 nobili
1257 2866 1435 2901 prognatos,
1451 2859 1511 2890 nisi
1525 2858 1639 2892 virtute
1655 2870 1691 2892 se
1709 2867 1797 2892 oom-

1035 2903 1230 2942 mendmne
1253 2905 1286 2934 in
1309 2903 1400 2935 nullo
1427 2903 1521 2944 plane
1548 2903 1646 2935 fuisse
1673 2903 1797 2944 pretini·

1037 2953 1138 2989 poeta,
1153 2946 1247 2980 allato
1263 2946 1386 2979 Laevini
1400 2946 1557 2989 exemplo,
1568 2947 1718 2989 expressit
1731 2945 1794 2979 ἐπὶ
