1904 3250
213 159 296 197 568

846 152 1153 198 HORATII

213 283 299 322 315
332 280 479 323 Partes
500 281 543 322 in
565 279 723 322 bellum
743 279 858 320 missi
879 279 1011 332 ducis,
1040 280 1110 322 ille
1130 280 1318 336 profecto

330 353 526 395 Reddere
547 366 740 408 personae
761 352 839 393 scit
859 352 1148 394 convenientia
1167 354 1328 410 cuique.

327 425 553 481 Respicere
574 424 790 480 exemplar
810 425 907 466 vitae
927 440 1177 482 morumque
1191 426 1351 481 jubebo

323 494 512 536 Doctum
532 494 798 545 imitatorem,
821 502 863 536 et
875 510 994 536 veras
1015 495 1114 536 hinc
1130 495 1285 537 ducere
1307 511 1447 538 voces.

324 565 544 607 Interdum
565 566 754 622 speciosa
773 566 876 608 locis
896 575 1142 624 morataque
1162 577 1275 610 recte

205 637 290 676 320
323 634 498 686 Fabula,
519 635 675 677 nullius
696 636 873 686 veneris,
896 637 984 678 sine
1005 636 1195 692 pondere
1214 645 1257 679 et
1277 645 1380 688 arte,

321 706 498 749 Valdius
520 707 703 750 oblectat
722 708 929 768 populum
950 709 1185 766 meliusque
1205 717 1407 760 moratur,

324 778 467 829 Quam
488 795 633 822 versus
654 781 801 837 inopes
822 796 978 832 rerum,
1001 797 1211 839 nugaeque
1231 797 1411 824 canorae.

319 849 461 891 Graiis
482 851 712 908 ingenium,
737 851 879 893 Graiis
900 851 1018 893 dedit
1038 867 1112 893 ore
1129 852 1317 894 rotundo

318 922 449 965 Musa
467 923 598 981 loqui,
619 932 776 980 praeter
796 924 966 966 laudem
986 924 1142 966 nullius
1165 925 1302 967 avaris
1321 942 1331 966 ε

199 994 286 1034 325
320 992 502 1035 Romani
522 994 645 1050 pueri
664 994 802 1051 longis
823 994 1056 1036 rationibus
1078 1009 1214 1036 assem

316 1065 502 1108 Discunt
522 1067 565 1108 in
584 1075 725 1123 partes
746 1074 916 1108 centum
937 1066 1149 1109 diducere.

1213 1066 1344 1109 Dicat

319 1135 451 1177 Filius
474 1136 621 1178 Albini
638 1153 647 1177 :
682 1136 727 1179 Si
748 1136 802 1178 de
823 1137 1059 1193 quincunce
1079 1144 1242 1178 remota
1261 1144 1325 1178 est

317 1205 469 1259 Uncia,
492 1207 595 1264 quid
616 1207 819 1264 superet?
851 1208 1026 1250 Poteras
1047 1207 1226 1250 dixisse:
1260 1207 1439 1251 Triens:
1480 1209 1547 1252 Eu
1565 1209 1576 1254 !

197 1361 275 1388 rare,
299 1350 487 1390 examinare,
510 1352 683 1393 perspicere
697 1358 730 1383 et
751 1352 858 1383 animo
879 1362 966 1383 com·

196 1393 292 1434 plecti
305 1394 437 1433 studuit,
452 1407 527 1427 eum
541 1407 606 1428 non
619 1398 715 1428 invita
733 1398 824 1428 verba
838 1407 967 1438 sequen-

196 1445 263 1476 tur,
277 1438 306 1469 ei
322 1448 386 1469 nou
401 1438 501 1472 deerit
514 1440 624 1471 oratio.

240 1492 269 1512 v.
285 1480 361 1520 314«,
377 1481 453 1514 315.
479 1493 550 1524 quae
565 1486 688 1519 Partes,
704 1493 747 1513 sc.
771 1483 844 1514 sint.
859 1494 868 1520 ;
885 1492 964 1523 quo-

194 1525 291 1556 modo
305 1525 382 1564 dux,
407 1526 442 1557 iu
467 1527 587 1558 bellum
613 1526 737 1564 missus,
764 1526 967 1557 demandans

196 1569 256 1601 sibi
269 1575 373 1609 partes
388 1570 516 1611 exsequi
530 1570 651 1601 debeat.

239 1622 268 1642 v.
286 1611 361 1643 316.
388 1615 540 1649 Reddere,
557 1612 642 1651 dare,
662 1613 840 1644 attribuere.

238 1666 268 1686 v.
300 1655 377 1687 318.
416 1659 560 1689 Doctum
587 1658 967 1694 imitatorem—imitator

192 1700 261 1742 jam
283 1706 340 1738 est,
365 1700 420 1741 qui
445 1700 479 1731 in
503 1699 708 1732 describendo
728 1700 894 1730 hominum
916 1699 966 1729 in-

194 1742 291 1784 genio
305 1750 455 1781 versatur,
475 1754 599 1784 eosque,
615 1743 724 1783 quales
738 1749 823 1780 sunt,
838 1742 966 1773 imitan-

194 1786 238 1818 do
265 1787 440 1827 exprimere
468 1787 594 1824 studet;
617 1787 644 1817 is
671 1786 771 1828 igitur
797 1787 966 1827 (exemplar

193 1832 264 1862 vitae
287 1831 487 1872 morumque)
510 1830 665 1867 homines,
691 1836 729 1860 ut
750 1840 823 1860 vere
848 1829 964 1866 vivant,

194 1873 333 1904 sentiant
346 1880 380 1905 et
392 1884 426 1904 se
441 1879 560 1914 gerant,
579 1874 741 1913 respicere,
757 1874 920 1903 observare
935 1879 967 1904 et

195 1923 269 1948 ante
289 1916 399 1948 oculos
420 1918 544 1952 babere,
570 1923 602 1947 et
627 1917 703 1947 inde
724 1926 829 1947 veram
855 1927 966 1947 eorum

195 1960 369 2002 imaginem
401 1960 589 1991 adumbrare
623 1960 717 1990 debet
733 1970 843 1999 ;-per
879 1971 965 1991 veras

193 2015 279 2036 voces
307 2003 450 2045 intellige
477 2014 582 2035 veram
612 2003 878 2042 descriptionem;
902 2003 965 2035 lec-

194 2047 312 2079 tionem
336 2050 419 2079 vivas
435 2057 513 2087 pro:
539 2059 636 2085 veras,
659 2058 679 2078 a
701 2049 840 2078 Bentleio
863 2047 966 2086 prola-

195 2097 272 2129 tam,
298 2091 416 2122 frustra
439 2092 610 2130 probarunt
636 2090 763 2130 plures;
786 2093 854 2122 viva
881 2090 966 2120 enim

194 2146 251 2167 voa·
267 2135 370 2177 (λέγοις
386 2135 557 2175 ἔμψυχος),
581 2145 677 2175 quam
691 2134 820 2165 auribus
834 2134 967 2173 percipi-

194 2188 270 2209 mus
283 2188 322 2208 ex
337 2188 391 2208 ore
406 2178 571 2219 loquentis,
596 2178 767 2218 opponitur
788 2177 919 2216 scriptis,
936 2183 968 2208 et

196 2221 246 2258 iis,
268 2232 340 2263 quae
355 2221 531 2263 leguntur;
555 2231 613 2251 nec
635 2223 799 2252 Bentleius
818 2220 969 2251 idoneum

194 2265 388 2305 exemplum.
423 2275 488 2306 quo
520 2265 661 2296 muniret
683 2271 839 2304 receptam
861 2263 969 2296 lectio-

195 2319 280 2345 nem,
302 2309 439 2347 proferre
454 2308 565 2349 potuit.
910 2335 914 2337 t

238 2363 268 2383 v.
287 2351 362 2389 319,
379 2351 455 2383 320.
480 2354 611 2392 speciosa
636 2353 719 2390 locis,
744 2351 913 2392 conspicua
934 2356 967 2382 et

197 2395 339 2436 locuples
359 2395 523 2427 sententiis
543 2402 575 2426 et
599 2396 703 2433 rebus,
727 2406 806 2436 quas
831 2402 964 2433 tractam

181 2441 312 2481 sabuloe
333 2439 419 2470 enim
442 2440 584 2480 speciosae
607 2440 680 2470 locis
706 2445 912 2479 opponuntur
932 2439 967 2469 in

194 2493 225 2514 v.
259 2481 334 2513 322.
362 2493 467 2514 uersus
495 2494 603 2514 rerum
633 2483 745 2523 inopes.
806 2484 963 2522 Spei-iosus

196 2527 371 2569 (εὐτρεπής)
397 2526 431 2556 ἰη
453 2527 568 2557 bonam
583 2531 703 2565 partem
718 2526 902 2556 transfertur
922 2525 963 2556 ad

194 2569 344 2601 orationis
358 2571 542 2602 ubertatem.
578 2568 733 2605 Quinctil.
751 2569 855 2600 Instit.
870 2569 960 2600 Orat.

197 2613 239 2644 V.
268 2612 318 2645 14«.
342 2615 497 2654 Locuples
518 2619 549 2644 et
572 2613 704 2653 speciosa
730 2614 796 2644 vult
818 2623 880 2644 esse
902 2615 963 2643 elo-

195 2660 334 2698 quentia,
350 2667 393 2688 sc.
408 2663 446 2688 ut
456 2656 596 2688 advertat
605 2661 637 2686 et
647 2655 705 2686 sibi
717 2655 964 2693 concilietnaudi-

194 2707 301 2732 torum
323 2700 455 2732 animos.
539 2705 722 2741 mrataque
741 2705 833 2735 recte,
856 2698 890 2728 in
904 2709 967 2739 qua

195 2751 278 2775 recte
293 2751 325 2775 et
338 2755 410 2775 vere
425 2743 560 2783 expressi
583 2750 657 2774 sunt
671 2753 774 2774 mores
788 2743 964 2779 hominum,

194 2795 279 2819 recte
293 2788 333 2818 ad
348 2798 451 2819 mores
463 2786 631 2819 hominum
649 2786 831 2826 composita.

238 2842 267 2862 v.
285 2830 360 2863 321.
383 2833 521 2869 Valdius,
536 2837 574 2862 ut
587 2841 682 2870 supra
697 2830 801 2870 Epist.
823 2829 851 2860 1.
873 2828 904 2859 9.
929 2828 960 2859 6.

196 2883 390 2911 —moratur,
406 2875 534 2910 detinet,
550 2873 644 2914 capit.
693 2873 795 2914 Supra
812 2872 915 2912 Epist.
934 2873 962 2903 Ι.

199 2916 248 2948 13.
271 2917 320 2950 17.
370 2920 530 2954 Carmina,
541 2919 736 2960 quaepossint
747 2919 846 2950 oculos
857 2927 962 2948 aures-

194 2973 254 3002 que
269 2964 383 2994 morari
401 2964 538 2994 Caesaris.

1053 1362 1082 1382 v.
1099 1351 1174 1382 322.
1202 1363 1336 1390 canoroe,
1349 1351 1382 1382 in
1398 1357 1534 1383 metrum
1546 1353 1688 1384 redactae.

1052 1405 1081 1425 v.
1101 1395 1176 1426 323.
1196 1407 1247 1427 ore
1262 1398 1405 1431 rotundo.
1421 1406 1440 1426 e
1453 1406 1518 1437 quo
1535 1395 1605 1428 fluit
1619 1397 1718 1429 oratio
1730 1407 1781 1428 ro-

1008 1438 1118 1477 tunda,
1145 1440 1176 1469 h.
1195 1449 1222 1469 e.
1241 1440 1321 1470 bene
1340 1434 1448 1478 polita,
1470 1446 1553 1479 apta,
1577 1441 1779 1471 concinnaet

1009 1483 1113 1513 omnis
1127 1482 1300 1522 asperitatis
1314 1492 1434 1522 expers·
1484 1483 1585 1522 supra
1602 1484 1665 1514 Sat.
1681 1484 1730 1515 11.
1745 1483 1775 1515 7.

1009 1525 1064 1556 86.
1094 1526 1219 1565 sapiens
1247 1525 1362 1556 dicitur
1386 1531 1463 1557 teres
1489 1532 1583 1567 atque
1611 1529 1777 1564 rotundus,

1011 1570 1145 1601 Externi
1165 1580 1205 1600 ne
1233 1571 1309 1611 quid
1341 1571 1440 1600 valeat
1466 1580 1523 1610 per
1547 1571 1611 1601 leve
1645 1573 1774 1602 morari.

1013 1613 1159 1644 Ductum
1174 1618 1222 1643 est
1239 1623 1259 1643 a
1277 1618 1375 1643 terete
1399 1618 1431 1643 et
1453 1613 1590 1644 rotundo
1610 1613 1706 1654 globo
1728 1614 1780 1645 vel

1009 1657 1141 1696 sphaera,
1157 1656 1201 1686 ita
1214 1655 1369 1697 laevigata,
1395 1663 1432 1686 ut
1446 1656 1524 1687 nibil
1545 1656 1580 1687 in
1601 1667 1639 1688 en
1658 1658 1776 1697 asperi-

1009 1700 1082 1730 tatis
1109 1705 1213 1730 restet.
1262 1698 1363 1738 Apud
1391 1699 1575 1730 Ciceronem
1602 1699 1694 1732 Brut.
1720 1699 1774 1732 78.

1008 1745 1145 1775 rotunda
1156 1744 1339 1774 constructio
1349 1743 1520 1775 verborum.

1051 1797 1081 1817 v.
1106 1784 1181 1816 324«.
1205 1788 1333 1822 nullius,
1349 1795 1392 1816 sc.
1409 1785 1491 1816 alius
1503 1786 1558 1817 rei.

1052 1839 1081 1860 v.
1099 1828 1284 1860 325-339.
1310 1831 1450 1861 Romani
1465 1831 1557 1870 pueri
1572 1835 1645 1861 cett.
1689 1830 1778 1862 Nex-

1010 1883 1064 1904 us:
1094 1874 1171 1905 Non
1185 1874 1229 1904 ita
1247 1872 1406 1910 Romani3
1430 1882 1504 1910 nam
1526 1873 1664 1904 Romam
1685 1875 1778 1914 pueri

1009 1928 1028 1947 a
1043 1923 1149 1948 tenera
1163 1916 1238 1947 inde
1250 1922 1343 1946 aetate
1357 1926 1422 1947 non
1435 1917 1590 1947 bonarum
1602 1917 1775 1948 litterarum

1007 1960 1116 1998 initiis,
1139 1960 1194 1991 sed
1220 1960 1378 1990 rationum
1407 1959 1683 1991 subducendarum
1711 1969 1779 1992 arte

1008 2003 1215 2042 imbuuntur3
1239 2002 1272 2033 id
1298 2003 1402 2034 statim
1429 2005 1565 2042 probabo
1573 2016 1584 2042 ;
1606 2003 1689 2035 adsit
1715 2005 1776 2036 Al-

1008 2047 1085 2086 bini,
1116 2047 1220 2078 divitis
1247 2046 1450 2084 foeneratoriss
1481 2046 1588 2085 filius;
1624 2046 1777 2079 dican—

1011 2093 1045 2122 Si
1075 2094 1113 2123 de
1140 2092 1319 2132 quincunce
1346 2095 1418 2120 cett.
1475 2092 1521 2122 As
1549 2090 1584 2120 in
1608 2090 1777 2122 duodecim

1010 2142 1114 2174 partes
1136 2135 1201 2165 sive
1222 2133 1332 2164 uncias
1352 2133 1528 2170 dividitur3
1558 2133 1592 2174 1)
1620 2143 1686 2165 una
1705 2144 1777 2174 pars

1011 2177 1126 2209 dicitur
1139 2190 1207 2209 una
1222 2180 1318 2209 uncia
1333 2193 1346 2214 ‚·
1369 2176 1406 2216 2)
1433 2183 1552 2208 sea-tom
1576 2179 1680 2219 (sexta
1705 2187 1777 2216 pars

1012 2222 1113 2262 assis),
1129 2221 1202 2252 duae
1219 2220 1342 2258 unciae3
1366 2220 1403 2261 3)
1417 2223 1575 2262 quadram
1589 2224 1715 2263 (quarta
1727 2232 1777 2252 as-

1012 2266 1054 2296 sis
1076 2265 1173 2305 pars),
1197 2271 1259 2295 tres
1273 2264 1396 2302 unciae;
1418 2262 1456 2303 4«)
1471 2266 1568 2295 triens
1582 2263 1688 2306 (tertia
1701 2266 1778 2297 assis

1009 2309 1107 2350 pars),
1133 2314 1268 2350 quatuor
1282 2308 1407 2345 unciae3
1430 2308 1467 2348 5)
1489 2309 1658 2348 quincunx,
1681 2308 1775 2348 quin-

1009 2363 1071 2394 que
1099 2353 1203 2383 unciae
1216 2356 1234 2390 ;“
1251 2350 1288 2391 6)
1314 2354 1404 2383 semis
1433 2350 1536 2393 (quasi
1557 2351 1698 2388 semitis),
1721 2362 1776 2383 sex

1011 2395 1135 2434 unciae;
1160 2395 1195 2435 7)
1211 2401 1350 2435 septunx,
1366 2398 1484 2434 septem
1506 2393 1628 2432 unciae3
1652 2393 1689 2435 8)
1711 2397 1772 2434 bes,

1010 2446 1082 2471 octo
1095 2439 1220 2477 unciae;
1237 2438 1273 2479 9)
1290 2440 1435 2476 dodrans,
1446 2447 1560 2468 novem
1570 2437 1695 2477 unciae3
1714 2437 1770 2480 10)

1006 2486 1143 2519 dextans,
1171 2481 1280 2513 decem
1301 2482 1426 2520 unciae3
1451 2479 1507 2522 11)
1529 2483 1644 2520 deunx,
1673 2482 1773 2515 unde.

1006 2527 1069 2557 cim
1083 2526 1208 2565 unciae;
1233 2524 1288 2565 12)
1304 2535 1348 2555 as.

1050 2580 1078 2600 v.
1102 2568 1177 2601 328.
1204 2579 1281 2609 pro:
1313 2575 1440 2609 superat
1467 2578 1542 2600 cum
1578 2571 1713 2601 Bemleio
1740 2576 1773 2602 et

1006 2613 1077 2644 aliis
1089 2612 1162 2644 dedi
1177 2625 1185 2643 :
1210 2619 1339 2653 superet,
1354 2612 1441 2653 quod
1462 2612 1599 2652 postulat
1615 2613 1771 2644 oratio.—

1008 2659 1136 2689 Poteras
1151 2658 1266 2692 dia-isse,
1283 2655 1334 2686 vix
1349 2655 1415 2695 ipse
1428 2666 1507 2695 puer
1520 2655 1564 2686 ita
1585 2656 1772 2696 respondere

1009 2706 1150 2740 poterat;
1172 2698 1372 2739 responderat
1386 2699 1516 2730 fortasse
1521 2709 1602 2738 puer
1612 2706 1747 2740 quatuor
1757 2716 1770 2738 ‚-

1011 2743 1166 2775 Horatius
1186 2743 1219 2774 id
1233 2743 1367 2782 probans
1387 2748 1419 2773 et
1439 2743 1539 2783 capite
1553 2753 1697 2774 annuens
1714 2745 1770 2774 nd-

1007 2787 1074 2818 dit:
1098 2786 1148 2818 vel
1177 2787 1298 2828 (dixisse
1321 2785 1460 2826 poteras)
1490 2788 1586 2818 triens
1598 2803 1611 2824 ‚·
1642 2787 1783 2828 nomine„

1007 2830 1123 2862 scilicet
1136 2829 1343 2869 suppeditat0‚
1366 2840 1430 2870 quo
1443 2830 1657 2871 insigniuntur
1669 2831 1703 2861 in
1719 2841 1769 2871 ra-

1007 2873 1177 2905 tiocinandi
1191 2880 1257 2903 arte
1272 2874 1336 2904 sive
1350 2873 1543 2905 arithmetica
1556 2881 1691 2915 quatuor
1708 2885 1770 2905 un-

1006 2918 1063 2949 ciae
1076 2930 1086 2957 3
1110 2916 1170 2948 nisi
1186 2917 1313 2948 fortasse
1331 2917 1492 2955 Horatius,
1510 2924 1547 2949 ut
1560 2917 1661 2950 solent
1675 2928 1767 2958 σερε,
