1904 3250
631 338 692 394 Q.
734 332 1081 385 HORATII
1116 336 1402 389 FLACCI

543 521 993 580 CARM

1060 521 1487 609 INUVM

801 707 956 742 LIBER
983 707 1236 748 QUARTUS.

847 1047 1117 1089 CARMEN
1147 1047 1182 1089 Ι.

347 1134 647 1201 ῙΝτΕκΜιεεΑ,
671 1150 829 1201 Venus,
852 1149 926 1191 diu

463 1220 628 1263 Rursus
647 1220 759 1262 bella
778 1236 934 1262 moves.

346 1292 444 1334 Non
465 1307 571 1344 sum,
594 1291 727 1350 qualis
747 1307 863 1333 eram
883 1292 1006 1334 bonae

999 1220 1146 1272 Parce,
1168 1235 1333 1278 precor,
1355 1236 1506 1278 precor
1523 1221 1531 1264 !

462 1366 551 1408 Sub
571 1380 704 1423 regno
727 1365 908 1407 Cinarae.
970 1364 1145 1415 Desine,
1167 1364 1354 1407 dulcium

475 1506 687 1539 CARMEN
712 1506 742 1537 1.

271 1593 551 1631 Quemadmodum
565 1593 714 1625 ultimum
737 1593 808 1624 libri
827 1592 910 1624 tertii
923 1602 990 1624 car-

223 1647 298 1668 men
314 1647 371 1677 pro
384 1639 494 1678 epilogo
515 1648 624 1668 eorum
640 1637 826 1674 carminum,
842 1647 913 1678 quae
927 1636 990 1676 pri-

224 1691 315 1711 mum
330 1688 422 1721 poeta
436 1682 470 1711 in
491 1681 559 1712 dias
573 1681 703 1712 luminis
716 1691 809 1713 auras
829 1681 988 1719 emiserat3

223 1724 268 1755 ita
282 1725 343 1756 hoc
363 1724 502 1765 primum
523 1724 595 1756 libri
616 1725 719 1767 quarti
739 1731 823 1756 recte
845 1734 901 1764 pro
923 1724 991 1764 ejus

193 1788 195 1790 ·
223 1768 331 1799 haberi
345 1775 446 1808 potest
456 1770 591 1810 prologo.
640 1768 842 1800 anedixemt
861 1767 990 1809 quidem

226 1811 382 1843 Horatius
392 1812 460 1854 jam
474 1814 558 1852 poesi
567 1813 679 1854 lyricae.
693 1819 724 1844 et
732 1813 874 1844 barbiton
884 1822 989 1849 suum,

223 1856 308 1894 bello,
325 1862 361 1887 ut
374 1856 441 1895 ipse
455 1867 539 1897 supr.
555 1850 628 1888 111.
643 1856 695 1887 26.
713 1856 744 1887 3.
759 1856 846 1893 dicit,
859 1856 989 1897 defunc-

223 1905 294 1931 tum
320 1910 353 1929 m
382 1901 514 1931 Veneris
535 1900 655 1941 templo
683 1900 907 1940 suspenderat3
935 1898 991 1930 sed

222 1943 306 1974 bona
322 1943 457 1982 fortuna,
468 1951 505 1975 ut
518 1943 624 1976 denuo
635 1944 683 1974 illi
693 1943 897 1985 temperando
910 1949 990 1974 trao-

223 1986 382 2028 tandoque
395 1998 510 2018 manus
523 1988 697 2028 inponeret,
720 1998 794 2018 cum
815 1987 988 2018 amicorum

223 2040 365 2068 suorum,
377 2038 444 2062 tum
461 2032 601 2073 Augusti
616 2031 759 2071 inprimis
773 2038 884 2072 rogatu
896 2036 990 2071 atque

198 2090 204 2095 -
222 2074 416 2112 auctoritate,
431 2083 592 2114 permotus
605 2075 676 2107 fuit.
720 2075 803 2107 Cum
820 2074 917 2116 igitur
925 2081 988 2104 tarn

197 2127 200 2131 ·
223 2127 270 2154 ea,
286 2127 359 2158 quae
373 2119 406 2148 in
425 2119 566 2160 Augusti
587 2119 731 2161 gratiam,
754 2126 791 2150 ut
808 2118 915 2149 Carm.
934 2117 985 2148 11.

225 2160 290 2193 1v.
312 2161 352 2192 V.
373 2162 473 2193 XIV.
495 2162 574 2194 XV.
593 2163 707 2194 seriore
721 2169 811 2194 aetate
824 2161 988 2199 cecinerat,

190 2226 196 2234 .
221 2215 318 2246 quam
333 2205 405 2243 alia,
421 2216 493 2246 quae
507 2206 557 2237 vel
572 2214 650 2243 tum,
665 2206 716 2238 vel
725 2207 793 2248 jam
807 2206 884 2236 olim
899 2215 987 2237 com·

177 2269 182 2273 .
222 2255 370 2289 posuerat
384 2249 532 2287 carmina,
542 2260 629 2281 nunc
642 2250 675 2281 in
687 2260 789 2282 unum
801 2249 987 2280 fasciculum

222 2291 353 2323 collecta
366 2293 426 2323 hoc
437 2292 516 2323 libro
530 2300 650 2334 quarto,
667 2305 702 2325 ez·
715 2295 804 2335 longo
815 2294 987 2329 intervallo,

222 2341 262 2367 ut
277 2335 447 2366 Suetonius
470 2337 503 2366 in
527 2343 628 2376 poetae
650 2338 749 2368 nostri
769 2337 833 2368 vita
846 2343 986 2373 testatur,

224 2380 323 2412 eribus
333 2381 514 2411 carminum
528 2382 611 2412 libris
622 2382 762 2421 Augusti
765 2380 863 2420 jussu
873 2382 987 2415 addito,

224 2423 342 2464 publici
351 2423 434 2464 juris
448 2423 563 2454 faceret
573 2436 583 2462 ;
606 2423 645 2454 iis
659 2424 758 2455 facete
773 2425 832 2454 hoc
853 2424 991 2454 carmine

225 2466 374 2508 praelusit,
390 2473 422 2497 et
436 2466 560 2507 qualem
575 2478 607 2498 se
622 2478 743 2507 semper
754 2474 877 2507 poetam
893 2467 990 2497 levio·

223 2520 291 2542 rem
306 2516 338 2541 et
357 2509 515 2541 amoribus
536 2517 659 2541 tantum
683 2518 803 2550 aptum,
827 2510 883 2552 (cf.
901 2519 984 2551 supr.

225 2554 256 2587 I'·
273 2552 305 2584 6.
325 2553 376 2585 IL
397 2552 447 2585 12.
467 2553 507 2584 V.
530 2551 599 2594 15.)
622 2554 715 2584 talem
738 2554 790 2584 hic
811 2564 938 2595 quoque
956 2563 989 2585 se

222 2599 382 2640 professus
395 2603 453 2629 eet.
487 2597 600 2638 Itaque
614 2597 723 2637 lyram,
739 2608 809 2638 quae
823 2597 878 2627 diu
893 2597 986 2628 tacita

223 2641 424 2683 pependerat,
452 2650 539 2671 nunc
566 2640 738 2680 increpans,
766 2640 927 2681 ingeniose
952 2651 986 2672 se

223 2685 361 2727 pristinis
374 2683 531 2716 amoribus
544 2683 730 2715 incalescere
746 2683 845 2724 fingit.
894 2683 984 2715 Hinc

223 2740 257 2761 se
271 2728 423 2761 convertit
435 2727 476 2759 nd
491 2727 659 2765 Venerem,
675 2737 816 2767 eamque,
837 2733 874 2757 ut
888 2727 922 2756 in
932 2727 986 2768 ju-

223 2773 328 2804 nioroe
341 2772 455 2813 potius,
470 2781 565 2812 quam
578 2771 612 2801 in
627 2780 660 2801 se
676 2770 743 2811 jam
758 2770 986 2811 quinquaginta

223 2817 324 2848 ferme
346 2826 446 2847 annos
467 2821 576 2846 notum
599 2814 770 2854 potentiam
786 2823 875 2843 suam
897 2823 985 2844 exer-

223 2867 300 2891 ceat-
321 2861 436 2891 obnixe
448 2863 539 2900 rogat
558 2864 652 2899 atque
673 2858 854 2887 obtestatur.
899 2856 987 2888 Inter

220 2904 364 2944 juniores
387 2908 495 2934 nutem
525 2901 606 2934 Dee
632 2899 776 2940 inprimis
803 2899 986 2930 adeundum

225 2945 424 2978 commendat
446 2947 598 2978 Paullum
623 2946 809 2981 Maximum,
835 2943 985 2984 juvenem

226 2991 371 3028 nobilem,
398 2990 582 3028 formosum,
608 2988 766 3021 eruditum
791 2995 823 3019 et
844 2986 983 3026 divitem,

1033 1505 1089 1547 qui
1104 1515 1169 1536 non
1183 1505 1287 1537 solum
1301 1515 1418 1547 magna
1431 1515 1506 1538 curn
1520 1505 1622 1548 gloria
1633 1506 1704 1552 ejus
1715 1506 1798 1538 mili-

1033 1551 1110 1580 tiam
1135 1555 1308 1586 secuturus,
1335 1549 1391 1582 sed
1412 1549 1546 1581 eandem
1566 1549 1661 1582 etiam
1688 1552 1800 1592 quovis

1033 1593 1189 1624 honorum
1205 1603 1436 1635 munerumque
1448 1603 1564 1636 genere
1572 1599 1740 1625 ornaturus
1752 1601 1799 1625 nt-

1032 1646 1095 1677 que
1119 1637 1340 1668 cumulaturus
1362 1638 1413 1668 sit.
1463 1637 1584 1668 Verum
1607 1638 1693 1668 enim
1713 1647 1797 1676 vem,

1033 1681 1112 1711 dum
1129 1681 1262 1712 Veneris
1283 1681 1347 1711 vim
1361 1686 1394 1712 et
1409 1680 1582 1722 potentiam
1602 1680 1796 1720 depreeatur,

1033 1734 1105 1755 ecce
1114 1725 1180 1766 jam
1196 1734 1277 1755 novo
1293 1723 1440 1766 Ligurini
1454 1734 1562 1756 amore
1571 1734 1605 1755 se
1615 1734 1798 1765 percussum

1033 1770 1138 1805 sentit,
1155 1779 1213 1799 nec
1227 1768 1342 1809 injecto
1362 1767 1412 1799 ini
1431 1767 1532 1799 furori
1545 1769 1687 1799 resistere
1700 1768 1793 1800 valet.

1033 1830 1075 1837 —
1091 1813 1173 1848 Quae
1186 1811 1314 1853 quidem
1329 1818 1395 1843 tota
1409 1812 1450 1842 de
1462 1811 1551 1842 novis
1569 1811 1728 1844 amoribus
1741 1811 1797 1844 flc-

1033 1855 1079 1886 (io
1092 1855 1119 1886 si
1134 1855 1227 1886 unice
1241 1855 1281 1886 ad
1298 1862 1445 1887 ornatum
1466 1861 1500 1886 et
1519 1853 1795 1895 mpliflenuonem

1033 1898 1183 1939 simplicis
1196 1899 1372 1930 sententiae:
1399 1903 1421 1919 ‘⁸
1435 1899 1504 1940 Ego
1521 1899 1630 1940 poesin
1652 1900 1794 1941 lyricam,

1021 1943 1097 1983 jam
1111 1945 1167 1975 diu
1181 1955 1202 1973 α
1217 1954 1266 1974 me
1280 1943 1497 1978 intermissam.
1511 1942 1797 1983 retracter-ejunus

1030 1998 1113 2024 sum,
1129 1998 1186 2018 nec
1199 1988 1247 2018 lu's
1256 1986 1401 2027 jussibus
1421 1988 1558 2018 resistere
1576 1986 1702 2028 mtuiss’
1716 1986 1797 2019 rese-

1031 2030 1129 2061 renda
1157 2040 1224 2061 esse
1252 2030 1391 2069 videtur;
1413 2029 1506 2062 facile
1533 2035 1671 2070 apparet,
1697 2039 1794 2072 quam

1031 2074 1176 2115 iniquum
1190 2081 1223 2105 et
1236 2074 1517 2107 sinisti-umectum
1532 2074 1573 2104 de
1585 2073 1646 2105 boc
1657 2074 1796 2113 carmine

1031 2123 1080 2149 est
1086 2117 1255 2159 judicium,
1270 2118 1337 2159 qui,
1351 2117 1436 2159 quod
1450 2118 1484 2156 in
1498 2127 1536 2148 eo
1548 2116 1588 2148 ad
1597 2117 1705 2158 magni
1718 2127 1794 2158 poe.

1032 2168 1074 2193 1ae
1085 2167 1188 2204 amin
1199 2168 1232 2192 et
1251 2161 1418 2203 ingenium
1438 2159 1609 2192 transfer-m
1626 2159 1794 2200 debebant,

1029 2204 1070 2236 ad
1085 2205 1293 2251 turpenerus
1305 2204 1468 2236 libidinem
1482 2203 1682 2235 transferunt.

1073 2259 1102 2279 v.
1122 2241 1216 2279 1-8.
1231 2249 1366 2289 luter-m·
1397 2249 1431 2278 V.
1454 2249 1486 2278 d.
1510 2258 1593 2279 rurs.
1614 2247 1787 2292 bellomon.

1029 2302 1147 2329 rursus,
1167 2291 1198 2323 O
1221 2291 1340 2329 Venus,
1361 2301 1478 2328 amore,
1503 2301 1567 2332 quo
1588 2289 1647 2322 diu
1666 2289 1791 2323 animun

1030 2346 1122 2366 meus
1141 2345 1260 2366 vacuus
1281 2335 1351 2370 suit,
1382 2345 1435 2366 me
1463 2333 1613 2375 exagitas.
1663 2332 1730 2372 Qui
1756 2345 1793 2366 a·

1030 2386 1128 2415 mant,
1151 2378 1287 2410 suaviter
1306 2378 1451 2410 militiam
1475 2377 1617 2416 Veneris,
1632 2379 1707 2410 bella
1725 2389 1793 2411 mo-

1032 2424 1136 2459 nemis,
1159 2422 1248 2463 sequi
1268 2421 1451 2463 finguntur;
1474 2421 1515 2452 de
1534 2431 1597 2463 qun
1619 2421 1748 2463 quidem
1771 2432 1792 2454 a

1032 2476 1067 2498 re
1079 2465 1207 2496 militari
1220 2465 1261 2496 ad
1273 2475 1340 2496 rem
1354 2465 1536 2496 amator-iam
1551 2466 1699 2496 translata
1711 2465 1792 2496 ima-

1031 2509 1106 2550 gine
1131 2509 1192 2541 vid.
1217 2519 1318 2549 supra·
1331 2509 1372 2540 ad
1396 2509 1468 2540 111.
1489 2507 1542 2539 26.
1559 2507 1590 2540 2.
1608 2508 1649 2539 cf.
1665 2508 1738 2540 infr.
1754 2519 1787 2540 v.

1034 2552 1084 2584 16.
1175 2555 1286 2590 Parce,
1310 2563 1433 2594 precor,
1458 2563 1578 2593 precor,
1607 2552 1698 2592 quasi
1720 2551 1790 2594 jam

1028 2598 1092 2627 vim
1114 2597 1254 2628 numinis
1274 2597 1308 2627 in
1331 2604 1441 2636 pectus
1454 2606 1489 2626 se
1501 2594 1697 2627 imminentis
1717 2605 1789 2626 sen-
1828 2600 1832 2605 '

1028 2640 1094 2678 tint,
1109 2647 1147 2672 ut
1160 2650 1245 2680 supr.
1266 2639 1314 2671 11.
1336 2638 1386 2671 19.
1405 2638 1437 2671 7.
1454 2639 1494 2670 de
1518 2638 1663 2670 Baccho:
1682 2650 1788 2680 parce,

1027 2686 1131 2721 Liber,
1141 2695 1246 2725 parce,
1267 2685 1363 2716 Gravi
1376 2684 1538 2715 metuende
1551 2684 1664 2723 thyrso.
1732 2683 1789 2714 sub

1027 2739 1122 2767 regno
1140 2730 1273 2764 Cinarae,
1289 2737 1363 2757 cum
1384 2736 1436 2757 me
1456 2731 1578 2766 regeret
1601 2725 1716 2757 Cinam
1737 2728 1790 2768 (ut

1028 2780 1111 2810 supr.
1144 2771 1216 2801 111.
1242 2769 1272 2800 9.
1299 2769 1329 2800 9.
1355 2771 1410 2801 Me
1430 2779 1520 2801 nunc
1547 2770 1674 2801 Thressa
1699 2771 1787 2802 Chloe

1027 2813 1120 2853 regie)
1136 2823 1192 2853 pro
1211 2812 1350 2854 vulgari:
1376 2822 1449 2842 cum
1464 2822 1600 2843 amarem
1618 2811 1787 2851 einmm;

1030 2856 1070 2887 de
1084 2864 1158 2887 nota
1172 2855 1321 2897 loquendi
1334 2855 1462 2892 ratione,
1477 2866 1540 2897 qua
1552 2867 1645 2897 regno
1665 2854 1788 2897 puella·

1029 2910 1100 2930 rum
1116 2899 1246 2940 subjecti
1260 2909 1325 2930 esse
1340 2898 1487 2929 dicuntur
1501 2909 1609 2930 earum
1622 2905 1784 2936 amatores,

1027 2942 1088 2973 vid.
1108 2945 1221 2975 Burm-
1240 2942 1279 2974 ad
1298 2943 1439 2982 Propen.
1458 2942 1530 2974 111.
1551 2941 1600 2974 18.
1618 2942 1650 2974 8.
1680 2944 1786 2993 pom,
1844 2941 1850 2945 ”
1902 2918 1904 2920 ·

1027 2988 1154 3018 observa
1193 2985 1255 3017 vim
1291 2986 1386 3028 hujus
1414 2986 1565 3026 epitheti3
1600 2985 1786 3018 molhssimo
