1904 3250
139 169 141 173 ν
180 147 264 186 516

814 143 1121 187 HORATII

299 272 345 315 Si
365 287 509 314 versus
530 270 658 327 paulo
679 269 924 311 concinnior
944 283 1054 310 unus
1075 272 1118 310 et
1137 268 1256 320 alter,

208 344 235 382 ’7
238 344 263 383 5
296 341 457 398 Injuste
479 348 615 382 totum
635 338 753 380 ducit
771 337 1000 394 venditque
1019 351 1185 393 poema.

297 414 504 472 Indignor
525 412 758 470 quidquam
776 411 1044 468 reprehendi,
1067 426 1154 453 non
1174 412 1274 468 quia
1293 426 1432 455 crasse

298 485 592 541 Compositum
613 483 835 540 illepideve
855 491 1040 540 putetur,
1063 481 1139 525 sed
1159 483 1258 540 q‘uia
1277 498 1414 539 nuper
1425 500 1438 535 3

294 559 387 601 Nec
407 559 573 600 veniam
593 558 789 615 antiquis,
812 557 887 599 sed
907 557 1116 599 honorem
1135 565 1178 599 et
1195 558 1372 613 praemia
1390 558 1522 613 posci.

297 629 443 680 Recte,
466 644 613 680 necne,
637 644 808 671 crocum
828 628 1038 685 floresque
1058 627 1324 684 perambulet
1343 627 1460 671 Attae

191 706 263 743 -80
297 701 471 753 Fabula,
496 702 532 744 si
552 701 758 752 dubitem,
781 701 963 743 clament
982 701 1156 756 periisse
1175 699 1388 756 pudorem

297 771 452 812 Cuncti
471 786 595 827 paene
615 779 780 827 patres;
812 787 862 813 ea
882 786 979 812 cum
999 770 1312 827 reprehendere
1333 785 1476 821 coner,

296 839 408 890 Quae
429 841 569 898 gravis
591 839 797 897 AEsopus,
821 856 916 898 quae
938 840 1087 882 doctus
1112 841 1292 883 Roscius
1314 841 1424 898 egit:

294 910 389 961 Vel,
413 911 512 968 quia
531 910 592 952 nil
612 919 788 962 rectum,
810 911 891 953 nisi
912 911 1028 968 quod
1047 911 1207 967 placuit
1226 912 1318 963 sibi,
1341 911 1521 961 ducunt;

294 980 389 1032 Vel,
413 982 512 1038 quia
532 989 655 1038 turpe
675 988 828 1038 putant
845 997 997 1038 parere
1017 982 1266 1033 minoribus,
1289 990 1331 1024 et
1354 997 1450 1039 quae

206 1053 262 1092 85
294 1050 484 1092 Imberbi
505 1050 705 1102 didicere,
724 1066 848 1093 senes
868 1051 1088 1107 perdenda
1106 1051 1241 1094 fateri.

293 1120 391 1162 Jam
415 1120 574 1162 Saliare
596 1120 753 1164 Numae
775 1136 946 1163 carmen
966 1121 1039 1178 qui
1058 1121 1217 1173 laudat,
1240 1130 1284 1164 et
1303 1122 1423 1174 illud,

296 1191 429 1241 Quod
449 1200 616 1234 mecum
637 1193 818 1251 ignorat,
841 1193 955 1235 solus
975 1193 1066 1235 vult
1087 1194 1193 1236 scire
1214 1194 1371 1236 videri:

296 1264 485 1322 Ingeniis
506 1281 594 1307 non
613 1265 685 1307 ille
705 1265 817 1308 favet
835 1265 1084 1324 plauditque
1100 1266 1288 1323 sepultis,

174 1382 263 1414 mina
277 1381 354 1414 Livi
367 1381 402 1413 in
416 1393 447 1413 v.
465 1382 518 1414 69.
608 1385 744 1420 emicuit,
761 1393 818 1423 pro
832 1383 943 1425 vulga-

174 1425 218 1456 ri:
237 1425 376 1466 placuit;
400 1428 534 1458 emicare
548 1425 698 1457 dicuntur
712 1437 770 1464 res,
786 1438 859 1468 quae
880 1438 945 1467 prae

175 1469 288 1500 ceteris
301 1469 547 1509 pulchritudinis
568 1481 635 1501 suae
657 1469 822 1510 splendore
836 1471 946 1502 oculos

175 1505 218 1543 ad
232 1523 266 1544 se
280 1512 457 1550 advertunt,
467 1513 664 1563 placentque.
749 1516 848 1552 ducit,
863 1515 945 1545 aesti-

175 1563 252 1594 mat,
272 1555 408 1598 judicat,
435 1564 561 1595 censet3
586 1556 630 1587 sic
655 1567 738 1596 saepe
760 1560 885 1594 ducere,
910 1564 946 1588 ut

175 1599 292 1631 docent
308 1599 439 1631 Lexica.
455 1600 539 1631 infra
554 1611 582 1632 v.
602 1600 657 1631 83.

175 1645 299 1680 ducere,
315 1649 347 1674 et
360 1654 456 1683 supra
472 1645 536 1675 Sat.
552 1644 582 1675 Ι.
597 1644 628 1675 6.
644 1643 697 1675 62.
723 1646 884 1686 Magnum
894 1647 948 1676 hoc

174 1697 228 1728 ego
250 1689 351 1724 ἄνω,-
375 1687 590 1728 supplendum
614 1696 722 1719 autem
748 1695 796 1719 est
817 1689 948 1719 omnino

116 1772 118 1774 Ι
175 1729 218 1761 ad
231 1732 339 1762 ducit.-
364 1733 486 1771 vulgus,
513 1738 551 1762 ut
565 1742 703 1771 suprav.
722 1730 775 1762 67.
795 1732 836 1762 ad
858 1733 947 1767 cedit,

175 1780 252 1805 etv.
271 1773 324 1804 68.
343 1773 384 1804 ad
398 1776 487 1815 sapie,
501 1775 600 1816 facit,
611 1775 748 1815 judicat.
833 1777 948 1812 vendit,

174 1815 295 1855 laudat,
318 1817 539 1856 commendat3
563 1818 608 1848 sic
631 1819 748 1858 passim
767 1821 897 1850 vendere
919 1824 951 1848 et

175 1862 355 1898 venditare,-
373 1867 420 1892 est
434 1861 520 1891 enim
535 1861 721 1892 translatum
737 1872 756 1893 a
770 1861 950 1892 mercatori-

177 1905 247 1939 bus,
273 1903 330 1945 qui
356 1904 488 1935 laudant
512 1911 545 1936 et
566 1904 792 1936 commendant
820 1915 948 1943 merces,

176 1957 257 1988 quas
272 1947 407 1978 vendere
421 1948 564 1988 cupiunt.
593 1948 660 1980 Cic.
679 1948 719 1979 ad
744 1950 815 1980 Att.
835 1948 947 1980 XIII.

180 1990 232 2022 12.
257 1993 469 2032 Ligarianam
486 1992 691 2034 (orationem)
712 1991 863 2033 praeclare
876 2004 950 2024 ven·-

178 2037 295 2071 didisti,
321 2036 351 2065 h.
377 2046 419 2073 e.,
442 2042 480 2066 ut
495 2038 575 2067 bene
597 2035 735 2076 explicat
757 2038 947 2068 Ermstius:

178 2083 207 2128 ‘¹‘
215 2078 386 2115 laudando,
402 2085 440 2110 ut
453 2079 613 2121 legeretur
634 2081 674 2111 ab
687 2079 882 2118 hominibus,
903 2080 952 2110 fe-

178 2121 286 2153 cisti.’'

198 2195 201 2198 .
223 2175 253 2196 v.
271 2165 410 2197 76-78.
431 2167 587 2206 Indignor
609 2172 696 2203 cett„
718 2166 851 2208 indigne
872 2167 950 2204 sero,

178 2209 266 2250 quod
280 2210 422 2241 carmina
435 2219 499 2240 non
515 2210 598 2246 ideo,
619 2210 706 2251 quod
720 2221 821 2241 crasse
835 2217 867 2242 et
881 2210 950 2241 ille-

178 2252 264 2293 pide,
291 2253 347 2285 sed
369 2254 444 2294 quia
467 2253 640 2284 recentiore
665 2261 757 2286 aetate
779 2254 952 2294 composita

179 2303 266 2332 sunt,
282 2295 566 2336 reprehenduntur,
582 2303 614 2327 et
628 2298 703 2338 quia
724 2298 862 2338 antiquis
876 2308 951 2337 poe·

180 2340 231 2378 ιίε,
246 2340 336 2382 quasi
349 2340 399 2371 illi
413 2340 492 2372 nihil
507 2340 637 2371 omnino
657 2341 864 2381 peccaverint,
887 2351 953 2373 non

181 2384 284 2422 venia,
300 2384 355 2415 sed
370 2385 471 2415 honor
484 2390 516 2415 et
530 2383 660 2424 praemia
678 2391 862 2425 poscuntur.

226 2438 255 2458 v.
285 2426 338 2458 76.
368 2438 477 2463 crasse,
503 2434 541 2458 ut
566 2438 662 2467 supra
689 2429 753 2459 Sat.
786 2428 836 2459 ΙΙ.
861 2427 892 2459 2.
918 2427 950 2459 3.

181 2482 289 2507 crassa
303 2472 458 2508 Minerva,
475 2476 507 2502 et
521 2470 594 2502 alibi
606 2474 724 2521 pingui
739 2473 895 2508 Minerva,
918 2473 951 2503 h.

181 2525 210 2546 ε.
232 2511 438 2556 ineleganter,
453 2514 587 2550 indocte,
604 2515 724 2546 inscite.

226 2569 256 2588 v.
275 2557 416 2589 79—85.
447 2560 555 2596 Recte,
581 2569 638 2589 nec
661 2570 703 2590 ne
716 2564 788 2589 cett.
838 2558 872 2589 Si
894 2569 954 2599 ego

183 2600 338 2639 dubitem,
353 2610 463 2633 utrum
477 2608 571 2638 recte,
586 2612 627 2631 an
647 2601 754 2632 minus
768 2608 850 2634 recte
869 2602 955 2633 Attae

183 2645 293 2679 fabula
316 2645 351 2676 in
373 2655 500 2676 scenam
514 2655 606 2676 croco
620 2650 652 2676 et
673 2644 802 2676 floribus
826 2651 955 2676 stratam

182 2689 388 2728 producatur,
418 2686 556 2721 clament
591 2694 665 2719 cett.
764 2700 842 2720 croc.
871 2691 953 2730 flor.

180 2734 322 2773 peramb.
341 2735 384 2764 A.
406 2734 540 2770 Fabula,
555 2742 620 2763 non
633 2730 751 2769 fabula,
767 2732 823 2763 sed
837 2732 892 2773 qui
907 2732 954 2763 fa-

185 2775 294 2807 bulam
309 2782 421 2817 agunt,
443 2775 619 2813 histriones,
642 2775 861 2816 perambulent
882 2775 954 2815 pul-

186 2819 262 2858 pita,
277 2829 369 2850 croco
383 2819 540 2851 odorifero
555 2819 682 2859 perfusa
693 2825 724 2849 et
735 2817 864 2850 floribus
879 2829 954 2849 con.

186 2871 300 2900 spersa.
351 2862 527 2894 Commode
541 2863 575 2894 in
589 2863 670 2894 hanc
687 2872 756 2892 rem
777 2863 955 2900 Lambinus

187 2905 294 2936 attulit
314 2906 421 2938 locum
449 2907 591 2938 Lucretii
616 2905 666 2937 11.
685 2903 761 2937 416.
809 2907 856 2939 Ee
881 2917 955 2937 cum

187 2957 278 2979 scena
292 2960 380 2981 croco
397 2952 484 2982 Cilici
494 2951 624 2993 perfusa
646 2961 753 2983 recens
773 2955 830 2982 est.
856 2949 950 2982 Ovid.

683 1603 802 1642 aliquid
823 1607 948 1633 rectum
969 1609 971 1611 '

990 1385 1062 1415 Art.
1081 1383 1156 1414 Am.
1171 1393 1199 1414 v.
1218 1382 1291 1415 104.
1323 1386 1408 1416 Tum
1423 1395 1488 1416 non
1499 1394 1668 1416 marmoreo
1680 1395 1758 1425 pen-

988 1430 1100 1459 debant
1130 1429 1195 1458 vela
1224 1430 1353 1465 theatro,
1384 1429 1456 1460 Nec
1470 1429 1614 1470 suerunt
1640 1429 1758 1468 liquido

982 1473 1107 1511 pulpita
1122 1472 1218 1502 rubra
1234 1482 1330 1503 croco.
1343 1489 1388 1496 —
1404 1471 1550 1508 Fabulae,
1565 1481 1646 1512 quas
1659 1471 1758 1510 scrip-

988 1514 1029 1545 sit
1043 1520 1134 1551 poeta
1151 1514 1286 1545 Latinus
1300 1516 1389 1551 Atta,
1411 1525 1565 1556 magnum
1584 1513 1670 1554 apud
1687 1514 1757 1544 Ro-

989 1567 1100 1588 manos
1113 1557 1261 1596 plausum
1276 1557 1397 1596 tulisse,
1421 1568 1462 1588 ex
1485 1558 1546 1589 boc
1566 1557 1637 1588 loco
1650 1556 1758 1599 colligi

990 1606 1102 1641 potest.

1034 1655 1063 1674 v.
1082 1642 1135 1675 81.
1150 1650 1263 1685 patres.
1279 1643 1435 1683 seniores3
1454 1645 1596 1685 patribus
1610 1643 1660 1675 vel
1679 1645 1760 1676 seni-

990 1687 1072 1719 bus*
1062 1697 1095 1718 m
1110 1698 1139 1718 v.
1158 1687 1212 1718 85.
1231 1694 1436 1728 opponuntur
1449 1689 1484 1719 in
1498 1698 1527 1719 v.
1545 1686 1599 1719 84
1611 1689 1756 1721 mitiores·

1035 1741 1063 1761 v.
1082 1730 1135 1762 82.
1156 1733 1302 1772 AEsoJms,
1330 1731 1444 1762 nobilis
1463 1730 1689 1781 tragoediarum
1708 1741 1761 1762 ac-

993 1781 1051 1810 tor,
1067 1781 1198 1805 vocatur
1218 1776 1321 1815 gravis
1336 1776 1378 1805 ob
1391 1774 1536 1814 gravium
1555 1784 1760 1815 personarum

993 1825 1096 1858 partes
1108 1817 1143 1847 in
1158 1818 1320 1859 tragoediis
1332 1816 1546 1858 suscipiendas
1559 1825 1592 1849 et
1605 1817 1763 1852 mutinen-

993 1861 1067 1900 das;
1093 1861 1205 1893 Cicero
1218 1861 1314 1902 hujus
1327 1861 1450 1901 AEmpi,
1465 1872 1560 1904 quem
1575 1867 1614 1893 ut
1627 1858 1764 1894 familia-

993 1915 1061 1937 rem
1087 1915 1182 1936 suum
1205 1905 1323 1942 laudat,
1355 1904 1469 1946 (Offic.
1495 1904 1524 1936 Ι.
1549 1904 1625 1944 31.)
1646 1915 1764 1951 pamm
1827 1927 1840 1955 ,Ι

993 1948 1188 1980 mentionem
1202 1948 1297 1986 facit3
1313 1947 1376 1979 vid.
1391 1950 1516 1981 Ernett.
1533 1949 1568 1980 in
1585 1948 1673 1981 Clav.
1695 1947 1763 1980 Cic.

997 1990 1084 2034 Hist.
1103 2002 1126 2022 s.
1147 2002 1176 2022 v.
1195 1993 1341 2032 AEsopus.
1370 1992 1423 2024 De
1438 1992 1519 2025 AEso
1519 1992 1644 2033 pifilio,
1658 1991 1763 2025 bomi-

994 2045 1035 2065 ne
1050 2035 1206 2077 flagitioso
1220 2041 1252 2068 et
1265 2036 1411 2077 prodigo,
1425 2035 1510 2068 conf.
1526 2046 1622 2077 supra
1635 2034 1677 2067 ad
1693 2035 1760 2070 Sat.

995 2079 1108 2158 deli-0312
1110 2078 1296 2160 .319305cium,
1309 2133 1403 2164 quem
1414 2123 1448 2154 in
1459 2122 1609 2162 peculiari
1623 2122 1763 2153 oratione

995 2172 1106 2197 conta-a
1119 2167 1370 2197 criminationem
1391 2166 1530 2208 aliquam
1551 2164 1703 2203 defendit,
1725 2172 1764 2196 ut

995 2220 1159 2240 summum
1174 2210 1219 2240 rei
1241 2210 1372 2241 scenicae
1393 2210 1545 2242 artificem
1559 2210 1624 2240 sive
1637 2209 1763 2240 histrio-

994 2263 1069 2284 nem
1093 2253 1354 2293 perfectissimum
1377 2252 1419 2284 ad
1442 2253 1559 2285 coelum
1581 2262 1682 2293 usque
1706 2262 1762 2282 ex-

994 2296 1087 2335 tollit,
1102 2297 1174 2328 vide
1196 2297 1281 2337 apud
1304 2297 1509 2330 Lambinum.
1558 2295 1672 2327 Unum
1693 2293 1776 2327 tam*

995 2347 1066 2370 tum
1105 2341 1234 2373 afferam
1258 2350 1298 2370 ex
1330 2340 1420 2372 Orat·
1450 2349 1509 2380 pro
1534 2339 1633 2370 Arcb.
1668 2338 1759 2371 Poet.

996 2394 1063 2424 cap.
1077 2383 1109 2415 8.
1161 2385 1237 2420 Quis
1250 2390 1393 2416 nostrum
1406 2385 1512 2415 animo
1526 2389 1594 2415 tam
1607 2385 1720 2424 agresti
1733 2389 1764 2414 et

997 2430 1076 2460 duro
1089 2429 1174 2470 sitit,
1189 2433 1226 2459 ut
1243 2429 1348 2460 Roscii
1360 2433 1457 2458 morte
1477 2437 1582 2469 nuper
1601 2438 1667 2458 non
1681 2438 1765 2458 com-

997 2477 1172 2506 moveretur
1181 2472 1199 2502 ?
1249 2472 1312 2506 Qui
1325 2482 1399 2503 cum
1413 2475 1490 2502 esset
1501 2481 1592 2503 senez
1607 2471 1777 2506 mortuus

998 2521 1105 2547 tamen
1116 2521 1238 2555 mopter
1251 2516 1441 2546 excellentem
1455 2520 1554 2545 artem
1569 2525 1607 2546 ac
1619 2519 1765 2547 venusta-

997 2564 1070 2597 tem,
1079 2559 1189 2600 (quam
1201 2557 1383 2588 ostendebat
1392 2564 1461 2589 toto
1468 2557 1606 2608 corporis
1615 2557 1724 2589 habitu
1731 2565 1764 2589 et

997 2601 1152 2650 gestibus)
1161 2602 1319 2632 videbatur
1328 2602 1451 2634 omnino
1460 2602 1539 2632 mori
1548 2613 1612 2633 non
1619 2602 1766 2633 debuisse.

1001 2643 1155 2676 Roscium
1170 2645 1334 2685 egregium
1350 2644 1443 2684 plane
1458 2644 1641 2675 histrionem
1653 2643 1761 2679 suase.
1773 2642 1776 2646 ’

997 2687 1072 2719 inde
1094 2697 1220 2729 quoque
1245 2693 1340 2727 patet,
1366 2687 1462 2729 quod,
1488 2688 1515 2718 si
1539 2688 1611 2729 quis
1631 2683 1764 2719 artificio

998 2732 1104 2773 aliquo
1125 2731 1300 2768 excelleret,
1323 2731 1508 2770 proverbiali
1522 2731 1588 2762 sere
1602 2731 1763 2763 locutione

996 2777 1033 2807 in
1055 2786 1111 2806 mo
1132 2785 1245 2815 genere
1276 2776 1403 2807 Roscius
1427 2775 1600 2806 dicebaxur.
1630 2775 1696 2813 Οἱς.
1721 2774 1764 2806 de

1000 2818 1090 2850 Orat.
1108 2817 1138 2849 1.
1156 2828 1222 2857 cap.
1238 2817 1292 2849 28.
1309 2817 1384 2849 hinc
1397 2819 1437 2850 ab
1454 2818 1636 2850 Horatioh.
1653 2818 1676 2850 l.
1692 2820 1763 2850 doc-

997 2869 1048 2895 tus
1068 2868 1206 2892 vocatur.

1041 2916 1071 2936 v.
1089 2903 1142 2940 84⁴,
1157 2904 1211 2935 85.
1238 2907 1298 2941 Vel,
1314 2906 1389 2947 quia
1403 2911 1475 2937 cett.
1506 2906 1570 2937 Vel
1583 2904 1658 2947 quia
1670 2909 1762 2945 mrpe

998 2955 1122 3022 peutant,
1136 2948 1163 2980 si
1178 2958 1267 2981 senes
1280 2948 1320 2981 ad
1330 2948 1498 2991 juniorum
1512 2948 1699 2982 seutentiam
1713 2958 1763 2980 se-

1571 148 1680 197 [Lm.
1703 159 1752 189 11.
1769 176 1775 189 -.

1262 2081 1404 2116 Roscius.
1426 2079 1505 2116 loca,
1527 2080 1561 2110 in
1576 2078 1692 2121 quibus
1708 2077 1763 2110 ci-
1775 2112 1777 2115 ,

1876 3152 1904 3250 κ
