1904 3250
190 181 277 220 454

218 307 274 345 20
309 304 492 347 Furtivis
513 302 673 346 nudata
694 303 919 345 coloribus.

828 178 1137 221 HORATII

1612 188 1721 237 [Lm.
1745 200 1774 228 1.

983 303 1206 361 Ipsebquid
1226 305 1384 349 audes?

307 376 419 427 Quae
440 377 600 418 circum
620 375 769 416 volitas
790 375 911 432 agilis
932 374 1113 432 thyma?
1141 391 1228 419 non
1248 379 1325 420 tibi
1344 394 1522 435 parvum

307 446 545 504 Ingenium,
568 459 654 486 non
675 444 882 486 incultum
903 454 980 495 est,
1002 447 1282 502 nec-turpiter
1302 447 1474 492 hirtum.

309 519 393 561 Seu
413 518 603 575 linguam
624 517 760 559 causis
782 517 910 568 acuis,
934 533 1008 559 seu
1029 518 1162 561 civica
1174 520 1274 576 jura

307 587 586 643 Respondere
606 602 745 643 paras,
769 602 844 629 seu
865 588 1013 629 condis
1035 589 1216 632 amabile
1236 605 1433 643 carmen3

218 659 274 697 25
308 656 452 698 Prima
471 656 580 699 feres
602 656 774 699 hederae
795 657 978 699 victricis
998 659 1201 713 praemia:
1234 660 1387 716 quodsi

306 728 479 786 Frigida
500 745 698 772 curarum
718 729 905 772 fomenta
925 730 1164 787 relinquere
1183 746 1344 787 posses,

305 801 407 851 Quo
427 810 470 844 te
490 802 673 845 coelestis
694 803 906 859 sapientia.
918 802 1106 853 duceret,
1127 804 1223 845 ires.
1246 854 1250 857 Ι

307 870 406 913 Hoc
426 887 548 928 opus,
570 872 654 914 hoc
675 872 862 914 studium
882 873 1003 928 parvi
1023 887 1303 929 properemus
1324 882 1367 916 et
1387 875 1530 931 ampli,

307 945 352 987 Si
372 945 523 1001 patriae
544 946 753 997 volumus,
777 947 812 987 si
833 946 956 988 nobis
977 946 1118 988 vivere
1140 946 1240 988 cari.

221 1017 279 1055 30
310 1014 457 1057 Debes
479 1015 562 1057 hoc
583 1016 710 1057 etiam
731 1015 978 1066 rescribere,
1002 1015 1037 1057 si
1058 1016 1135 1058 tibi
1156 1031 1284 1066 curae,

305 1086 491 1137 Quantae
513 1089 748 1139 conveniat,
773 1087 1020 1130 Munatius:
1053 1103 1107 1130 an
1128 1088 1239 1131 male
1260 1097 1373 1130 sarta

304 1157 456 1200 Gratia
475 1159 756 1216 nequicquam
779 1158 876 1209 coit,
899 1166 941 1199 et
961 1157 1249 1200 rescinditur?

1311 1158 1371 1200 At
1390 1174 1478 1210 vos,

304 1229 389 1271 Seu
411 1230 572 1272 calidus
595 1231 780 1289 sanguis,
804 1245 878 1272 seu
899 1244 1042 1271 rerum
1063 1230 1229 1271 inscitia
1249 1238 1376 1272 vexat

303 1298 518 1341 Indomita
538 1301 702 1342 cervice
721 1299 847 1350 feros,
870 1298 1113 1356 ubicunque
1134 1298 1327 1341 locorum

214 1375 270 1414 35
302 1371 468 1423 Vivitis,
490 1373 655 1431 indigni
675 1372 909 1414 fraternum
930 1386 1128 1428 rumpere
1148 1371 1301 1413 foedus.

306 1444 499 1487 Pascitur
520 1446 564 1486 in
587 1453 770 1487 vestrum
792 1444 977 1488 reditum
997 1445 1138 1486 votiva
1150 1445 1346 1501 juvenca.

187 1576 354 1611 cornicula,
385 1575 468 1607 sicut
492 1575 665 1613 cornicula,
691 1575 732 1606 cf.
759 1576 799 1607 ad
822 1575 955 1616 praeced.

186 1619 292 1660 Epist.
306 1629 336 1650 v.
352 1617 406 1650 42.
499 1620 645 1651 Furtivis
658 1621 783 1652 nudata
799 1621 958 1656 coloribus,

185 1668 283 1694 exuta
303 1662 444 1703 pulchris
472 1662 603 1703 pavonis
629 1663 751 1703 pennis,
780 1673 860 1704 quas
885 1673 959 1694 suas

186 1706 304 1737 fecerat
316 1705 489 1737 cornicula.
580 1708 653 1747 Ipse
667 1708 742 1748 quid
756 1709 852 1738 audes
861 1706 879 1737 ?
901 1706 959 1737 tibi

184 1749 386 1781 tractandum
399 1749 692 1791 perficiendumque
705 1750 844 1781 sumsisti
853 1750 868 1780 ἰ’
892 1751 961 1791 agi-

130 1813 133 1815 —
185 1795 232 1831 lis,
246 1793 330 1824 sicut
343 1794 432 1834 agilis
448 1793 495 1836 (h.
512 1803 541 1824 e.
558 1793 684 1834 sedula)
700 1793 775 1832 apis.
803 1793 961 1825 Horatius

185 1847 282 1877 supra
302 1836 366 1868 Od.
387 1836 451 1867 IV.
469 1836 500 1867 2.
519 1835 573 1867 27.
592 1836 633 1867 de
647 1847 681 1867 se
694 1836 781 1876 ipso:
808 1847 872 1877 ego,
894 1838 960 1878 apis

185 1882 321 1912 Matinae
350 1882 442 1912 More
469 1883 630 1921 modoque,
672 1881 771 1912 Grata
806 1882 961 1921 carpentis

184 1926 291 1966 thyma
308 1935 370 1964 per
391 1925 527 1955 laborem
542 1925 736 1959 Plurimum,
752 1941 797 1948 —
813 1926 962 1956 Carmina

175 1970 278 2012 fingo,
294 1967 350 1998 ubi
366 1966 447 2004 vide,
462 1977 535 2008 quae
549 1966 590 1997 de
604 1966 839 2007 comparatione
853 1973 962 2007 poeta-

185 2022 257 2042 rum
273 2020 349 2042 cum
370 2010 482 2051 apibus
504 2009 596 2041 flores
617 2010 818 2051 carpentibus
838 2010 961 2042 notavi-

185 2065 268 2086 mus.

229 2109 257 2129 v.
278 2097 332 2128 22.
360 2100 431 2138 Ing.
457 2099 589 2135 hirtum,
622 2097 790 2139 ingenium
820 2107 886 2128 non
907 2107 962 2128 ex*

186 2141 309 2174 cultum
332 2147 535 2181 comparatur
558 2151 632 2172 cum
659 2151 747 2183 agro,
771 2141 838 2182 qui,
853 2141 960 2173 sinon

187 2185 312 2224 colitur,
328 2185 475 2225 vepribus
489 2191 521 2215 et
543 2184 641 2225 spinis
654 2185 757 2216 hirtus
771 2191 803 2216 et
817 2184 962 2226 hispidus

185 2236 242 2261 est·

229 2284 260 2304 v.
274 2272 328 2310 23,
345 2271 399 2303 24.
425 2275 486 2304 Seu
507 2273 584 2312 ling.
611 2283 697 2303 caus.
723 2273 823 2309 acuis,
849 2282 906 2303 seu
929 2277 961 2302 te

185 2317 226 2348 ad
242 2327 352 2348 causas
367 2322 459 2347 acute
473 2322 505 2347 et
519 2316 632 2346 diserte
654 2316 688 2346 in
708 2315 838 2356 judiciis
852 2315 960 2347 dicen-

186 2361 243 2392 das
257 2367 290 2391 te
304 2370 479 2400 praeparas3
503 2369 629 2390 causam
650 2359 683 2389 in
701 2359 832 2401 judiciis
846 2358 962 2390 dicturi

188 2404 275 2445 apud
303 2404 491 2436 Ciceronem
519 2412 646 2443 quoque
680 2403 770 2434 Orat.
802 2402 874 2433 111.
904 2401 958 2434 30.

187 2449 348 2490 eleganter
369 2449 512 2487 linguam
542 2449 585 2477 ad
606 2448 775 2478 dicendum
798 2457 911 2478 acuere
932 2452 962 2478 et

183 2494 357 2534 procudere
372 2490 541 2527 dicuntum
564 2496 596 2519 et
608 2489 653 2520 sic
668 2489 754 2529 apud
769 2489 908 2520 eundem
922 2489 963 2520 ad

191 2535 291 2567 Attio.
309 2535 358 2566 ΙΙ.
379 2533 410 2564 7.
435 2544 467 2565 se
481 2544 593 2564 acuere
608 2535 651 2564 ad
665 2534 795 2575 aliquid.
823 2532 964 2563 Pindaro

192 2579 286 2621 Pyth.
308 2579 337 2609 Ι.
354 2577 408 2609 86.
426 2577 486 2608 hoc
501 2576 617 2607 dicitur
639 2577 800 2618 χαλκεύειν
823 2577 964 2616 γλῦσσαν

191 2625 260 2665 τρίς
275 2636 337 2654 τινι.
357 2621 419 2652 vid.
431 2619 588 2651 eruditam
601 2621 730 2651 Boelclcii
744 2625 852 2651 notam
870 2619 963 2650 Tom.

188 2668 240 2698 ΙΙ.
262 2666 300 2697 P.
320 2665 371 2696 11.
389 2674 462 2706 pag.
480 2663 556 2694 238.
611 2665 697 2694 civic.
702 2663 785 2703 jura
802 2665 959 2703 Respond.

186 2711 297 2751 —jus
311 2712 494 2750 reslmndcre.
507 2717 564 2747 pro
576 2719 584 2737 ι
611 2706 651 2737 de
660 2706 734 2747 jure
755 2706 957 2746 respondere,

185 2754 247 2785 vid.
267 2755 398 2785 Ernest.
411 2752 445 2782 in
463 2750 552 2783 Clav.
574 2750 641 2782 cic.
655 2761 679 2782 s.
699 2761 728 2781 v.
746 2751 938 2790 respondere.

226 2809 256 2828 v.
284 2795 339 2827 25.
359 2799 478 2827 hedera
504 2797 593 2826 victr-
615 2795 761 2834 praemia,
777 2803 872 2832 supra
890 2792 954 2824 Od.

186 2842 213 2871 1.
251 2840 279 2872 1.
314 2839 367 2871 29.
401 2841 456 2871 Με
485 2841 649 2870 doctarum
678 2839 798 2868 hederoe
822 2838 957 2876 Jmcmia

169 2886 339 2926 j'ronlium
350 2899 362 2921 ‚·
386 2883 441 2915 ubi
455 2882 516 2913 vid·
530 2887 597 2913 not.

226 2939 254 2958 v.
272 2927 325 2963 26,
350 2926 404 2958 27.
431 2928 540 2968 quodsi
566 2926 698 2966 Frigida
728 2935 880 2956 curarum
897 2925 955 2966 fo-

181 2978 285 3003 menta
311 2974 364 3003 rel.
387 2981 498 3012 posses,
525 2975 596 3001 cett.
616 2978 745 3015 sensus:
772 2966 884 3010 quodsi
900 2977 954 2998 cu-

1002 1585 1063 1614 ras,
1085 1585 1164 1617 quas
1184 1574 1281 1612 fovea
1300 1573 1412 1616 ejicere
1426 1584 1532 1615 posses
1546 1585 1585 1606 ex
1601 1575 1718 1616 animo,
1734 1578 1774 1609 ad

1002 1619 1122 1656 altiora,
1139 1628 1205 1660 quo
1226 1625 1258 1649 te
1280 1618 1410 1650 duceret
1430 1618 1546 1650 divinae
1571 1619 1702 1661 originis
1725 1632 1776 1653 sa-

1002 1662 1130 1703 pientia,
1147 1662 1329 1698 eveherer-is»,
1344 1662 1377 1693 h.
1394 1672 1422 1693 e.
1441 1662 1564 1693 virtutis
1577 1669 1610 1694 et
1624 1663 1776 1696 doctrinae

1002 1706 1105 1747 gloria
1133 1706 1326 1745 conspicuus
1345 1705 1626 1745 exsplendesceres.
1676 1707 1776 1739 Vide-

1003 1755 1057 1780 tur
1082 1748 1239 1780 Horatius
1267 1748 1363 1780 Floro
1383 1749 1514 1780 mollius
1527 1751 1714 1790 exprobrare
1726 1751 1776 1782 di-

1003 1792 1150 1823 vitiarum
1173 1792 1390 1832 cupiditatem,
1411 1802 1486 1834 quae
1499 1802 1604 1834 neque
1615 1800 1777 1833 parantur,

1005 1846 1110 1877 neque
1138 1835 1338 1875 possidentur
1359 1836 1427 1866 sine
1455 1835 1559 1875 curis;
1594 1837 1651 1867 has
1677 1837 1779 1879 igitur

1005 1889 1107 1917 curaS,
1123 1889 1202 1920 quas
1215 1879 1306 1910 alunt
1328 1885 1361 1910 et
1367 1881 1483 1921 fovent
1497 1880 1593 1918 avari,
1615 1880 1778 1922 eleganter

1005 1929 1097 1954 vocat
1111 1934 1269 1954 curarum
1272 1924 1435 1966 fomenta,
1451 1929 1484 1954 et
1497 1922 1627 1964 quidem
1637 1925 1776 1967 ffigida,

1005 1967 1081 2008 quia
1108 1973 1231 2006 pectus,
1255 1966 1344 2007 quod
1369 1966 1493 1997 virtutis
1520 1977 1628 1998 amore
1646 1968 1778 1999 accendi

1005 2009 1056 2041 vel
1079 2010 1204 2050 poetico
1229 2010 1342 2049 spiritu
1370 2009 1557 2041 incalescere
1578 2010 1682 2050 debet,
1703 2011 1778 2043 red-

1005 2054 1265 2095 duntsrigidum.

1049 2107 1080 2128 v.
1097 2095 1151 2127 28.
1178 2098 1250 2129 Ηοσ
1271 2108 1359 2138 opus,
1385 2099 1440 2129 hoc
1465 2098 1604 2129 studium
1619 2103 1692 2129 cett.
1705 2107 1777 2129 sen-

1005 2151 1076 2172 sus:
1119 2140 1190 2171 Nos
1218 2150 1330 2172 omnes
1357 2140 1456 2183 igitur
1484 2141 1659 2180 superiores
1686 2151 1777 2183 aeque

1006 2191 1101 2226 atque
1115 2183 1218 2214 infimi
1234 2194 1362 2215 summo
1382 2183 1489 2215 studio
1509 2194 1603 2225 agere
1623 2184 1777 2216 debemus

1005 2229 1049 2266 id,
1079 2234 1126 2264 ut,
1154 2226 1181 2258 si
1206 2234 1238 2258 et
1260 2227 1370 2268 patriae
1394 2233 1427 2258 et
1449 2227 1540 2258 nobis
1561 2226 1624 2258 cari
1645 2227 1776 2260 evadere

1005 2271 1163 2308 volumus,
1192 2271 1276 2302 curis
1297 2281 1336 2301 ex
1358 2270 1466 2302 animo
1485 2270 1586 2311 pulsis
1599 2270 1707 2302 virtuti
1721 2282 1775 2303 ex-

1005 2314 1149 2347 ercendae
1162 2314 1395 2345 adsuescamus.

1049 2369 1078 2389 v.
1098 2356 1237 2388 30-35.
1264 2359 1291 2389 si
1315 2358 1369 2389 tibi
1393 2367 1480 2389 curce
1506 2362 1579 2388 cett.
1611 2359 1638 2389 si
1663 2359 1775 2399 (num)

1007 2403 1177 2434 Munatius
1190 2402 1245 2432 tibi
1259 2401 1300 2431 sit
1313 2406 1411 2432 tantae
1424 2411 1518 2438 ουτω,
1535 2407 1665 2442 quantae
1678 2402 1705 2432 is
1719 2403 1777 2433 tibi

1007 2456 1092 2477 curae
1120 2451 1187 2476 esse
1216 2445 1378 2476 conveniat
1408 2444 1479 2485 (par
1501 2443 1569 2484 sit),
1592 2445 1624 2475 h.
1642 2455 1671 2476 e.
1696 2455 1776 2476 num

1007 2488 1146 2520 studiose
1163 2488 1209 2518 ita
1233 2497 1309 2529 erga
1330 2493 1467 2518 veterem
1490 2488 1629 2519 amicum
1655 2488 1776 2520 Muna-

1008 2532 1090 2563 tium
1108 2537 1141 2562 te
1162 2540 1263 2572 geraS,
1287 2531 1335 2562 uti
1357 2540 1432 2572 erga
1453 2529 1547 2561 illum
1561 2537 1592 2562 te
1606 2542 1715 2572 gerere
1728 2532 1778 2564 sas

1008 2575 1070 2614 sit3
1093 2574 1247 2605 discordia
1267 2573 1384 2605 scilicet
1407 2574 1489 2605 inter
1506 2573 1636 2606 Florum
1651 2581 1683 2606 et
1697 2576 1777 2607 Mu-

1007 2619 1129 2650 natium
1143 2617 1275 2659 gliscere
1289 2623 1435 2657 coeperat.
1524 2629 1569 2650 an
1590 2621 1671 2651 male
1690 2626 1776 2651 sarta

1012 2663 1122 2695 Gratia
1143 2667 1230 2697 cett..
1254 2671 1295 2691 an
1319 2660 1430 2703 (male)
1453 2661 1639 2693 simulanter
1652 2665 1778 2694 tantum

1003 2704 1203 2736 reconciliata
1217 2705 1300 2735 inter
1314 2713 1369 2735 vos
1385 2710 1432 2735 est
1450 2704 1561 2746 gratia,
1588 2712 1621 2736 et
1643 2716 1774 2738 renova-

1003 2755 1072 2780 tum
1087 2747 1233 2779 amicitiae
1247 2746 1352 2778 foedus
1367 2747 1408 2779 de
1422 2747 1548 2790 integro
1561 2749 1774 2780 rescinditur?

1003 2810 1047 2818 —-
1059 2798 1144 2824 sarta
1156 2808 1200 2815 —
1209 2793 1265 2822 coit
1276 2807 1321 2816 --
1329 2793 1526 2828 rescinditur,
1543 2793 1694 2825 translata
1707 2793 1776 2824 haec

1002 2839 1078 2867 sunt
1092 2846 1112 2866 a
1127 2834 1318 2871 vulneribus,
1334 2845 1419 2876 quae,
1435 2842 1473 2866 ut
1487 2842 1599 2875 coeant,
1615 2846 1776 2868 consuun-

1001 2887 1054 2910 tur
1067 2885 1099 2910 et
1112 2877 1314 2919 colligantur,
1337 2885 1403 2916 aut,
1431 2885 1598 2920 postquam
1620 2879 1774 2918 coierunt,

1001 2924 1235 2955 rescinduntur.
1329 2924 1373 2953 At
1395 2934 1445 2954 vos
1467 2929 1539 2954 cett.
1568 2923 1616 2954 At
1630 2933 1694 2962 vos,
1710 2923 1775 2954 sive

1001 2966 1099 2998 animi
1113 2965 1225 3004 servor,
1242 2976 1296 2997 seu
1312 2976 1417 2998 rerum
1432 2966 1557 2999 inscitia
1574 2968 1660 3010 (nosz
1687 2968 1774 3003 miss-
