1904 3250
155 139 239 177 262

270 261 435 312 Senem,
458 262 572 319 quod
592 276 736 303 omnes
758 261 934 311 rideant,

784 137 1087 182 HORATII

1496 146 1653 196 [CARM.
1675 156 1713 185 ν.

957 262 1193 306 adulterum

384 332 561 375 Latrent
584 333 818 375 Suburanae
834 347 977 383 canes,

268 405 416 447 Nardo
436 412 699 462 perunctum,
722 404 846 461 quale
867 420 953 446 non
972 405 1200 462 perfectius

181 476 236 514 60
386 473 500 515 Meae
522 472 752 514 laborarint
772 487 933 514 manus.

270 545 386 595 Quid
406 543 589 587 accidit?
618 559 694 586 cur
714 544 808 587 dira
827 545 1020 587 barbarae
1041 547 1179 588 minus

385 617 560 658 Venena
583 616 753 659 Medeae
774 617 926 668 valent,
943 632 946 633 ⁷

269 690 436 739 Quibus
458 690 682 746 superbam
702 689 810 747 fugit
830 690 918 732 ulta
937 691 1131 747 pellicem

386 758 537 817 Magni
561 759 756 801 Creontis
778 757 921 810 filiam,

180 832 234 870 65
267 827 413 877 Quum
432 828 558 884 palla,
580 828 680 870 tabo
701 844 853 870 munus
873 829 1095 880 imbutum,
1119 846 1271 873 novam

382 897 587 939 Incendio
608 906 784 954 nuptam
805 897 1010 940 abstulit?

266 968 398 1024 Atqui
418 983 496 1010 nec
516 967 661 1018 herba,
687 967 919 1010 neclatens
941 968 984 1009 in
1005 970 1166 1024 asperis

385 1039 527 1082 Radix
547 1039 693 1082 fefellit
713 1055 780 1082 me
800 1040 917 1082 locis.

267 1111 476 1154 Indormit
495 1113 631 1154 unctis
653 1113 841 1154 om'nium
863 1112 1070 1154 cubilibus

181 1186 237 1224 70
388 1183 614 1226 Oblivione
634 1185 844 1241 pellicum.

150 1319 227 1350 mihi
249 1330 356 1351 senem
370 1331 390 1351 a
404 1321 618 1352 meretricibus
643 1323 816 1354 Suburanis
830 1323 850 1336 ''
875 1323 918 1354 ita

151 1364 259 1395 effert:
290 1364 406 1402 Facite,
430 1374 545 1405 quaeso,
572 1366 603 1397 Ο
629 1366 719 1402 Deae,
745 1373 782 1397 ut
812 1366 919 1398 media

150 1413 243 1437 nocte
259 1407 391 1446 Varum,
414 1408 523 1446 nardo,
545 1409 638 1450 quale
660 1409 774 1440 melius
793 1416 826 1441 et
847 1420 917 1450 per-

150 1451 264 1482 fectius
292 1461 354 1492 ego
383 1461 545 1493 nunquam
572 1452 651 1483 mihi
679 1453 848 1484 confecisse
872 1453 917 1483 vi-

150 1494 236 1531 deor,
268 1501 466 1534 perunctum,
499 1506 591 1527 canes
618 1497 653 1526 in
682 1496 751 1527 vico
794 1497 918 1528 Subura

150 1543 266 1576 petant.
284 1545 316 1568 et
336 1538 458 1576 latratu,
483 1538 524 1569 de
545 1549 608 1580 qua
628 1550 662 1570 re
687 1550 797 1571 omnes
818 1541 917 1570 risum

149 1581 271 1619 tollant,
287 1580 726 1624 redeuntemrpersequantur.
787 1609 791 1611 ,
815 1585 915 1616 Subu-

148 1636 238 1656 ranae
259 1636 361 1661 canes,
390 1625 424 1655 in
447 1625 517 1656 vico
545 1627 632 1656 enim
656 1629 790 1664 Subura,
812 1638 837 1658 s.
856 1631 915 1660 Su-

149 1669 256 1705 bur-ra,
265 1668 413 1709 nequitiae
427 1679 493 1699 suae
508 1669 666 1701 officinam
678 1671 835 1701 habebant
848 1681 915 1702 me-

131 1711 296 1749 retricem
329 1711 403 1743 hinc
428 1712 513 1752 apud
537 1713 634 1744 Mart.
663 1714 727 1744 VI.
756 1714 809 1745 66.
838 1725 868 1746 v.
897 1714 913 1745 l

148 1765 233 1796 seqq.
245 1754 285 1785 de
299 1765 443 1794 praecone
458 1756 596 1795 puellam
611 1757 782 1788 vendente:
802 1760 916 1790 Famae

146 1809 212 1830 non
225 1799 357 1830 nimium
373 1800 460 1831 bonae
472 1801 617 1839 puellam,
638 1803 751 1837 Quales
765 1803 799 1834 in
815 1804 915 1833 media

147 1843 253 1873 sedent
276 1843 427 1878 Saburra,
453 1845 610 1876 Vendebat.
623 1847 711 1876 modo
723 1856 822 1885 praeco
844 1847 916 1877 Gel-

147 1886 261 1917 nanus.
285 1885 325 1916 cf.
346 1885 432 1916 Pers.
454 1886 494 1917 V.
513 1886 568 1918 32.
655 1891 753 1920 nardo
770 1895 914 1929 perunct.

147 1938 204 1967 per
217 1931 358 1960 nardum
376 1930 510 1961 Canidia
525 1941 589 1962 non
603 1932 726 1971 proprie
740 1939 917 1974 unguenta,

147 1972 264 2012 quibus
290 1973 365 2003 alias
387 1974 532 2005 homines
556 1976 749 2006 venustiores
769 1976 820 2006 vel
841 1976 918 2007 ridi-

146 2014 235 2046 culos
263 2015 342 2046 adeo
365 2027 454 2047 senes
476 2017 545 2059 (cn.
561 2018 667 2049 Plaut.
697 2019 802 2050 casin.
838 2020 912 2050 Act.

147 2057 199 2088 11.
221 2058 270 2089 Sc.
289 2058 340 2099 3.)
364 2060 478 2098 puellis
501 2060 644 2099 placendi
667 2073 761 2093 causa
782 2073 816 2093 se
837 2062 917 2093 deli-

146 2100 251 2132 buisse
265 2109 395 2140 constat,
411 2103 467 2134 sed
481 2104 554 2134 satis
568 2104 648 2135 salse
662 2112 831 2136 venenatas
843 2107 914 2136 her-

146 2145 212 2182 bas,
223 2155 359 2186 quarum
374 2147 403 2176 vi
419 2157 505 2178 nunc
519 2147 635 2181 adduci
649 2148 782 2180 debebat
798 2149 912 2187 Varus,

113 2225 117 2228 ι
146 2187 336 2220 intellexisse
361 2190 494 2227 videtur,
521 2191 599 2222 alias
627 2202 693 2222 non
721 2192 909 2224 addidisset:

145 2233 234 2272 quale
255 2244 319 2265 non
335 2234 505 2274 perfectius
523 2235 569 2275 (h.
588 2245 615 2265 e.
634 2235 807 2274 efficacius)
831 2238 915 2268 Meoe

146 2277 319 2308 laborarint
333 2288 457 2308 manus.
504 2278 637 2309 Canidia
658 2278 754 2316 enim,
770 2285 808 2310 ut
821 2290 914 2311 vene·

147 2318 217 2355 fica,
233 2329 299 2350 non
313 2319 458 2356 nardum,
475 2320 529 2351 sed
552 2331 672 2354 venena
693 2324 822 2363 parabat
842 2324 918 2353 mis-

147 2364 309 2403 cebatque,
325 2373 384 2395 nec
398 2363 490 2394 facile
506 2364 651 2402 nardum,
667 2376 731 2406 quo
745 2372 917 2406 perunctus

146 2406 360 2438 meretricibus
369 2407 503 2448 placeret
516 2408 627 2444 Varus,
641 2408 670 2440 ei
681 2409 918 2450 suppeditatum

145 2448 266 2481 fnisset·
382 2472 388 2483 ι
415 2478 420 2484 .
653 2481 655 2484 ›
686 2472 693 2484 '-
716 2484 719 2485 γ
833 2471 835 2474 “

193 2503 219 2524 v.
239 2492 378 2526 61-70.
408 2496 489 2531 Quid
501 2497 611 2526 accidit
626 2496 643 2526 θ’
661 2502 805 2528 cuv-cett.
837 2497 914 2528 Non

146 2546 214 2567 uno
238 2538 439 2570 tenorehoec
467 2538 575 2569 omnia
603 2540 836 2578 pronunciasse,
861 2540 916 2571 sed

146 2580 320 2611 orationem
342 2577 512 2618 interdum,
534 2588 572 2613 ut
593 2593 642 2612 res
662 2583 791 2620 ferebat,
819 2584 915 2615 Cani-

147 2623 233 2654 diam
254 2625 427 2658 inhibuisse
447 2631 533 2665 puta.
584 2626 668 2656 Cum
690 2626 796 2667 igitur,
827 2637 915 2658 com-

145 2677 252 2705 pressa
288 2669 356 2709 jam
395 2668 617 2710 aliquantisper
654 2679 738 2706 voce,
778 2670 912 2707 Varum,

146 2720 242 2748 quem
278 2712 319 2743 ad
356 2723 389 2743 se
424 2712 599 2744 rediturum
618 2713 701 2743 'esse
729 2720 914 2752 speraverat,

146 2754 261 2785 frustra
275 2761 482 2796 exspectasset
497 2755 650 2793 Canidia3
665 2762 734 2787 tum
750 2756 804 2786 illa
818 2766 915 2787 morae

146 2798 313 2837 impatiens
335 2806 367 2830 et
388 2798 658 2841 indignatione-de
673 2809 756 2830 vano
774 2799 914 2830 incanta-

146 2841 241 2871 tionis
263 2853 330 2873 suae
351 2843 467 2874 effectu
491 2843 584 2884 plena
604 2842 638 2873 in
660 2844 727 2873 haec
742 2843 807 2873 fere
822 2844 913 2873 verba

146 2886 301 2923 erumpit:
345 2891 367 2906 “
386 2887 475 2923 Quid
518 2886 651 2921 tandem.
689 2886 810 2922 accidit,
855 2896 912 2917 cur

146 2927 252 2958 miuus
282 2940 367 2960 nunc
396 2931 459 2961 vim
489 2941 579 2962 suam
617 2936 764 2962 exserunt
791 2939 910 2960 venena

961 1324 1037 1355 alias
1065 1324 1304 1356 efficacissima?
1366 1326 1465 1368 Atqui
1491 1336 1552 1369 ego
1579 1327 1723 1359 omnium

960 1369 1127 1399 herbarum
1153 1375 1375 1400 venenatarum
1401 1380 1472 1400 sum
1498 1371 1724 1403 scientissima!

962 1411 1180 1442 Nihilominus
1199 1412 1302 1443 Varus
1316 1412 1466 1444 indormit
1481 1424 1566 1444 nunc
1579 1414 1723 1445 omnium

960 1454 1109 1494 pellicum
1131 1455 1295 1491 cubilibus,
1317 1456 1527 1487 medicamine
1549 1457 1637 1498 quasi
1665 1457 1724 1487 ali-

959 1498 1143 1572 {luoz'quog
1164 1499 1227 1572 mgi
1244 1499 1439 1572 {bhv-ignem
1463 1500 1724 1574 inducanEinlfec·

975 1551 1019 1573 is,
1147 1552 1189 1581 pu
1276 1553 1304 1572 ir
1327 1552 1334 1572 ι
1362 1553 1416 1573 um
1447 1553 1573 1584 quoque
1636 1554 1718 1585 cog.

961 1585 1069 1616 VIII.
1085 1586 1223 1616 venefica
1237 1585 1282 1616 ita
1303 1553 1429 1617 {armen
1449 1596 1545 1617 suum
1560 1586 1721 1624 decantat,

958 1634 996 1659 ut
1032 1637 1181 1659 eventum
1216 1629 1434 1660 incantationis
1467 1629 1661 1670 expectando
1687 1631 1723 1661 in

959 1672 1063 1703 media
1083 1672 1224 1703 oratione
1244 1673 1467 1714 aliquantisper
1490 1673 1654 1711 subsistam
1676 1673 1723 1705 dc

959 1715 1043 1746 enim
1065 1715 1170 1746 illav.
1194 1714 1267 1746 101.
1306 1719 1372 1748 Fer
1399 1719 1527 1752 cineres.
1556 1718 1723 1758 Amor-3111,

958 1759 1062 1801 foras,
1085 1761 1211 1801 vivoque
1221 1761 1345 1802 fluenti
1363 1762 1524 1802 Tzon-tque
1537 1762 1724 1801 caputjace,

958 1814 1016 1834 nec
1051 1805 1235 1843 raperer-im
1266 1805 1313 1834 his
1342 1814 1394 1844 ego
1428 1805 1578 1844 Daphnin
1604 1805 1725 1844 Adgre-

959 1847 1029 1877 diar
1039 1861 1051 1882 ,-
1073 1862 1075 1864 ·
1085 1846 1152 1886 jam
1193 1852 1336 1886 expectat
1364 1846 1547 1878 redeuntem
1576 1847 1724 1878 abrurbe

963 1889 1198 1930 Daphnin,>qui
1214 1900 1288 1921 cum
1307 1889 1490 1930 interposita
1510 1889 1616 1931 aliqua
1635 1899 1724 1921 mora

960 1942 1026 1963 non
1040 1933 1184 1970 venisset,
1200 1938 1271 1964 tum
1292 1932 1421 1964 demum
1442 1933 1549 1965 addit:
1575 1934 1654 1966 nihil
1673 1935 1725 1966 ille

960 1978 1037 2012 deos,
1053 1978 1255 2008 nil-carmina
1270 1983 1370 2009 curat.
1445 1988 1504 2009 cur
1516 1979 1587 2008 dira
1606 1987 1725 2009 venena

960 2021 1090 2056 Medea,
1113 2030 1187 2050 cum
1211 2020 1327 2051 Medea
1347 2030 1382 2052 se
1402 2026 1561 2060 comparat
1577 2019 1722 2058 Canidia,

960 2069 992 2094 et
1005 2073 1101 2104 quam
1117 2063 1203 2101 illius
1223 2074 1344 2095 venena
1364 2063 1428 2094 vim
1449 2063 1593 2094 habuisse
1612 2062 1723 2095 feruu-

957 2113 1020 2143 tur,
1036 2106 1170 2138 eandem
1191 2107 1261 2138 suis⁴
1277 2117 1403 2148 quoque
1423 2107 1553 2138 venenis
1575 2105 1721 2142 vindicat,

959 2150 1005 2180 uti
1014 2149 1160 2181 (venefica
1173 2149 1259 2190 apud
1276 2150 1493 2183 Theocriell.
1509 2149 1724 2192 15.,Φι’ςμιιι

958 2194 1050 2225 «ταῦθ’
1076 2192 1184 2248 {3301aeoe
1205 2194 1334 2236 χερείονι
1348 2194 1425 2234 μήτε
1448 2207 1477 2225 τι
1500 2193 1619 2236 Κίρκης,
1642 2193 1724 2226 Μότι

958 2250 987 2267 τι
1005 2235 1139 2274 Μηδειις,
1160 2237 1235 2274 μήτι
1256 2238 1368 2276 {av-925
1392 2235 1560 2279 Πυραμίδα.
1649 2236 1722 2266 bar-

956 2281 1048 2317 baroe,
1067 2279 1234 2311 Colchicae.
1258 2308 1261 2311 s
1279 2281 1439 2321 superbam
1449 2281 1600 2320 pellicem,
1621 2278 1722 2310 Creu-

960 2333 1027 2353 sam
1052 2334 1076 2354 s.
1106 2322 1259 2359 Glaucen,
1280 2325 1322 2354 ob
1344 2323 1591 2363 honoremque
1610 2323 1650 2352 ab
1663 2320 1723 2354 Ja-

960 2377 1037 2397 sone
1062 2366 1188 2397 Medeae
1209 2365 1337 2406 praelata
1356 2365 1468 2401 fuerat,
1484 2363 1660 2406 ,magnifice
1688 2375 1723 2396 se

960 2420 1047 2441 nunc
1067 2409 1290 2447 extollentem3
1323 2408 1482 2440 simillime
1501 2415 1607 2441 autem
1628 2418 1723 2449 supra
1765 2415 1775 2420 “

959 2452 1063 2493 Εροᾶ.
1077 2452 1109 2483 3.
1130 2451 1180 2484 14ι
1199 2452 1238 2485 de
1255 2451 1387 2484 Medea:
1416 2453 1486 2484 Hoc
1499 2453 1719 2484 delibucisuua

957 2498 1046 2528 donis
1061 2497 1212 2537 pellicem,
1234 2496 1481 2537 Ser-{watefugit
1500 2497 1585 2532 alite,
1606 2494 1663 2527 ubi
1681 2495 1722 2526 de

958 2541 1018 2570 hac
1032 2550 1066 2569 re
1079 2539 1121 2570 cf.
1139 2545 1204 2569 not.
1230 2540 1296 2570 tabo
1311 2539 1611 2575 munurrimbubu'm,
1625 2548 1722 2579 quam

960 2582 1107 2625 (pallam)
1129 2592 1251 2613 veneno
1272 2581 1422 2613 infectam
1443 2587 1482 2613 ut
1505 2591 1624 2612 munus
1637 2591 1721 2621 nup-

957 2626 1031 2658 tiale
1070 2626 1210 2658 Creusae,
1233 2625 1368 2656 miserat.
1401 2626 1520 2668 fefdlit
1547 2635 1607 2662 me,
1636 2624 1722 2666 fugit

957 2679 1061 2700 meam
1076 2668 1151 2700 artis
1170 2669 1302 2710 magicae
1323 2668 1464 2708 peritiam
1476 2680 1488 2706 ;
1574 2669 1722 2700 cubilibus

958 2715 1064 2745 unctis
1083 2710 1249 2749 ‘oblimbnffl
1273 2711 1397 2749 cubilia,
1425 2711 1479 2743 ubi
1500 2721 1587 2742 nunc
1607 2711 1723 2743 latebat

961 2757 1075 2792 Varus,
1118 2755 1260 2787 Canidiae
1295 2755 1388 2794 plane
1420 2755 1596 2791 immemor,
1608 2784 1611 2787 Δ
1625 2755 1722 2795 paulo

957 2799 1122 2830 sublimius
1149 2804 1246 2830 uncta
1275 2799 1417 2830 oblivione
1445 2798 1605 2836 dicuntur,
1629 2799 1660 2828 b.
1689 2808 1719 2829 e.

957 2841 1111 2884 ejusmodi
1133 2842 1222 2883 quasi
1246 2841 1348 2873 herbis
1362 2841 1492 2879 imbuta.
1507 2852 1578 2883 quae
1592 2840 1722 2875 oblivio·

958 2896 1030 2917 nem
1046 2886 1254 2917 offunderent.
