1904 3250
156 147 248 185 322

795 143 1111 187 HORATII.

1577 147 1689 196 [Lm.
1710 158 1743 186 1·

249 314 252 316 ,
277 270 409 312 Furta
428 271 671 320 latrociniis,
702 276 744 310 et
763 269 928 325 magnis
946 269 1268 324 parva'mineris

276 339 403 382 Falce
424 340 656 381 recisurum
679 337 803 378 simili
822 345 880 387 te,
902 337 936 377 si
957 337 1034 378 tibi
1054 352 1236 395 regnum

277 411 532 453 Permittant
549 410 755 451 homines.

162 482 243 522 125

819 409 865 451 Si
885 408 1114 466 dives,-qui
1133 410 1298 466 sapiens
1318 419 1396 463 est,

276 480 334 522 Et
354 489 472 522 sutor
492 480 629 521 bonus
651 485 694 519 et
714 477 830 519 solus
849 477 1059 519 formosus
1081 485 1126 520 et
1144 486 1305 521 est·rex
1316 490 1338 530 3'

277 554 367 595 Cur
388 561 522 609 optas,
547 551 664 608 quod
682 551 815 593 habes
827 549 848 592 Ρ
909 550 1012 593 Non
1030 551 1158 602 nosti,
1179 551 1283 608 quid
1301 556 1435 608 pater,
1457 554 1608 612 inquit,

277 623 543 679 Chrysippus
564 621 690 663 dicat.

755 621 931 677 Sapiens
952 621 1149 677 crepidas
1167 622 1248 663 sibi
1266 637 1498 680 nunquam,

275 694 366 735 Nec
388 694 523 735 soleas
543 693 674 736 fecit?
705 702 824 735 sutor
842 702 986 736 tamen
1003 696 1070 736 'est
1089 694 1268 750 sapiens.

1331 693 1451 744 Qui?

274 763 348 814 Ut,
372 764 562 820 quamvis
584 771 695 805 tacet
718 763 1038 821 Hermogenes
1052 772 1200 805 cantor
1219 772 1512 821 tamenatque

157 839 239 877 130

273 835 473 891 Optimus
494 844 558 877 est
578 836 844 886 modulator3
877 845 925 877 ut
941 835 1123 878 Alfenus
1142 836 1272 887 vafer,
1294 837 1413 878 omni

271 905 454 961 Abjecto
474 906 756 946 instrumento
776 905 877 946 artis
899 905 1125 962 clausaque
1146 906 1338 956 taberna,

273 976 402 1018 Sutor
422 986 537 1019 erat:
561 977 736 1034 'sapiens
759 978 900 1033 operis
922 978 982 1019 sic
1003 979 1188 1034 optimus
1209 979 1361 1020 omnis

273 1049 351 1091 Est
372 1049 517 1106 opifex
538 1050 666 1101 solus,
690 1051 751 1092 sic
769 1066 861 1092 rex.

923 1050 1100 1092 Vellunt
1118 1052 1196 1093 tibi
1215 1051 1391 1094 barbam

272 1121 441 1163 Lascivi
461 1123 597 1178 pueri,
621 1138 727 1179 quos
748 1130 795 1164 tu
815 1123 859 1164 ni
879 1122 989 1165 fuste
1011 1139 1192 1175 coerceS‚

159 1194 239 1233 135

273 1191 454 1250 Urgeris
475 1193 601 1234 turba
621 1193 781 1234 circum
801 1200 844 1234 te
865 1200 1001 1234 stante
1022 1193 1234 1250 miserque

274 1264 503 1321 Rumperis
525 1274 567 1306 et
586 1264 728 1315 latras,
751 1280 1006 1322 magnorum
1021 1265 1209 1306 'maxime
1230 1264 1406 1323 regum!

272 1335 340 1378 Ne
360 1337 537 1395 longum
557 1337 731 1379 faciam:
765 1337 868 1378 dum
888 1345 935 1378 tu
957 1334 1192 1393 quadrante
1211 1337 1401 1378 lavatum

273 1405 371 1447 Rex
390 1406 488 1457 ibis,v
507 1421 646 1463 neque
666 1414 707 1448 te
729 1406 952 1463 quisquam
973 1406 1165 1462 stipator,
1186 1406 1380 1462 ineptum

153 1546 341 1587 scriptorum
357 1547 544 1578 anacolutha
558 1546 741 1577 referendus
749 1556 826 1577 esse.
855 1546 931 1576 Ho-

153 1591 271 1621 ratium
286 1590 370 1620 enim
382 1592 450 1632 jam
462 1597 499 1621 ut
511 1601 568 1630 pro
579 1602 618 1622 ne
629 1591 781 1631 posuisse,
793 1589 826 1620 id
838 1590 926 1630 equi-

153 1633 227 1664 dem
243 1634 270 1663 ei
288 1633 439 1675 affingere
454 1633 564 1664 nolim.

197 1687 226 1707 v.
248 1676 320 1707 122.
339 1680 445 1709 Furta
462 1688 504 1708 sc.
523 1677 611 1727 paria
623 1679 803 1709 latrociniis.

197 1731 227 1750 v.
249 1719 321 1751 123.
340 1723 491 1752 similisc.
510 1721 538 1751 ei
554 1721 637 1757 falci,
661 1732 726 1762 qua
749 1730 865 1761 magna
879 1730 929 1750 re-

154 1763 322 1802 ciduntur3
341 1775 468 1796 sensus·
486 1773 518 1795 et
529 1764 668 1800 minaris,
682 1773 712 1794 te
724 1767 827 1804 parvis
839 1774 930 1805 aeque

154 1818 191 1839 ac
205 1807 331 1849 magnis
346 1818 455 1847 parem
470 1818 598 1848 poenam
619 1809 833 1849 irrogaturum
849 1817 928 1844 esse,

154 1852 227 1887 sive,
245 1858 276 1881 te
293 1862 386 1890 parva
401 1862 491 1892 aeque
505 1862 543 1883 ac
564 1861 682 1908 magna
683 1834 829 1882 ‘eadem
837 1861 930 1891 poena

153 1895 342 1926 affecturum
358 1906 435 1926 esse.

217 1937 320 1968 .124.
340 1942 366 1969 si
380 1940 438 1970 tzbi
450 1950 537 1978 regn.
559 1940 666 1970 Perm.
685 1939 833 1975 homines,
850 1948 927 1968 con-

156 1981 240 2013 sulto
262 1993 340 2012 usus
360 1989 407 2013 est
429 1989 522 2022 poeta
543 1983 602 2012 hac
620 1982 790 2017 locutione,
816 1989 853 2012 ut
875 1991 930 2020 per

155 2036 225 2056 eam
240 2025 406 2056 commode
421 2026 565 2056 transiret
579 2025 619 2056 ad
635 2025 842 2055 aliaridenda
860 2025 937 2055 Sto-'

154 2069 275 2099 icorum
291 2069 459 2109 paradoxa,
476 2080 548 2109 quae
570 2069 603 2098 in
627 2070 684 2098 viis
706 2068 841 2108 publicis
863 2079 928 2098 cre-

154 2122 230 2153 pare
258 2114 401 2143 solebant
436 2113 680 2143 Pseudo—Stoici
708 2119 740 2142 et
765 2111 925 2153 aretalogi.

157 2156 210 2187 Tu
226 2155 322 2186 dicis:
356 2159 381 2187 si
396 2158 450 2187 cibi
471 2168 605 2195 regnum
626 2157 814 2197 permittant
830 2157 930 2186 homi-

155 2210 230 2231 nes:
248 2211 308 2231 cur
322 2207 418 2240 optas,
436 2203 519 2241 quod
534 2202 627 2230 habes
638 2201 655 2230 ,ι’
672 2199 727 2240 qui
739 2205 786 2229 est
795 2201 929 2239 sapiens,

156 2243 183 2273 is
198 2250 230 2274 et
244 2255 299 2274 rea·
313 2251 369 2274 est.
461 2245 494 2274 Si
509 2245 590 2274 dives
613 2251 684 2274 cett.
705 2242 744 2273 ad
761 2244 828 2273 haec
843 2250 932 2272 vetus

159 2286 366 2318 scholiastes:
393 2288 486 2318 Stoici
512 2289 687 2318 existimant
706 2287 855 2329 perfectae
879 2297 932 2317 sa-

152 2332 282 2372 pientiae
297 2332 400 2362 virum
421 2332 526 2361 omnia
542 2332 662 2367 habere,
686 2332 721 2360 in
737 2341 798 2371 quo
811 2336 841 2361 et
859 2332 932 2362 Lu-

155 2376 248 2405 cilius
262 2381 402 2405 versalus
418 2376 461 2405 sic
475 2376 517 2404 αῐι
531 2388 542 2404 .-
557 2392 601 2397 -
614 2375 770 2405 IVondum
784 2375 850 2404 hoec
865 2385 932 2404 om-

156 2420 213 2448 nia
228 2419 356 2455 habebit,
373 2419 553 2453 Formosus,
570 2419 661 2452 dives,
678 2418 763 2454 liber,
779 2428 833 2447 rez-
848 2416 929 2448 solu'

156 2469 292 2492 vocetur.
328 2478 331 2481 -

205 2515 232 2534 v.
266 2503 338 2535 126.
367 2505 444 2546 uqid
460 2510 528 2544 pac.
559 2505 758 2544 Clrrysimms,
789 2502 841 2533 hic
870 2503 927 2540 vir,

158 2548 344 2579 venerabilis
368 2548 482 2579 Stoicae
501 2547 710 2596 philosophiae
733 2547 852 2582 doctor,
876 2546 928 2576 cui

163 2591 275 2622 Cicero
306 2592 471 2633 ingenium
496 2591 684 2621 acerrimum
715 2590 835 2626 tribuit,
867 2599 934 2629 prae

159 2636 270 2666 ceteris
295 2635 445 2666 omnibus
469 2635 599 2665 ornabat
629 2633 810 2663 Stoicorum
835 2632 930 2672 porti-

157 2689 253 2716 cum;
276 2678 363 2709 unde
385 2678 468 2709 infra
485 2679 548 2709 Sat.
570 2677 620 2708 11.
639 2676 670 2707 3.
685 2674 739 2706 44.
769 2678 931 2717 Chrys-imni

155 2725 295 2762 porticus
321 2729 350 2754 et
377 2734 461 2763 gret.
544 2722 658 2762 inquit,
688 2720 812 2750 Stoicus
834 2720 931 2750 modo

159 2765 301 2806 loquens.

205 2820 232 2839 v.
255 2808 326 2840 127.
346 2811 485 2850 crepidas
495 2826 539 2834 —
549 2809 653 2839 soleas.
668 2806 835 2836 discrimen
850 2806 932 2836 inter

161 2855 300 2892 crepidas
313 2859 347 2883 et
360 2855 456 2884 soleas
471 2852 538 2882 leve
550 2852 648 2882 fuisse
668 2850 792 2880 videtur
804 2862 813 2887 ;
842 2856 928 2880 utro-

161 2905 223 2935 que
237 2898 322 2926 enim
333 2895 535 2927 calceamenti
548 2904 662 2937 genere
675 2893 791 2934 plantae
804 2900 928 2924 tanturn

162 2940 358 2978 tegebantur.

1016 1556 1046 1576 v.
1062 1544 1133 1576 130.
1149 1548 1287 1589 Alfenus
1300 1548 1397 1590 vafer,
1412 1551 1505 1577 vetus
1521 1545 1626 1578 Schol.
1645 1551 1667 1567 ‘⁸
1681 1547 1755 1578 Ur:

972 1591 1053 1620 bane
1075 1589 1150 1620 satis
1174 1590 1330 1621 Alfenum
1347 1590 1470 1621 Varum
1496 1590 1744 1621 Cremonensem

971 1633 1101 1669 deridet,
1119 1633 1173 1674 qui
1189 1634 1309 1674 abjecta
1323 1633 1452 1668 sutrina,
1476 1644 1572 1674 quam
1587 1633 1621 1663 iu
1638 1634 1745 1664 muni-

971 1677 1054 1716 cipio
1069 1687 1127 1707 suo
1143 1683 1333 1714 exercuerat,
1361 1678 1499 1708 Romam
1515 1676 1610 1714 venit,
1626 1687 1658 1707 m
1703 1676 1711 1683 '

942 1727 1086 1760 troque
1110 1731 1188 1750 usus
1211 1721 1262 1751 Μ.
1284 1720 1425 1760 Sulpicio
1446 1719 1684 1752 Jurisconsulto
1703 1720 1746 1751 ad

974 1770 1094 1794 tantam
1124 1763 1267 1803 pervenit
1291 1763 1464 1800 scientiam,
1487 1770 1525 1794 ut
1545 1770 1578 1794 et
1599 1763 1755 1794 consula-⁴

972 1813 1042 1838 tum
1056 1815 1190 1848 gereret,
1214 1813 1246 1837 et
1259 1808 1389 1847 publico
1409 1807 1522 1838 funere
1543 1805 1746 1838 efferretur-‚⁰

972 1867 1016 1874 ——-
1030 1851 1126 1892 vqfer,
1148 1851 1366 1891 jurisconsulti
1387 1850 1472 1881 enim
1495 1851 1560 1881 sive
1579 1859 1748 1881 causarum

969 1894 1093 1934 patroni
1109 1894 1236 1931 callide,
1252 1894 1337 1935 quod
1353 1904 1457 1925 causae
1471 1904 1539 1925 suae
1552 1893 1658 1924 favere
1673 1903 1746 1934 pos-

970 1938 1020 1972 sit.
1037 1937 1070 1968 in
1086 1946 1189 1976 partes
1204 1945 1337 1976 vocant;
1359 1938 1433 1968 hinc
1448 1937 1532 1968 infra
1553 1937 1616 1968 Sat.
1639 1936 1742 1968 11.·2.
1806 1964 1809 1965 γ

977 1980 1050 2012 131.
1067 1981 1149 2022 vqfri
1163 1983 1287 2013 inscitia
1302 1982 1400 2022 juris.
1440 1981 1536 2012 Adde
1560 1979 1655 2012 Ovid.
1676 1980 1745 2011 He-

974 2025 1051 2055 roid.
1079 2025 1163 2054 XX.
1193 2023 1246 2055 31.
1286 2027 1493 2066 Consultoque
1515 2023 1563 2066 (in
1577 2023 1754 2055 consilium

973 2068 1107 2108 vocato)
1111 2070 1164 2106 fui
1168 2069 1258 2108 juris
1272 2071 1390 2100 Amore
1403 2070 1498 2111 vaser-
1752 2083 1755 2088 ·

1017 2123 1045 2142 v.
1068 2111 1140 2142 132.
1170 2120 1230 2142 sue.
1259 2124 1303 2143 er.
1329 2113 1360 2142 h.
1387 2122 1416 2142 e.
1444 2112 1600 2142 manebat.
1645 2111 1753 2141 Hune

974 2158 1006 2187 A
1007 2157 1133 2198 fenum
1148 2162 1240 2194 poeta
1253 2156 1321 2196 jam
1336 2156 1370 2185 in
1385 2155 1486 2186 verbis
1509 2157 1554 2196 (v.
1577 2152 1648 2184 125
1654 2153 1668 2194 )
1699 2155 1746 2185 Ee

974 2206 1062 2230 sutor
1077 2199 1195 2230 bonus
1186 2209 1219 2228 in
1230 2200 1337 2229 animo
1351 2199 1496 2229 habuisse
1509 2197 1642 2233 videtur,
1654 2197 1747 2237 cujus

975 2253 1102 2279 nomen,
1131 2249 1169 2272 ut
1193 2252 1259 2272 rem
1282 2242 1431 2281 exemplo
1451 2242 1642 2280 comprobet,
1659 2249 1745 2271 nunc

975 2286 1075 2317 affert.
1090 2304 1134 2311 —
1151 2284 1214 2316 133
1235 2296 1288 2327 seq
1326 2287 1398 2316 Vell.
1417 2286 1470 2316 tibi
1494 2285 1579 2315 barb.
1598 2285 1692 2315 Leuc.
1707 2295 1743 2323 p.

976 2329 1017 2359 ad
1046 2340 1093 2366 ea,
1126 2329 1241 2370 quibus
1269 2328 1496 2359 contumeliose
1531 2329 1747 2357 tractabantur

976 2372 1150 2413 aretalogi,
1175 2372 1350 2412 pertinebat
1384 2370 1478 2402 etiam
1514 2369 1651 2406 lascivia,
1682 2378 1753 2411 qua

971 2416 1063 2455 pueri
1076 2417 1216 2454 barbam,
1232 2426 1328 2455 quam
1350 2414 1398 2444 illi
1420 2421 1458 2445 ut
1478 2413 1657 2453 philosophi
1679 2413 1747 2444 ale-

971 2461 1057 2494 bant,
1074 2458 1188 2489 vellere
1203 2458 1367 2496 solebant,·
1388 2458 1428 2488 de
1448 2456 1634 2497 proverbiali
1654 2456 1744 2487 locu-

973 2503 1059 2533 tione
1075 2503 1138 2544 (τὸν
1155 2502 1283 2542 γέγωνε
1307 2502 1421 2533 τίλλειν
1441 2501 1512 2541 τινί)
1526 2510 1605 2540 pro:
1634 2500 1753 2531 haberet

972 2545 1110 2586 aliquem
1125 2545 1270 2579 ludibrio,
1286 2545 1495 2586 ignominiose
1509 2544 1647 2583 aliquem
1663 2550 1744 2574 trac-

975 2597 1052 2626 tare,
1068 2588 1130 2618 vid.
1151 2590 1282 2620 Casaub.
1301 2588 1339 2618 ad
1359 2588 1446 2619 Pers.
1468 2588 1496 2618 1.
1518 2586 1591 2618 133.

1019 2642 1049 2662 v.
1081 2630 1154 2662 136.
1184 2633 1354 2672 Rumperis
1379 2642 1421 2661 sc.
1444 2641 1510 2671 prae
1537 2630 1604 2668 ira;
1630 2637 1744 2661 notum

974 2675 1056 2706 illud
1087 2675 1233 2715 Virgilii:
1269 2675 1400 2716 (Eclog.
1433 2674 1496 2705 VI.
1525 2674 1598 2714 26.)
1628 2676 1749 2707 invidia·

974 2725 1168 2758 rumpantur
1181 2724 1218 2750 ut
1233 2720 1285 2750 ilia
1309 2720 1417 2750 Codro.
1507 2720 1614 2754 latras,
1639 2718 1750 2749 convi-

974 2762 1022 2793 cia
1033 2762 1120 2803 jacis·

998 2816 1048 2835 ·.v
1082 2804 1154 2836 137.
1183 2807 1370 2844 quadrante,
1394 2804 1499 2835 oblata
1522 2811 1634 2846 quarta
1658 2811 1753 2845 parte

974 2850 1068 2886 assis;
1085 2859 1158 2879 nam
1175 2859 1328 2888 pauperes
1343 2849 1495 2879 lavaturi
1488 2858 1519 2878 m
1530 2849 1644 2879 balneo
1658 2857 1746 2878 com-

975 2891 1067 2922 muni
1096 2892 1303 2934 quadrantem
1333 2899 1455 2930 tantum
1485 2891 1659 2924 balneatori
1688 2890 1749 2922 dna

975 2937 1062 2967 bant.
1700 2945 1703 2953 ¹
