1904 3250
150 1833 152 1835 '
193 1828 295 1859 sobrie
324 1828 409 1863 vivis,

203 161 293 200 382

321 283 393 326 Nil
413 284 587 343 dignum
610 297 802 325 sermone
823 298 960 325 canas.

259 360 286 398 5
319 357 609 400 Saturnalibus
630 355 714 396 huc
734 354 910 412 fugisti!

842 158 1148 203 HORATII

1592 166 1700 215 [ma.
1724 175 1774 204 ιι.

1023 283 1141 334 Quid
1160 285 1267 328 fiet?
1297 287 1357 329 At
1377 288 1476 344 ipsis

975 355 1151 398 Sobrius
1172 372 1275 416 ergo

317 427 403 470 Dic
423 426 581 483 aliquid
601 425 780 482 dignum
800 425 1042 480 promissis:
1064 426 1225 483 incipe:
1246 428 1307 470 nil
1327 429 1415 473 est!

319 499 556 555 Culpantur
575 496 733 538 frustra
751 496 916 548 calami,
939 498 1256 556 immeritusque
1274 500 1439 543 laborat

317 572 441 613 Iratis
462 578 584 611 natus
604 569 743 625 paries
764 568 831 611 dis
853 578 980 627 atque
999 572 1151 627 poetis.

316 643 449 700 Atqui
470 642 611 684 vultus
633 650 727 683 erat
746 642 880 684 multa
900 651 942 684 et
962 644 1171 699 praeclara
1186 646 1397 697 minantis,

233 719 283 757 10
317 716 362 758 Si
382 730 567 757 vacuum
586 715 732 771 tepido
753 716 933 771 cepisset
953 716 1099 759 villula
1125 725 1251 770 tecto.

317 787 536 837 Quorsum
557 788 763 845 pertinuit
783 789 939 845 stipare
962 788 1142 832 Platona
1164 789 1440 832 Menandro?

315 861 514 918 Eupolin,
539 862 865 913 Archilochum,
889 860 1063 905 cumites
1084 863 1265 906 educere
1287 863 1456 907 tantos?

316 932 525 974 Invidiam
545 932 713 988 placare
734 947 858 988 paras
879 933 1033 974 virtute
1054 933 1231 976 relicta?

317 1003 613 1054 Contemnere,
636 1004 786 1045 miser:
819 1003 990 1046 vitanda
1011 1013 1074 1046 est
1094 1005 1287 1062 improba
1310 1007 1446 1058 Siren,
1489 1060 1493 1062 ῃ

240 1143 270 1165 v.
283 1132 314 1164 4«.
329 1135 462 1174 dignum
476 1144 627 1171 sermone,
643 1139 820 1165 memoratu
832 1133 967 1174 dignum

200 1177 310 1217 (λόγον
346 1176 446 1216 ἄξιον).

195 1220 317 1251 facies?
338 1221 493 1252 scribesne
507 1220 646 1258 tandem,
662 1231 761 1252 necne
772 1222 786 1251 ?

240 1275 269 1295 v.
283 1263 315 1295 5.
332 1271 367 1296 at
379 1266 452 1304 ipsis
467 1266 684 1296 Saturnalibus
699 1266 904 1308 llucsugisti.
901 1266 912 1287 t
932 1272 964 1295 at

196 1306 310 1338 videris
324 1314 407 1338 certe
428 1306 468 1338 ad
489 1308 689 1338 scribendum
713 1308 870 1348 appulisse
894 1308 962 1338 ani-

196 1361 298 1388 mum,
328 1351 403 1392 quia
424 1353 498 1392 ipsis
524 1353 741 1383 Saturnalibus
765 1362 804 1382 ex
832 1352 964 1391 strepitu

196 1394 293 1432 urbis,
309 1394 365 1425 ubi
378 1405 465 1425 nunc
480 1405 590 1426 omnes
604 1394 720 1425 laetitiae
734 1395 891 1435 genioque
904 1405 964 1425 suo

196 1437 376 1479 indulgent,
404 1438 495 1480 (huc)
525 1438 559 1468 in
592 1438 723 1469 otiosam
746 1445 834 1469 tuam
855 1438 964 1468 villam

199 1481 346 1513 Sabinam
373 1489 404 1512 te
427 1482 579 1521 recepisti.
593 1499 636 1506 -
654 1482 706 1512 De
732 1483 963 1517 Saturnalibus,

197 1535 270 1565 quae
295 1526 327 1555 in
351 1526 536 1556 memoriam
563 1535 666 1556 aureae
689 1525 798 1562 aetatis,
823 1525 878 1555 ubi
904 1526 963 1555 sub

194 1568 341 1608 auspiciis
352 1569 478 1599 Saturni
487 1569 650 1599 communi
661 1569 802 1600 libertate
813 1575 844 1599 et
857 1579 960 1609 aequa-

195 1611 283 1643 litate
297 1612 482 1643 fruebantur
503 1612 656 1649 homines,
679 1622 736 1651 per
757 1611 878 1652 aliquot
898 1612 965 1642 dies

195 1654 270 1685 inde
291 1665 310 1686 a
333 1655 364 1686 d.
386 1655 485 1686 XIV.
507 1655 639 1688 Calend.
665 1656 798 1687 Januar.
817 1655 963 1686 licentius

195 1699 263 1730 sere
278 1706 310 1730 et
327 1698 520 1729 luxuriosius
541 1698 693 1730 celebrari
712 1699 864 1736 solebant,
889 1705 963 1729 nota

195 1749 271 1773 sunt
293 1741 410 1772 omnia.
501 1744 619 1774 sobrius
643 1754 726 1783 ergo,
750 1752 826 1782 ergo
841 1743 875 1772 in
891 1741 964 1772 villa

195 1791 259 1822 tua,
286 1786 342 1816 ubi
367 1786 407 1816 ab
428 1786 548 1816 urbana
569 1785 696 1817 luxuria
716 1792 856 1816 remotus
876 1795 964 1816 nunc

512 1831 561 1860 dic
580 1831 657 1871 aliq.
687 1831 771 1870 dign.
792 1830 962 1869 promissis,

193 1882 272 1903 cane
287 1882 424 1909 carmen,
446 1872 531 1913 quod
546 1872 731 1912 respondeat
752 1872 895 1903 excitatae
909 1882 964 1902 ex-

193 1915 383 1955 pectationi3
408 1926 481 1945 nam
508 1916 674 1952 Horatius,
697 1927 731 1946 se
752 1915 871 1956 aliquid
887 1916 962 1946 scri-

193 1960 268 1990 bere
282 1958 370 1994 velle,
387 1960 414 1990 si
430 1961 482 2000 (ut
496 1969 524 1989 v.
546 1958 596 1990 10.
616 1958 746 1999 dicitur)
769 1970 904 1991 vacuum
918 1966 963 1990 te-

189 2004 262 2043 pido
284 2004 406 2043 cepisset
428 2004 533 2034 villum
556 2009 642 2040 tecto,
666 2002 844 2043 promisisse
873 2002 961 2054 quasi

193 2045 327 2082 videtur,
342 2052 426 2077 certe
440 2048 564 2078 vultum
579 2049 678 2078 multa
694 2053 723 2078 et
734 2048 890 2086 praeclara
903 2048 960 2078 mi-

193 2091 303 2122 nantis
318 2090 351 2119 in
366 2089 440 2120 villa
460 2100 518 2120 sua
532 2100 596 2130 prae
611 2100 644 2121 se
658 2089 785 2121 ferebat.

236 2143 265 2163 v.
284 2132 315 2163 6.
340 2134 451 2173 incipe,
478 2140 509 2163 et
533 2144 620 2172 mox,
646 2133 735 2174 quasi
757 2132 960 2174 aliquamdiu,

193 2175 248 2207 sed
262 2176 378 2207 frustra
393 2183 594 2215 expectasset,
617 2177 705 2208 addit
718 2189 725 2208 ε
752 2179 799 2209 nil
812 2183 868 2214 ese,
882 2176 962 2207 nihil

192 2219 227 2250 in
242 2219 383 2251 medium
398 2219 524 2259 profers.

236 2273 265 2294 v.
290 2262 322 2294 ¹7.
348 2265 522 2295 immeritus
544 2266 647 2304 paries
670 2265 799 2301 laborat,
822 2263 906 2295 male
928 2274 962 2294 se

194 2307 298 2345 habet,
323 2306 407 2337 male
427 2313 588 2344 tractatur,
613 2318 655 2339 sc.
673 2318 693 2338 a
716 2314 817 2347 poeta,
840 2307 905 2349 qui,
928 2318 962 2338 se

193 2349 274 2381 nihil
287 2360 434 2382 versuum
449 2350 586 2390 proferre
600 2362 698 2391 posse,
721 2351 900 2392 iudignanS,
923 2353 959 2382 in

189 2396 342 2435 parietem
356 2395 549 2426 innocentem
566 2394 643 2425 iram
659 2394 805 2429 effundit,
821 2404 960 2434 eumque

191 2437 243 2468 vel
267 2437 377 2478 eapite,
403 2437 452 2468 vel
476 2437 616 2477 pedibus,
641 2438 693 2469 vel
714 2438 859 2468 manibus
881 2437 959 2477 petit

192 2481 376 2522 pulsatque3
394 2482 498 2522 paries
518 2483 701 2518 immeritus,
724 2487 762 2511 ut
775 2491 870 2520 supra
891 2481 955 2512 Od.

194 2525 224 2556 1.
246 2523 296 2556 17.
315 2524 368 2556 28.
387 2526 473 2556 veseis
487 2526 642 2556 immerita
658 2524 757 2555 scindi
772 2524 896 2555 dicitur.

237 2579 267 2599 v.
292 2568 323 2600 8.
353 2570 451 2601 Iratis
472 2574 567 2600 notus
585 2570 689 2608 paries
714 2567 764 2599 dis
789 2574 852 2609 atq.
872 2575 956 2609 poet.

192 2612 279 2653 quod
294 2612 334 2643 ad
348 2612 467 2644 tristem
482 2618 597 2642 sortem
619 2618 729 2642 natum
745 2616 801 2648 est,
824 2611 885 2641 diis
898 2611 958 2642 ira-

195 2656 235 2686 tis
255 2664 365 2687 natum
390 2666 457 2687 esse
478 2654 614 2692 diuitum
638 2655 738 2695 paries
763 2661 881 2692 autem,
903 2655 958 2695 qui

193 2699 272 2730 iram
287 2706 451 2740 poetarum
474 2698 639 2738 experitur,
664 2708 728 2728 non
753 2704 877 2728 tantum
899 2700 958 2729 diis

192 2745 289 2781 iratis,
306 2743 359 2774 sed
375 2743 480 2780 etiam,
495 2741 580 2784 quod
588 2742 696 2783 jocose
710 2741 847 2778 additur,
859 2743 956 2782 poetis

191 2788 279 2819 iratis
294 2793 386 2818 natus
400 2785 523 2817 dicitur.

234 2841 263 2861 v.
283 2830 314 2861 9.
344 2833 447 2862 vultus
471 2835 535 2861 erat
557 2830 716 2865 minantis,
740 2837 797 2867 pro
811 2827 952 2868 vulgari·

194 2873 346 2905 videbaris
371 2873 493 2910 minari,
517 2872 651 2913 speciem
674 2870 823 2902 minantis
837 2881 902 2911 prae
925 2879 956 2902 te

193 2916 331 2956 ferebam
347 2936 391 2944 —
405 2919 523 2950 minari
537 2926 639 2958 neque
651 2914 691 2947 ad
702 2915 810 2946 satiras
820 2915 958 2945 minaces

194 2942 404 2999 referendum,
434 2971 537 3002 neque
566 2969 640 2992 cum
670 2958 768 2990 ironia
796 2957 836 2989 de
865 2957 957 2990 malis

1011 1135 1149 1166 versibus
1163 1135 1303 1173 dictum;
1327 1136 1383 1167 sed
1404 1135 1586 1177 simpliciter
1606 1146 1682 1176 pro:
1708 1147 1775 1168 me-

541 1179 623 1213 Quid
647 1178 740 1220 fiet?
765 1177 842 1218 quid
871 1178 969 1219 igitur
1011 1178 1114 1216 ditari,
1131 1180 1319 1218 promittere,
1342 1179 1456 1210 moliri.
1506 1179 1671 1212 Simillime
1693 1181 1776 1212 infra

1008 1221 1114 1261 Epist.
1134 1223 1162 1253 1.
1182 1222 1211 1253 ¹7.
1231 1223 1263 1254 3.
1297 1225 1329 1255 Si
1353 1229 1481 1263 (μιαν-εἱ,
1503 1226 1579 1265 quid
1598 1235 1702 1264 agam,
1725 1227 1776 1256 dic

1006 1267 1108 1297 mulla
1123 1272 1153 1297 et
1165 1269 1299 1307 pulchra
1314 1269 1489 1299 minantem
1519 1269 1623 1299 Vivere
1637 1279 1696 1300 nec
1709 1280 1775 1300 rec-
1806 1284 1807 1291 1

1006 1315 1035 1340 te
1048 1320 1106 1340 nec
1122 1312 1267 1342 suaviter.

1050 1363 1079 1383 v.
1102 1351 1151 1383 10.
1184 1355 1217 1385 Si
1237 1365 1375 1386 vacuum
1397 1360 1456 1395 rep.
1474 1365 1538 1395 rep.
1563 1356 1624 1386 viu.
1643 1361 1718 1387 tecto
1731 1371 1776 1379 —

1005 1395 1133 1437 elegans
1148 1403 1194 1427 est
1208 1398 1304 1438 hujus
1324 1407 1431 1428 versus
1447 1404 1603 1429 structura
1617 1405 1649 1429 et
1662 1409 1775 1429 nume-

1006 1448 1078 1477 rus;
1102 1451 1238 1472 vacuum
1262 1443 1350 1482 (pro:
1381 1441 1427 1481 te)
1450 1451 1493 1471 sc.
1518 1451 1635 1478 rerum,
1658 1442 1774 1482 quibus

1007 1482 1110 1513 adhuc
1135 1490 1227 1522 poeta
1253 1484 1285 1513 in
1312 1485 1390 1515 urbe
1415 1484 1570 1515 distentus
1594 1484 1716 1523 fuerat;
1739 1485 1773 1515 in

1006 1526 1145 1557 carmine
1170 1526 1365 1566 praecedente
1392 1527 1529 1565 Ofellus,
1553 1528 1698 1564 rusticus,
1720 1540 1774 1559 va-

1007 1580 1089 1601 cuus
1117 1581 1244 1610 operum
1273 1570 1444 1601 dicebatur.
1533 1573 1642 1610 tepido.
1671 1573 1768 1603 Schol.

1010 1616 1107 1654 Cruq.
1133 1616 1261 1645 Amavit
1276 1616 1360 1645 enim
1377 1615 1531 1646 Horatius
1542 1616 1657 1656 ficum
1680 1617 1773 1646 lucu-

1004 1658 1163 1688 lentiorem
1174 1673 1186 1694 ,·
1222 1659 1333 1688 idcirco
1363 1660 1421 1689 sub
1449 1660 1579 1689 hiemem
1607 1660 1727 1690 solebat<
1743 1670 1774 1690 se

1005 1701 1175 1742 tranfferre
1199 1702 1234 1732 in
1260 1702 1363 1732 villam
1388 1707 1515 1741 propter
1541 1702 1699 1741 lignorum
1723 1713 1773 1734 co-

1002 1745 1100 1783 piam.
1148 1743 1210 1774 Sed
1225 1754 1283 1774 nec
1298 1744 1331 1773 in
1348 1745 1435 1780 urbe,
1451 1750 1538 1783 puto.
1555 1744 1681 1784 lignum
1695 1743 1774 1776 defi-

1007 1786 1108 1817 ciebat
1124 1786 1307 1822 Horatium,
1330 1787 1385 1828 qui
1401 1786 1508 1818 villam
1526 1797 1616 1818 suam
1631 1787 1704 1819 ideo
1717 1799 1774 1829 po-

1007 1830 1072 1860 tius
1095 1829 1209 1861 dixisse
1235 1830 1359 1861 videtur
1383 1836 1500 1862 tectum
1525 1832 1674 1872 tepidum,
1689 1832 1721 1862 h.
1743 1843 1770 1863 e.

1007 1880 1144 1914 gratum,
1157 1873 1348 1914 jucundum,
1364 1873 1440 1914 quia
1452 1873 1497 1904 ibi
1510 1873 1545 1904 in
1559 1873 1685 1906 modico
1698 1885 1776 1907 con-

1006 1916 1086 1948 clavi
1101 1917 1216 1948 melius
1230 1927 1344 1957 corpus
1363 1917 1469 1948 fovere
1483 1923 1515 1948 et
1528 1928 1548 1949 a
1561 1917 1678 1960 frigore
1692 1919 1774 1950 tueri

1006 1966 1136 2000 poterat.

1050 2014 1079 2034 v.
1100 2002 1152 2035 11.
1182 2007 1337 2041 Quorsum
1357 2006 1513 2055 pertinuit
1537 2004 1716 2046 (spectavit)
1739 2005 1775 2041 τὶ

1006 2049 1131 2088 ειίρανε,
1153 2058 1211 2088 pro
1232 2047 1374 2089 vulgari.
1403 2049 1437 2078 in
1462 2058 1557 2090 quem
1581 2047 1685 2085 finem,
1709 2059 1774 2091 quo

1006 2091 1138 2122 consilio
1152 2091 1282 2132 stipasti.
1363 2093 1480 2133 stipare
1489 2091 1557 2132 jam
1572 2097 1632 2122 est·
1657 2092 1773 2123 arctius

1005 2134 1162 2176 colligare,
1187 2135 1388 2177 compingere
1412 2141 1445 2166 et
1465 2134 1547 2165 inter
1567 2145 1601 2165 se
1623 2135 1771 2177 jungere,

1005 2179 1092 2218 quod
1113 2178 1160 2216 fit,
1187 2178 1213 2209 si
1235 2178 1331 2210 libros
1351 2188 1512 2220 quoquam
1533 2178 1701 2218 portandos
1722 2178 1771 2208 vel

1004 2221 1162 2253 vehendos
1196 2232 1353 2253 curamus..
1443 2223 1632 2258 Menandro,
1667 2221 1771 2252 Auze-

1004 2265 1116 2303 niensi,
1146 2265 1317 2297 Comoediae
1342 2275 1432 2296 novae
1456 2265 1585 2301 auctori,
1610 2263 1650 2295 ad
1678 2265 1770 2305 cujus

1003 2307 1186 2348 exemplum
1203 2309 1357 2340 Afranius
1373 2307 1492 2351 (Epist.
1517 2307 1568 2338 11.
1592 2305 1620 2337 l.
1641 2306 1714 2347 57.)
1738 2315 1770 2339 et

1005 2352 1173 2383 Terentius
1187 2362 1220 2382 se
1234 2361 1447 2391 composuere.
1491 2351 1640 2382 Ceterum
1654 2350 1706 2382 hic
1720 2351 1768 2382 lo-

1002 2405 1059 2426 cus
1072 2395 1283 2426 memorabilis
1304 2401 1359 2430 est,
1387 2404 1461 2425 cum
1484 2404 1525 2424 ex
1546 2403 1586 2424 eo
1599 2393 1767 2432 discamus,

1001 2448 1135 2479 quorum
1161 2438 1318 2478 praecipue
1338 2437 1522 2477 scriptorum
1545 2437 1679 2468 lectione
1696 2437 1768 2469 Ηο-

1000 2482 1098 2512 ratius
1111 2481 1253 2512 animum
1268 2491 1393 2521 pascere
1406 2479 1518 2511 solitus
1530 2480 1579 2510 sit.

1044 2536 1074 2556 v.
1094 2523 1145 2555 12.
1165 2526 1312 2565 Eupolin.
1325 2523 1409 2555 conf.
1428 2533 1523 2563 supra
1536 2524 1577 2554 ad
1593 2524 1656 2554 Sat.
1677 2524 1706 2555 1.
1731 2523 1764 2556 4.

1006 2567 1034 2598 l.
1112 2570 1343 2603 Archilochum,
1363 2566 1502 2603 Parium,
1518 2567 1664 2597 carminis
1681 2568 1767 2598 Iam-

1002 2611 1062 2642 bici
1086 2610 1268 2650 principem,
1292 2611 1384 2651 cujus
1405 2610 1592 2640 imitatorem
1614 2621 1647 2640 se
1662 2611 1766 2649 ipsum

1001 2654 1163 2694 profitetur
1181 2653 1335 2685 Horatius
1356 2653 1437 2684 infra
1461 2653 1563 2693 Epist.
1590 2653 1690 2684 1.›l9.
1709 2654 1762 2686 23.

1000 2716 1044 2723 —-
1058 2700 1197 2734 educere,
1213 2707 1252 2728 ex
1275 2698 1353 2728 urbe
1375 2703 1481 2727 tecum
1504 2696 1629 2735 ducere,
1651 2705 1765 2738 tantos,

999 2747 1094 2773 tantae
1108 2741 1211 2770 famae.

1042 2795 1070 2814 v.
1092 2783 1142 2815 13.
1169 2785 1327 2815 Invidiam
1342 2800 1385 2807 -
1400 2785 1515 2815 virtute
1535 2785 1654 2821 relicta,
1676 2791 1763 2822 tune,

1000 2827 1175 2858 intermisso
1189 2827 1297 2857 satiras
1312 2826 1466 2857 scribendi
1477 2828 1592 2865 studio,
1602 2827 1762 2866 invidiam,

999 2881 1095 2911 quam
1130 2881 1168 2901 eo
1203 2870 1260 2900 tibi
1295 2869 1445 2907 conflasti,
1478 2870 1602 2910 placare
1634 2871 1763 2903 studea?

1002 2915 1118 2945 Satires
1145 2913 1297 2945 scribendi
1330 2913 1470 2944 studium
1493 2921 1621 2945 vocatur
1652 2917 1763 2952 zm'rtus,

999 2958 1074 2999 quia
1095 2957 1174 2990 illud
1201 2957 1234 2988 in
1249 2956 1411 2997 carpendis
1432 2957 1596 2989 hominum
1619 2958 1709 2997 vitiis,
1732 2965 1765 2990 et
