1904 3250
234 144 316 182 564·

859 136 1164 181 ΗΟΒΑΤΠ

236 270 320 308 255
351 265 535 308 Tardior
555 272 601 305 ut
621 262 748 319 paulo
767 262 1018 320 graviorque
1038 262 1198 304 veniret
1218 263 1270 304 ad
1293 251 1426 314 aureS,

353 338 572 395 Spondeos
594 335 762 377 stabiles
782 335 826 376 in
841 335 939 392 jura
958 343 1134 391 paterna
1152 336 1313 392 recepit

352 409 610 452 Commodus
631 415 674 449 et
691 407 881 463 patiens3
912 422 998 449 non
1018 416 1066 450 ut
1085 407 1139 449 de
1161 407 1259 449 sede
1280 408 1462 450 secunda

351 481 532 523 Cederet
552 487 625 521 aut
645 486 795 536 quarta
815 479 1035 521 sociah’ter.

1100 479 1185 521 Hic
1205 487 1248 521 et
1267 480 1310 521 in
1333 478 1436 522 Acci

350 552 575 595 Nobilibus
596 552 794 594 trimetris
815 560 990 609 apparet
1010 567 1143 603 rarus,
1165 560 1209 594 et
1229 550 1343 593 Enni

234 628 316 665 260

349 623 401 664 In
423 637 589 664 scenam
609 622 758 663 missos
779 637 934 679 magno
955 636 1052 663 cum
1072 621 1260 677 pondere
1280 635 1438 671 versuS‚

348 695 439 737 Aut
458 710 601 751 operae
622 694 768 737 celeris
787 695 964 736 nimium
985 709 1169 751 curaque
1190 695 1382 757 carentiS,

349 765 439 806 Aut
458 764 663 822 ignoratae
683 764 837 820 premit
856 764 957 818 artis
978 764 1151 806 crimine
1171 764 1298 820 turpi.

350 834 449 875 Non
471 834 605 891 quivis
626 834 741 875 videt
760 834 1035 876 immodulata
1053 842 1247 890 poemata
1261 834 1410 891 judeX‚

352 906 409 948 Et
430 906 529 948 data
553 906 756 948 Romanis
777 907 900 949 venia
920 915 986 949 est
1005 907 1179 965 indigna
1197 908 1344 963 poetis·

235 980 319 1019 265
353 977 574 1019 Idcircone
595 992 724 1034 vager
744 977 1009 1034 scribamque
1028 977 1215 1028 licenter,
1238 984 1286 1019 ut
1305 992 1449 1019 omnes

350 1050 528 1091 Visuros
549 1057 723 1106 peccata
741 1058 888 1107 putem
910 1065 1017 1101 mea,
1039 1058 1154 1092 tutus
1175 1058 1217 1092 et
1236 1050 1347 1092 in‘tra

326 1138 334 1147 ·
354 1123 483 1179 Spem
502 1123 637 1164 veniae
658 1122 839 1165 cautus?
898 1123 1039 1165 Vitavi
1060 1124 1240 1181 denique
1262 1123 1442 1180 culpam,

350 1194 450 1237 Non
469 1195 639 1237 laudem
658 1196 806 1237 merui.

869 1196 957 1238 Vos
978 1197 1237 1253 exemplaria
1258 1195 1414 1239 Graeca

351 1263 572 1307 Nocturna
591 1273 754 1308 versate
774 1281 915 1317 manu,
937 1274 1099 1308 versate
1120 1265 1283 1307 diurna.

235 1401 337 1433 usque
351 1390 392 1421 ad
407 1397 583 1422 extremum
597 1402 631 1422 se
645 1390 779 1422 invicem
795 1391 1000 1431 excipiebant,

235 1436 300 1466 sive
314 1442 399 1466 totus
413 1445 520 1466 versus
539 1446 558 1466 a
579 1435 680 1477 p-rima
693 1435 868 1466 iamborum
892 1436 1002 1465 inven-

236 1479 322 1509 tione
337 1478 424 1516 puris
439 1478 551 1510 iambis
565 1478 712 1518 componi
727 1478 854 1510 solebat.

280 1532 308 1553 v.
327 1521 401 1552 256.
427 1524 555 1560 stabiles,
570 1522 730 1563 eleganter
744 1521 873 1561 spondei
889 1521 1000 1552 dicun-

236 1571 289 1596 tur
317 1567 446 1602 stabiles,
473 1566 547 1606 quia
567 1575 630 1596 non
657 1565 774 1596 saliunt
799 1573 1001 1606 curruntque,

235 1609 329 1639 sicuti
344 1609 480 1648 percitus
498 1609 636 1645 Iambus,
652 1608 706 1639 sed
730 1608 867 1648 pondere
881 1619 940 1639 suo
954 1619 1002 1638 re-

236 1652 349 1683 tardati
363 1661 467 1682 moras
482 1651 624 1691 faciunt3
711 1654 747 1684 in
758 1653 840 1693 jura
858 1659 1004 1692 paterna,

236 1695 271 1726 in
281 1696 356 1737 jura
369 1695 427 1726 sibi
443 1695 500 1725 soli
517 1695 621 1727 adhuc
636 1696 769 1736 propria,
783 1696 866 1727 avita
887 1702 918 1726 et
939 1696 1004 1726 hae-

237 1738 368 1770 reditate
381 1738 470 1779 quasi
486 1745 622 1779 accepta.

281 1793 310 1813 v.
330 1781 404 1812 257.
433 1785 625 1818 Commodus,
649 1781 816 1818 officiosus,
839 1781 1004 1822 obsequio-

236 1836 291 1857 sus
318 1827 409 1868 (nos:
432 1825 596 1868 gqfeilltg);
632 1834 669 1856 ut
690 1836 785 1865 supra
809 1824 872 1857 Od.
889 1825 950 1856 lv.
970 1825 1001 1856 8.

240 1868 269 1900 l.
289 1876 320 1900 et
337 1868 439 1908 Epist.
461 1869 511 1900 ΙΙ.
532 1867 560 1899 l.
579 1868 654 1900 227.
744 1881 810 1900 non
832 1875 869 1900 ut
887 1871 925 1900 de
938 1871 1006 1900 sede

237 1923 296 1945 sec.
315 1919 401 1949 cett„
416 1912 460 1942 ita
473 1918 590 1950 tamen,
605 1919 643 1943 ut
656 1911 805 1952 spondeo,
820 1912 855 1942 in
876 1912 1006 1943 societa-

237 1963 303 1987 tem
333 1966 423 1986 suam
453 1962 588 1996 recepto,
620 1956 805 1997 neutiquam
835 1955 1006 1987 secundam

238 2006 296 2030 aut
309 2007 451 2040 quartam
466 1998 572 2030 sedem
593 1999 728 2035 cederet,
750 2000 791 2030 ob
813 1998 1006 2040 singularem

238 2043 369 2074 sortasse
384 2043 459 2078 vim,
475 2052 538 2083 qua
563 2043 617 2074 ille
638 2042 678 2074 ad
701 2053 792 2074 aures
814 2043 847 2073 in
869 2042 1008 2073 secunda

240 2094 272 2118 et
286 2093 396 2128 quarta
411 2085 483 2116 sede
498 2086 622 2118 accidit.

285 2140 312 2160 v.
331 2128 516 2160 258-261.
543 2132 609 2162 Hic
632 2136 662 2162 et
687 2131 722 2161 in
745 2128 828 2162 Acci
848 2135 930 2168 cett,
941 2129 1010 2171 jam

241 2173 398 2204 Horatius
421 2179 547 2213 poetam
578 2173 731 2204 Latinum
756 2173 912 2215 tragicum
941 2174 1004 2204 Ac-

240 2217 327 2248 cium
342 2224 374 2247 et
389 2216 534 2247 Ennium
549 2217 655 2256 carpit,
671 2216 757 2258 quod
773 2224 884 2248 neuter
896 2227 1006 2247 eorum

241 2260 338 2291 iambi
351 2260 385 2290 in
399 2261 539 2291 secunda
560 2267 616 2291 aut
637 2268 748 2302 quarta
771 2261 844 2291 sede
869 2259 1008 2300 ponendi

239 2303 393 2335 rationem
421 2303 553 2341 habuit3
583 2303 644 2341 hic,
670 2304 722 2339 ait,
749 2304 872 2335 iambus
899 2303 932 2334 in
958 2314 1006 2333 se-

242 2347 348 2378 cunda
362 2353 393 2377 et
407 2354 517 2387 quarta
536 2346 609 2378 sede
630 2358 700 2378 raro
723 2353 755 2378 et
776 2347 809 2378 in
839 2347 929 2378 Accii
951 2347 1007 2378 tri-

242 2391 350 2422 metris
373 2390 540 2426 invenitur,
563 2390 711 2432 idemque
733 2391 834 2422 Ennii
858 2390 1009 2428 versibus,

242 2434 318 2476 quia
331 2443 368 2464 ex
385 2433 434 2470 iis,
450 2433 660 2473 spondeorum
685 2434 821 2473 pondere
842 2434 1010 2465 laboranti-

243 2479 313 2514 bus,
330 2477 443 2517 pfflter
456 2477 587 2515 exsulat,
603 2483 658 2508 aut
672 2478 779 2508 nimiae
801 2478 1010 2509 festinationis

243 2531 282 2552 ac
296 2520 509 2561 negligentiae,
533 2527 590 2551 aut
609 2521 684 2551 artis
707 2521 837 2561 poeticae
861 2522 1009 2562 ignoran—

243 2564 297 2595 tiae
325 2570 448 2603 turpem
479 2563 604 2603 culpam
627 2565 791 2595 contraxit.
850 2565 1009 2595 Caeterum

246 2607 402 2639 Horatius
427 2607 636 2647 spondeorum
665 2607 791 2648 pondus
819 2618 909 2639 versu
931 2607 1007 2639 260.

246 2653 305 2694 (In
320 2662 445 2683 scenam
459 2653 562 2682 missos
576 2651 667 2691 cett.)
689 2662 728 2682 ex
750 2651 844 2682 meris
865 2651 1011 2692 spondeis

246 2694 430 2734 composito,
451 2701 489 2725 ut
519 2694 674 2736 Virgilius
700 2695 733 2725 in
763 2694 926 2725 notissimo
955 2695 1010 2725 ino

247 2748 357 2769 versu:
385 2739 443 2770 Illi
456 2740 537 2769 inter
551 2749 613 2770 sese
627 2750 743 2779 magna
758 2740 789 2770 vi
809 2740 932 2770 brachia
955 2740 1011 2770 tol-

247 2783 329 2817 lunt,
345 2781 470 2822 egregie
484 2781 642 2821 expressit.

291 2835 320 2855 v.
334 2824 516 2856 263-268.
544 2827 622 2857 Non
636 2826 733 2867 quivis
747 2831 833 2863 cett,
848 2824 899 2856 hic
914 2825 1012 2863 locus,

248 2868 303 2908 qui
333 2869 423 2899 valde
451 2869 574 2900 vexavit
598 2875 630 2900 et
653 2868 792 2900 exercuit
819 2869 1011 2908 interpretes,

248 2911 379 2943 mutatis
399 2911 659 2952 distinctionibus,
674 2914 753 2945 bene
767 2911 845 2944 mihi
859 2913 1013 2944 cohaerere

1044 1391 1168 1422 videtur
1182 1392 1245 1423 sic:
1270 1396 1291 1412 “
1304 1392 1378 1423 Non
1394 1392 1495 1433 quivis
1509 1391 1635 1433 quidem
1646 1392 1756 1433 judex,
1772 1398 1810 1423 ut

1044 1437 1142 1475 probe
1166 1435 1239 1472 scio,
1269 1435 1548 1466 immodulatorum
1564 1443 1744 1475 poematum
1759 1446 1809 1466 as-

1044 1478 1208 1518 peritatem
1235 1484 1267 1510 et
1287 1479 1362 1509 vitia
1383 1480 1487 1516 sentit,
1503 1486 1534 1510 et
1547 1489 1618 1509 vere
1633 1481 1698 1510 haec
1712 1479 1810 1509 licen-

1044 1523 1098 1559 tia,
1115 1522 1276 1563 (indigna)
1300 1532 1372 1562 quae
1397 1532 1462 1553 non
1483 1523 1550 1554 dari
1572 1522 1714 1558 debebat,
1737 1522 1810 1553 data

1045 1572 1093 1596 est
1110 1565 1263 1596 Romanis
1275 1565 1397 1606 poetis3
1427 1565 1483 1597 sed
1503 1576 1605 1608 egone
1629 1565 1701 1597 ideo
1725 1566 1810 1596 solu-

1047 1609 1110 1639 tius
1134 1615 1165 1639 et
1193 1608 1339 1639 licentius
1371 1609 1503 1641 scribam
1534 1611 1638 1652 (tutus
1667 1608 1810 1648 scilicet.)

1048 1652 1131 1692 quia,
1150 1651 1217 1693 (ut)
1232 1651 1306 1683 licet
1328 1652 1435 1691 sciam,
1458 1663 1568 1684 omnes
1589 1658 1716 1693 peccata
1740 1663 1812 1684 mea

1048 1695 1168 1726 visuros
1182 1706 1256 1731 esse.
1279 1706 1299 1726 a
1320 1696 1559 1736 reprehensione
1571 1702 1670 1734 tutus,
1685 1702 1717 1727 et
1730 1695 1813 1726 intra

1048 1739 1144 1779 hujus
1166 1739 1265 1769 veniae
1286 1749 1374 1778 spem
1397 1739 1540 1782 (caum)
1562 1739 1688 1780 quietus
1708 1746 1740 1770 et
1764 1750 1812 1770 se-

1049 1792 1144 1812 curus
1159 1782 1252 1812 sum?
1279 1782 1368 1818 Quid
1381 1781 1511 1815 tandem
1523 1782 1638 1814 effeci?
1655 1782 1810 1824 (culpam)

1048 1825 1319 1865 reprehensionem
1333 1825 1439 1864 vitavi,
1453 1836 1518 1857 non
1532 1825 1659 1857 laudem
1673 1825 1812 1857 merui.’¹

1051 1869 1092 1900 In
1109 1879 1198 1899 versu
1220 1867 1294 1900 267.
1313 1879 1420 1900 vocem
1443 1875 1557 1902 cautus
1581 1879 1743 1909 perperam
1766 1870 1816 1899 in.

1049 1919 1199 1952 terpretes
1212 1913 1385 1952 explicant:
1411 1913 1467 1954 qui
1487 1912 1547 1944 sibi
1566 1918 1654 1944 cavet
1667 1920 1699 1944 et
1713 1913 1815 1952 provi-

1050 1955 1113 1993 det,
1134 1955 1304 1995 providus;
1338 1956 1438 1988 immo
1458 1963 1571 1989 cautus
1586 1957 1655 1998 jam
1680 1962 1737 1994 est,
1761 1956 1813 1988 cui

1050 2006 1178 2030 cautum
1201 2005 1233 2030 et
1260 1999 1419 2039 provisum
1449 2006 1506 2038 est,
1537 2010 1674 2036 securus,
1703 2005 1814 2038 tutus3

1050 2041 1195 2082 exempla
1219 2043 1424 2074 Ciceroniana
1445 2044 1509 2075 vid.
1532 2042 1619 2084 apud
1631 2045 1760 2076 Emest.
1779 2043 1814 2073 in

1054 2086 1143 2118 Clav.
1170 2086 1237 2117 Cic.
1263 2097 1287 2117 s.
1314 2097 1342 2117 v.
1361 2093 1482 2129 cautas.
1509 2087 1632 2119 Lucan.
1651 2086 1716 2118 IV.
1733 2084 1811 2118 409.

1052 2136 1166 2162 cautus
1180 2131 1217 2161 ab
1232 2132 1360 2162 incursu
1375 2132 1454 2162 belli.
1680 2161 1683 2165 ,

1092 2184 1120 2204 v.
1138 2172 1215 2204 268.
1247 2175 1302 2205 Vos
1315 2176 1498 2217 exemplaria
1517 2175 1627 2206 Graeca
1641 2178 1713 2206 cett.
1736 2173 1815 2211 Vos,

1053 2217 1195 2253 Pisones,
1212 2217 1308 2248 nolite
1322 2228 1361 2248 ex
1377 2217 1522 2248 manibus
1541 2216 1697 2256 deponere
1718 2216 1816 2257 scrip-

1050 2267 1132 2292 tores
1161 2260 1300 2298 Graecos,
1327 2267 1365 2291 ut
1387 2262 1427 2292 ab
1447 2260 1486 2291 iis
1505 2259 1661 2291 imbibnfis
1673 2259 1816 2299 virtutes,

1049 2315 1128 2346 quas
1142 2305 1244 2334 bonus
1257 2303 1387 2344 scriptor
1400 2303 1509 2335 sectari
1524 2303 1627 2334 debet.

1092 2358 1121 2379 v.
1146 2346 1231 2378 27l.⁴
1246 2349 1393 2379 niminm‘
1405 2349 1568 2389 patienter,
1589 2346 1685 2377 nimis
1708 2346 1815 2378 indul-

1052 2397 1173 2434 genter.
1221 2391 1377 2422 Horatius
1415 2390 1528 2431 passim
1565 2389 1668 2432 tangit
1707 2390 1816 2422 Plauti

1052 2435 1150 2472 vitia;
1172 2444 1267 2474 supra
1289 2434 1391 2474 Epist.
1411 2434 1462 2465 11.
1482 2432 1511 2464 1.
1530 2431 1583 2464 58.
1602 2433 1733 2464 nimiam
1753 2434 1817 2466 fes-

1051 2477 1238 2510 tinationem
1261 2477 1291 2508 ei
1312 2478 1496 2518 exprobrat3
1520 2477 1562 2508 cf.
1579 2487 1674 2517 supra
1698 2477 1733 2507 in
1757 2479 1815 2510 hac

1053 2522 1157 2562 Epist.
1176 2531 1204 2551 v.
1222 2519 1276 2551 54.

1096 2575 1125 2596 v.
1142 2563 1217 2595 272.
1242 2566 1268 2596 si
1287 2566 1375 2596 modo
1398 2576 1451 2605 ego
1471 2569 1500 2595 et
1520 2575 1581 2600 vos,
1605 2563 1646 2594 sit
1665 2564 1710 2595 ita
1730 2574 1815 2602 tane,

1053 2607 1226 2639 dummodo
1247 2618 1308 2649 ego
1322 2615 1354 2638 et
1368 2618 1432 2645 vos,
1451 2607 1592 2645 Pisones,
1615 2607 1818 2639 didicerimus

1052 2651 1156 2692 lepida
1168 2651 1332 2692 sejungere
1346 2657 1378 2682 et
1390 2650 1564 2682 discernere
1577 2652 1616 2682 ab
1629 2650 1772 2690 illepidis.

1096 2706 1126 2726 v.
1151 2693 1227 2726 2¹74.
1251 2696 1501 2737 Legitimumque
1521 2706 1645 2732 sonum,
1660 2693 1818 2735 legitimos

1054 2748 1203 2770 numeros
1228 2745 1260 2769 et
1283 2737 1388 2777 pedes.
1471 2739 1557 2782 dpgie.
1582 2739 1652 2770 call.
1677 2743 1707 2770 et
1728 2750 1816 2775 aure,

1054 2782 1111 2824 qui
1126 2792 1232 2813 versus
1246 2781 1376 2819 faciunt,
1392 2786 1457 2812 tam
1472 2781 1587 2823 digitos
1601 2782 1634 2812 in
1649 2791 1817 2812 numeran-

1037 2826 1104 2861 „dis
1127 2832 1160 2857 et
1175 2824 1348 2866 jungendis
1369 2824 1501 2865 pedibus
1521 2826 1556 2856 in
1576 2831 1679 2866 partes
1699 2831 1818 2861 vocant,

1054 2879 1149 2912 quam
1164 2878 1255 2899 aures
1269 2869 1449 2900 consulunt,

1100 2923 1128 2944 v.
1153 2910 1336 2943 275-2Q
1364 2914 1562 2954 Praeceptum
1583 2913 1734 2946 decimum
1756 2922 1820 2943 sea·-
