1904 3250
224 193 307 234 540

826 216 829 218 -
859 183 1166 234 HORAT-II
1198 186 1202 189 ’

1616 199 1725 248 [Lm.
1749 204 1797 236 ιι.

342 317 408 360 Te
429 308 647 359 dominum
669 315 817 365 sentit3
850 315 926 357 das
946 308 1332 375 nummos,'accipis
1353 335 1491 372 uvam,

343 387 510 438 Pullos,v
526 402 618 437 ova,
641 385 794 427 cadum
815 386 981 428 temeti:
1012 402 1166 443 nempe
1185 388 1314 430 modo
1333 390 1414 432 isto

342 456 553 499 Paulatim
571 455 772 497 mercaris
793 470 957 513 agrum,
979 455 1158 499 fortasse
1178 459 1388 511 trecentis,
1408 474 1409 477 ¹

230 533 309 572 165
342 530 432 571 Aut
452 528 582 570 etiam
597 517 741 584 supra,
763 543 1037 570 nummorum
1055 529 1241 571 millibus
1259 538 1433 574 emtum.

340 598 459 648 Quid
478 597 620 648 refert,
642 592 1001 640 vivasnumerato
1021 614 1171 656 nuper,
1194 600 1403 643 an'olim?

339 671 490 712 Emtor
512 671 677 712 Aricini
698 665 915 728 quondam
936 671 1126 714 Veientis
1147 680 1190 715 et
1209 674 1298 715 arvi

337 743 511 785 Emtum
533 751 673 785 coenat
687 736 806 795 olus,
822 745 1012 801 quamvis
1034 745 1156 787 aliter
1174 753 1318 802 putat3
1350 748 1471 789 emtis

336 814 426 856 Sub
446 818 615 855 noctem
634 813 820 871 gelidam
840 814 966 872 lignis
995 814 1216 858 calefactat
1236 808 1422 859 ahenum
1433 834 1445 867 ;

226 890 305 928 170
340 886 426 929 Sed
446 895 569 928 vocat
589 902 724 944 usque
746 902 882 938 suum,
916 903 1001 944 qua
1020 878 1204 944 populus
1226 889 1361 932 adsita
1382 892 1507 933 certis

335 959 562 1002 Limitibus
583 960 722 1002 vicina
741 959 897 1018 refugit
910 961 1078 1018 jurgia3
1110 968 1311 1018 tanquam
1431 969 1435 972 '

335 1033 399 1075 Sit
418 1033 639 1088 proprium
661 1033 907 1090 quidquam,
930 1041 1090 1089 puncto
1112 1034 1227 1090 quod
1248 1035 1417 1077 mobilis
1438 1035 1570 1087 horae,

334 1101 461 1144 Nunc
481 1117 621 1158 prece,
642 1117 757 1144 nunc
777 1103 929 1158 pretio,
952 1117 1066 1144 nunc
1090 1103 1143 1154 vi,
1166 1118 1282 1145 nunc
1302 1112 1415 1147 sorte
1437 1120 1646 1161 suprema,

215 1243 378 1284 mancipat
402 1253 489 1281 usus,
512 1243 568 1285 qui
593 1243 735 1276 fructum
764 1254 805 1275 ex
827 1244 933 1287 aliqua
953 1255 987 1276 re

215 1287 309 1326 capit,
324 1286 352 1316 is
365 1286 426 1317 boc
439 1287 562 1319 fructus
576 1287 651 1319 inde
662 1288 806 1328 capiendi
817 1299 878 1319 usu
894 1290 985 1332 (usu-

216 1329 363 1370 capione)
379 1330 447 1360 refu
461 1340 553 1362 suam
567 1337 599 1362 et
612 1332 769 1372 propriam
785 1332 871 1363 facit.

259 1384 288 1404 v.
310 1372 383 1404 160.
401 1380 476 1406 tuus
492 1381 546 1412 est,
569 1383 719 1416 tanquam
735 1381 792 1406 tuo
807 1386 884 1417 agro
897 1375 983 1407 frue-

213 1417 277 1456 ris3
366 1419 488 1450 villicus
517 1418 600 1454 orbi,
628 1419 757 1454 Orbius,
779 1420 877 1449 homo
898 1419 986 1450 dives

215 1467 248 1491 et
262 1460 419 1498 dominus,
436 1467 474 1492 ut
486 1461 621 1500 videtur,
640 1462 762 1502 praedii,
776 1463 911 1493 habebat
925 1463 982 1493 vil-

214 1504 325 1542 licum,
341 1505 395 1545 qui
409 1505 519 1547 fruges
532 1505 567 1536 in
582 1505 700 1546 praedio
715 1512 804 1537 natas
818 1513 849 1537 et
863 1506 925 1537 alia
937 1506 982 1537 ibi

213 1548 429 1588 provenientia
443 1549 607 1580 vendebat.

257 1603 286 1623 v.
303 1590 375 1622 161.
402 1599 525 1632 segetes,
547 1592 690 1634 intellige
711 1603 826 1634 agrum
848 1593 899 1624 vel
920 1599 982 1624 ter-

211 1645 292 1672 ram,
307 1646 379 1676 quae
393 1637 434 1666 ad
445 1637 565 1667 semina
579 1636 760 1676 accipienda
775 1646 850 1668 occa
863 1637 982 1679 subigi-

212 1684 286 1717 tur;
315 1679 384 1710 Cic.
409 1679 442 1709 in
470 1679 596 1721 Fragm.
624 1680 710 1720 apud
736 1681 822 1711 Non.
845 1691 872 1711 c.
897 1679 929 1711 4«.
948 1691 980 1720 p.

212 1721 289 1753 421.
325 1725 443 1763 Segetes
456 1725 599 1764 ‹agricola›
612 1726 770 1764 subigunt,
785 1726 883 1756 multo
897 1730 982 1761 ante,

211 1762 312 1808 ‘qutun
339 1767 445 1797 serant
454 1783 465 1804 ;
555 1770 693 1803 daturas,
720 1767 982 1807 suppeditaturas,

211 1809 381 1847 oblaturas,
397 1809 577 1841 diffusurus.
625 1810 812 1842 Lectionem
835 1813 980 1847 daturus,

210 1859 294 1884 recte
309 1864 328 1884 a
343 1854 483 1885 Bentleio
499 1862 531 1885 et
544 1853 619 1884 aliis'
632 1854 839 1894 repudiatam,
856 1857 925 1887 Fea
941 1865 981 1885 ex

209 1896 385 1928 rationibus
410 1907 522 1936 parum
553 1897 675 1928 idoneis
697 1898 873 1936 revocavit;
906 1908 982 1929 nam

211 1940 282 1982 quis
296 1943 433 1972 daturus
446 1951 521 1979 pro:
540 1940 724 1971 venditurus
738 1941 818 1972 ferat
827 1942 842 1971 ἲ
977 1943 979 1946 ’

255 1994 284 2014 v.
305 1982 378 2014 162.
414 1986 459 2015 Te
482 1986 654 2016 dominum
669 1986 771 2021 sentit,
795 1985 851 2016 tibi
872 1984 982 2027 fruges

211 2027 290 2069 agri,
306 2034 456 2068 tanquam
473 2028 541 2068 ejus
554 2028 686 2059 domino
707 2028 795 2059 nasci
819 2028 980 2070 intelligit,

211 2071 286 2108 sive,
301 2077 342 2107 te,
366 2070 443 2101 dum
460 2071 576 2110 accipis
590 2071 658 2112 agri
673 2071 791 2113 frugeS,
807 2072 876 2113 ejus
891 2072 981 2113 quasi

210 2114 377 2146 dominum
391 2114 562 2155 cognoscit.

254 2169 283 2188 v.
313 2157 386 2195 163,
412 2156 485 2189 164«.
511 2160 579 2190 cad.
599 2160 702 2190 temeti
715 2165 919 2190 —temetum
934 2167 981 2190 est

212 2201 372 2243 quoddam
393 2208 486 2241 potus
499 2212 611 2243 genus,
629 2202 693 2232 sive
708 2213 746 2233 ex
762 2202 846 2239 vino,
863 2203 928 2233 sive
943 2213 983 2233 ex

210 2245 280 2276 aliis
294 2245 468 2286 liquoribus
488 2253 714 2285 comparatum,
736 2255 801 2286 quo
821 2245 913 2277 facile
934 2246 983 2276 in-

211 2289 372 2320 calescunt
386 2296 520 2328 potores.
573 2300 683 2329 nempe
693 2292 781 2320 modo
795 2291 849 2321 isto
861 2292 982 2321 Paula-

210 2334 268 2364 tim
283 2334 431 2364 mercaris
445 2344 568 2373 agrum,
591 2339 638 2363 est
653 2332 782 2374 quidem
801 2335 912 2365 Orbius
925 2333 982 2363 do-

211 2377 318 2407 minus
346 2376 442 2407 totius
463 2376 540 2418 agri,
563 2386 671 2416 quem,
696 2386 813 2418 magna
838 2376 982 2416 pecuniae

211 2430 337 2450 summa
351 2426 482 2455 emtum,
500 2419 558 2450 sibi
580 2419 742 2459 proprium
763 2420 848 2458 fecit,
871 2420 926 2450 sed
944 2426 981 2451 tu

209 2473 337 2505 quoque
365 2473 399 2493 es
427 2462 578 2493 dominus
599 2473 719 2498 eorum,
744 2474 827 2503 quae,
858 2463 982 2504 quoties

210 2504 292 2546 opus
306 2512 363 2543 est,
379 2516 418 2536 ex
427 2505 490 2540 ,illo
498 2516 574 2547 agro
585 2513 671 2537 emta
681 2506 737 2537 tibi
752 2506 877 2546 propria
890 2507 978 2544 facis,

209 2557 242 2580 et
252 2550 296 2581 sic
311 2560 376 2580 non
390 2549 584 2591 conjunctim
599 2549 728 2590 quidem
743 2556 775 2580 et
790 2561 855 2580 una
869 2551 981 2581 emtio-

210 2603 252 2624 ne
273 2599 376 2624 totum
391 2596 518 2635 agrum,v
538 2593 593 2624 sed
615 2593 683 2634 ejus
704 2594 794 2634 quasi
813 2593 981 2633 particulas

209 2647 306 2677 parvo
319 2636 420 2676 pretio
434 2636 586 2675 paulatim
602 2637 758 2667 mercaris.

253 2691 282 2711 v.
304 2678 486 2712 166-174.
516 2682 598 2715 Quid
612 2681 716 2723 refert,
739 2689 810 2711 cett.
862 2681 979 2711 Sensus

210 2731 243 2755 et
257 2735 377 2756 nexus:
406 2723 495 2761 Quid
509 2724 613 2760 refert,
626 2731 733 2754 utrum
749 2733 806 2763 pro
819 2724 976 2765 frugibus,

210 2768 326 2808 quibus
350 2768 491 2806 vesceris,
515 2777 626 2807 nuper,
653 2777 696 2798 an
718 2767 794 2797 olim
810 2768 978 2807 pecuniam

211 2812 446 2842 numeraveris?
493 2811 527 2842 Is
542 2811 639 2848 euim,
651 2810 708 2851 qui
720 2820 784 2840 non
801 2821 912 2851 nuper,
923 2811 978 2842 sed

212 2854 401 2896 (quondam)
417 2854 495 2886 olim
510 2865 633 2896 agrum,
653 2853 702 2885 vel
724 2864 821 2894 prope
838 2854 980 2885 Ariciam

212 2898 380 2938 (oppidum
410 2906 497 2929 trans
523 2904 664 2929 montem
697 2897 888 2937 Albanum),
926 2898 977 2928 vel

210 2951 306 2980 prope
337 2942 434 2972 Veios
471 2941 626 2984 (Etruriae
660 2941 828 2982 oppidum)
868 2941 976 2978 situm,

213 2984 300 3025 emit,
327 2986 442 3025 pariter
466 2996 502 3017 ac
525 2990 705 3018 tu-emtum
726 2984 807 3023 olus,
837 2985 980 3027 quamvis

1030 1255 1098 1275 rem
1111 1244 1202 1277 aliter
1215 1246 1273 1278 sibi
1289 1246 1390 1288 fingit,
1415 1253 1528 1285 coenat,
1554 1253 1588 1279 et
1608 1253 1694 1280 emto
1707 1249 1796 1292 ligno

1030 1289 1168 1319 ahenum
1183 1290 1367 1329 calefactat;
1389 1298 1423 1322 at
1446 1291 1531 1322 idem
1553 1298 1673 1330 tamen,
1692 1293 1725 1324 in
1739 1304 1796 1335 ag-

1030 1342 1101 1362 rum
1128 1343 1223 1364 suum
1249 1335 1415 1375 usquead
1435 1337 1576 1366 arborem
1599 1337 1796 1368 terminalem

1028 1376 1229 1415 prospiciens,
1260 1380 1323 1409 haec
1353 1389 1420 1409 mea
1453 1386 1540 1416 sunt,
1563 1379 1623 1415 ait,
1645 1386 1797 1422 tanquam

1028 1419 1199 1460 quidquam
1214 1422 1378 1460 proprium
1392 1428 1424 1452 et
1437 1429 1626 1462 perpetuum
1641 1423 1682 1454 sit
1695 1430 1768 1455 cett.

1069 1473 1099 1493 v.
1118 1461 1189 1493 167.
1202 1474 1365 1503 perperam
1377 1464 1483 1504 plures
1493 1466 1679 1505 particulam
1694 1479 1795 1508 quon-

1025 1508 1100 1537 dam
1115 1507 1155 1536 ad
1169 1518 1283 1548 agrum
1299 1508 1469 1539 Aricinum
1479 1515 1512 1539 et
1524 1509 1730 1540 Veientinum
1746 1521 1795 1541 re-

1025 1549 1150 1588 ferunt3
1162 1550 1228 1591 jam
1244 1551 1331 1582 enim
1347 1551 1385 1588 ei,
1398 1551 1454 1592 qui
1468 1563 1573 1593 nuper
1588 1552 1637 1584 vel
1651 1554 1794 1594 quotidie

1024 1592 1135 1634 fruges
1159 1593 1227 1635 agri
1253 1594 1387 1636 alicujus
1414 1595 1502 1631 emit,
1532 1596 1703 1635 opponitur
1724 1598 1793 1639 agri

1025 1635 1185 1675 dominus,
1207 1637 1263 1678 qui
1285 1638 1363 1668 olim
1380 1639 1583 1680 (quondam),
1599 1645 1673 1670 ante
1687 1640 1794 1680 plures

1026 1689 1136 1717 annos,
1153 1690 1265 1721 agrum
1280 1689 1438 1712 mercatus
1451 1688 1508 1713 ωε.

1069 1733 1098 1753 v.
1119 1722 1192 1754 169.
1209 1726 1356 1762 ahenum,
1372 1735 1464 1767 aqua,
1482 1731 1520 1757 ut
1533 1725 1667 1764 videtur,
1681 1726 1794 1768 imple-

1025 1771 1106 1797 tum.
1231 1792 1234 1796 .
1605 1783 1609 1786 >

1069 1820 1098 1840 v.
1119 1809 1192 1841 170.
1218 1821 1327 1853 usque,
1343 1811 1395 1843 vel
1416 1811 1486 1843 esti
1511 1812 1654 1850 subinde,
1676 1811 1794 1846 identi-

1025 1853 1108 1889 dem,
1125 1855 1174 1884 vel
1189 1855 1391 1887 referendum
1406 1855 1447 1886 ad
1457 1867 1531 1898 qua,
1543 1866 1645 1897 usque
1655 1866 1704 1894 eo,
1716 1868 1792 1898 quo.

1024 1900 1215 1938 —populus
1240 1900 1351 1935 adsita,
1378 1909 1444 1930 non
1465 1909 1535 1930 raro
1555 1910 1614 1940 pro
1637 1899 1794 1941 lapidibus

1024 1940 1242 1972 terminalibus
1263 1943 1388 1974 arbores
1408 1942 1559 1974 terminos
1580 1944 1649 1985 agri
1662 1942 1794 1976 definire

1024 1990 1056 2014 et
1069 1984 1259 2016 constituere
1273 1985 1435 2024 solebant;
1452 1985 1567 2028 virgil.
1587 1986 1700 2029 Eclog.
1721 1987 1790 2019 lx.

1025 2026 1056 2058 9.
1100 2029 1203 2069 Usque
1217 2031 1259 2060 ad
1280 2040 1399 2070 aquam
1419 2035 1450 2061 et
1471 2032 1579 2072 veteris
1594 2031 1666 2071 jam
1676 2031 1792 2074 fracta

1023 2073 1187 2144 εαείιέιίηα
1213 2084 1356 2113 quercus.
1385 2073 1426 2104 cf.
1453 2073 1556 2105 Varro
1569 2073 1610 2105 de
1627 2074 1679 2105 Re
1695 2075 1788 2107 Rust-

1068 2168 1098 2189 v.
1119 2157 1190 2188 171.
1219 2159 1346 2202 refugit,
1369 2160 1498 2191 observa
1511 2170 1605 2191 usum
1620 2161 1768 2201 praeteriti
1778 2175 1790 2200 ;

1025 2201 1129 2233 adhuc
1140 2202 1271 2243 refugit,
1287 2209 1319 2233 et
1332 2213 1426 2243 porro
1439 2203 1571 2244 refugit,
1585 2203 1690 2235 adhuc
1702 2215 1791 2236 amo-

1026 2244 1071 2275 vit
1084 2252 1116 2276 et
1130 2255 1223 2285 porro
1243 2252 1377 2277 amovet.
1455 2247 1572 2287 jurgia
1593 2249 1695 2279 vicina
1709 2259 1785 2288 pro=

1026 2288 1213 2327 vicinorum,
1230 2296 1267 2320 ut
1281 2299 1311 2321 v.
1331 2288 1403 2321 174.
1421 2290 1603 2331 alter-ajuro
1619 2301 1693 2330 pro:
1715 2292 1791 2333 jura

1025 2332 1163 2363 alterius.
1234 2338 1237 2341 '
1687 2339 1691 2342 '

1069 2386 1098 2407 v.
1115 2375 1185 2407 172.
1199 2378 1376 2417 proprium,
1392 2376 1530 2414 firmum,
1545 2377 1665 2415 stabile,
1679 2389 1791 2420 perpe-

1024 2425 1127 2456 tuum,
1144 2419 1206 2450 vid.
1219 2421 1371 2452 'Lambin-
1423 2426 1425 2428 ’
1464 2426 1466 2429 ’
1542 2435 1544 2437 ’

1028 2499 1031 2503 Δ
1067 2474 1095 2494 v.
1132 2462 1204 2500 175,
1234 2462 1306 2494 176.
1344 2466 1440 2495 liaeres
1468 2465 1634 2496 Hoeredem
1662 2467 1790 2498 alterius

1023 2509 1198 2548 supervenit
1231 2506 1355 2547 (trudit,
1387 2507 1560 2554 prppellit),
1589 2509 1671 2539 velut
1700 2512 1789 2542 unda

1024 2553 1143 2582 undam
1151 2566 1163 2587 ‚·
1180 2550 1212 2580 in
1228 2560 1304 2581 voce
1324 2552 1453 2583 alterius
1473 2551 1674 2583 offenderunt
1689 2555 1792 2585 Bent-

1023 2596 1102 2626 leius
1116 2601 1148 2624 et
1164 2595 1423 2634 Cuninghamus‚·
1446 2593 1501 2625 ille
1521 2594 1621 2636 igitur
1641 2597 1790 2628 emenda-

1021 2638 1066 2673 vit
1079 2639 1217 2674 alternis,
1233 2637 1284 2667 hic
1297 2639 1446 2675 ulterior,-
1469 2637 1523 2668 sed
1539 2645 1689 2670 neutrum
1708 2650 1790 2680 opus

1021 2679 1088 2719 est3'
1111 2681 1209 2711 haeres
1222 2691 1241 2711 a
1263 2681 1460 2720 praecedente
1480 2692 1655 2721 possessore
1675 2683 1789 2723 accipit

1021 2723 1245 2761 haereditatem,
1260 2734 1354 2765 quam
1369 2723 1424 2755 ille
1438 2725 1553 2764 pariter
1566 2727 1606 2756 ab
1620 2728 1716 2758 altero
1732 2737 1788 2758 ac·

1021 2773 1162 2808 ceperat3
1186 2777 1250 2798 non
1271 2777 1373 2798 sermo
1387 2774 1434 2798 est
1455 2768 1495 2798 de
1516 2768 1643 2800 duobus
1663 2776 1788 2801 tantum

1021 2811 1207 2848 haeredibus,
1223 2810 1277 2841 sed
1291 2810 1331 2841 de
1345 2810 1442 2853 longa
1454 2811 1627 2850 haeredum,
1649 2813 1787 2845 invicem

1023 2866 1056 2886 se
1070 2854 1304 2893 excipientium,
1320 2855 1408 2885 serie.
1612 2860 1614 2863 '
1658 2862 1664 2865 '

1064 2909 1093 2929 v.
1115 2896 1186 2934 177,
1204 2896 1275 2928 178.
1305 2899 1372 2936 vici,
1398 2898 1504 2938 plures
1524 2899 1607 2930 iuter
1621 2910 1654 2931 se
1664 2900 1786 2942 juncta!

1022 2942 1144 2973 domus·
1158 2943 1324 2972 rusticanae
1350 2952 1423 2972 cum
1449 2942 1589 2981 stabulis,
1612 2953 1688 2975 nos:
1718 2955 1787 2975 vor-

1022 2987 1128 3023 werke,
1145 2987 1282 3018 eim-‚elne
1295 2987 1481 3027 Ian‘dgic'tem
1508 2987 1662 3029 ejusmodi
1683 2988 1786 3020 vicum
1843 2991 1850 2998 “
