1904 3250
197 155 281 193 280

825 149 1126 197 HO'RATII

1511 157 1667 205 [CARM.
1689 166 1761 195 xv.

317 277 462 328 Quum
482 275 813 335 tuJ'magnorum
833 289 991 317 numen
1009 275 1163 319 laesura
1181 275 1386 327 Deorum,

432 347 485 389 In
505 347 631 388 verba
650 344 834 401 jurabas'¹
844 358 951 394 mea,

204 414 209 417 ’
259 423 283 460 5
316 420 500 470 Aretias,
524 426 648 475 atque
668 416 827 458 hedera
845 431 1024 472 procera
1045 416 1318 474 adstringitur
1339 418 1436 470 ilex,

432 488 577 530 Lentis
599 487 819 528 adhaerens
839 486 1044 537 brachiis3

315 561 433 602 Dum
453 559 596 615 pecori
616 558 756 616 lupus,
779 567 821 600 et
840 559 977 606 nautis
998 558 1171 601 infestus
1196 558 1332 603 Orion

431 628 644 671 Turbaret
663 629 888 671 hibernum
907 644 1050 680 mare,-

315 703 593 760 Intonsosque
614 702 792 760 agitaret
812 702 1024 759 Apollinis
1045 718 1148 745 aura
1167 702 1354 759 capillos,

234 776 282 813 10

434 772 543 814 Fore
564 773 676 814 hunc
698 783 886 817 amorem
905 781 1112 816 mutuum.

315 841 356 883 O
376 842 559 885 dolitura
578 858 674 889 mea
691 843 870 885 multum
889 843 1042 885 virtute
1065 843 1218 885 Neaera
1234 842 1243 886 !

430 915 555 966 Nam,
579 916 614 956 si
635 915 737 973 quid
758 916 801 956 in
824 915 977 959 Flacco
998 916 1076 957 viri
1097 924 1172 966 est,

314 988 413 1030 Non
433 988 539 1030 feret
560 989 748 1032 assiduas
769 989 924 1047 potiori
944 997 986 1031 te
1007 989 1109 1031 dare
1130 997 1287 1039 noctes,

430 1061 487 1103 Et
507 1070 668 1118 quaeret
687 1063 817 1104 iratus
838 1077 998 1118 parem,

232 1132 281 1171 15
314 1129 405 1172 Nec
427 1131 555 1172 semel
576 1131 725 1174 offensi
746 1131 867 1173 cedet
887 1132 1121 1173 constantia
1141 1131 1301 1181 formae,

432 1200 477 1242 Si
496 1208 634 1242 certus
656 1201 821 1242 intrarit
842 1200 977 1241 dolor.

196 1336 309 1368 extitit.
355 1348 454 1378 neque
467 1349 531 1370 uno
545 1344 703 1373 contenta,
724 1315 870 1370 Catullus
882 1348 961 1378 quo-

196 1392 257 1422 que
280 1380 458 1412 LXVIII.
486 1380 559 1413 135.
579 1381 621 1412 de
640 1381 742 1412 amica
763 1392 839 1412 sua:
884 1383 962 1417 Quae

198 1431 303 1457 tamen
316 1426 372 1456 etsi
384 1436 451 1477 uno
465 1437 531 1458 non
544 1431 591 1457 est
603 1431 748 1458 contenta
764 1426 894 1457 Candlo.

421 1511 635 1544 CARMEN
659 1512 738 1543 XV.

239 1598 374 1635 Neaerae,
403 1608 499 1640 quam
531 1598 726 1630 sanctissimo
756 1597 962 1641 jurejurando

196 1641 302 1673 datam
317 1641 400 1673 sibi‘
389 1652 425 1672 m
445 1651 553 1674 amore
573 1643 670 1674 fidem
690 1642 838 1673 fefellisse
857 1642 962 1684 queri-

130 1727 133 1729 *
194 1691 258 1723 tur,
272 1684 488 1716 firmissimum
503 1686 601 1717 animi
615 1686 664 1717 sui
679 1686 847 1717 consilium
862 1686 960 1727 signi-

194 1728 289 1763 fient.
325 1728 491 1765 Juveuem
505 1736 613 1765 autem
626 1740 646 1760 a
666 1729 782 1762 Naera
801 1739 889 1760 nune
901 1729 960 1760 sibi

193 1771 370 1813 praelatum,
385 1771 528 1815 quamvis
540 1773 596 1805 ille
619 1772 802 1810 ditissimus,
817 1772 960 1804 doctissi-

193 1824 267 1846 mus
291 1820 324 1846 et
347 1815 593 1848 formosissimus
617 1816 667 1855 sit,
691 1816 825 1848 eandem
854 1822 960 1847 tamen

193 1858 279 1899 apud
301 1859 448 1890 Neaerasn
471 1859 636 1901 perfidiam
657 1865 861 1900 experturum
882 1868 959 1897 esse,

194 1901 230 1933 in
244 1901 360 1933 doloris
373 1902 422 1933 sui
437 1902 586 1934 solatium
599 1910 783 1945 auguratur.

237 1955 266 1977 v.
284 1944 398 1976 1-10.
412 1948 485 1978 Noa·
495 1953 560 1978 erat
575 1953 647 1978 cett.
665 1946 746 1984 vide,
761 1957 857 1988 quam
872 1956 962 1988 egre-

194 1989 248 2030 gie
262 1996 353 2029 poeta
368 1990 564 2022 exornaverit
578 1991 766 2021 sententiam
777 1990 845 2022 fere
857 1991 958 2022 hanc.

195 2032 294 2064 Luna
317 2033 446 2064 lucebat
467 2034 502 2063 in
527 2034 604 2065 caelo
633 2044 753 2072 sereno,
782 2043 858 2064 cum
881 2033 964 2064 inter

194 2076 382 2108 arctissimos
389 2077 575 2117 complexus
576 2077 795 2121 JureJurando
801 2083 833 2109 te
842 2085 964 2117 semper

194 2128 249 2151 me
262 2129 366 2150 unum
380 2127 557 2151 amaturum
571 2131 648 2159 esse,
664 2127 696 2152 et
709 2120 785 2152 deos
800 2127 832 2154 et
845 2131 898 2152 me
911 2121 964 2151 lu-

195 2162 306 2195 deres!
396 2166 470 2195 Now.
482 2171 547 2196 erat
569 2171 599 2196 et
613 2165 785 2207 caelofidg.
803 2166 873 2198 lun.
890 2175 963 2201 sen,

198 2205 346 2245 Noctem,
363 2207 492 2238 Lunam
503 2216 535 2238 et
545 2208 647 2239 sidera
659 2218 743 2258 saepe
757 2207 842 2248 apud
857 2211 964 2248 poetas

196 2255 338 2282 amantes
358 2250 474 2281 amoris
493 2250 544 2281 sui
565 2251 689 2282 conseia
709 2251 850 2289 faciunt3
876 2251 959 2282 confi

197 2293 338 2336 Meleag.
358 2293 496 2325 LXXI.
526 2293 611 2336 lseq
591 2305 641 2336 qq
662 2296 764 2326 Anth.
792 2295 849 2326 Gr.
869 2294 910 2325 Τ.
930 2294 960 2325 1.

196 2347 231 2377 p.
249 2335 302 2368 22.
321 2343 353 2368 et
365 2337 479 2377 plura·
470 2347 505 2368 ιιι
519 2339 600 2368 hanc
613 2349 681 2369 rem
695 2349 714 2369 a
729 2339 964 2371 Mitscherlichib

196 2381 319 2421 prolata
345 2380 497 2421 exempla.
586 2383 669 2414 incer
696 2384 818 2414 minora
851 2384 961 2419 sidera,

198 2434 294 2464 supra
318 2424 349 2456 Ι.
379 2423 430 2455 12.
458 2422 511 2455 47.
541 2426 624 2456 velue
649 2428 731 2458 inter
753 2427 839 2467 ignes
864 2426 963 2457 Luna

197 2470 343 2500 minores.
444 2479 633 2509 magnorum
668 2481 788 2501 numen
823 2471 962 2507 deorum,

198 2512 392 2553 majestatem
427 2514 617 2552 mag-nomm
653 2512 794 2550 deorum,
832 2521 965 2586 maggs-os

199 2554 294 2594 de0s;
317 2554 459 2597 intellige
474 2554 632 2592 Venerem
648 2563 680 2586 et
694 2556 771 2587 alios
785 2555 860 2587 deos

199 2608 282 2640 que;
309 2598 432 2630 Tibull.
447 2598 476 2630 1.
493 2598 527 2631 2.
542 2597 716 2631 79.·Num
738 2601 862 2631 Veneris
875 2610 963 2640 mag-

198 2653 250 2673 noe
275 2645 383 2675 violam·
410 2645 546 2675 numina
573 2643 689 2674 verbo?
776 2644 901 2680 lesura,
920 2642 964 2673 sic

202 2685 326 2727 Phyllis
350 2685 436 2726 apud
465 2685 560 2718 Ovid.
592 2685 890 2719 Heroid.1v1.43.
923 2685 963 2717 de

199 2729 282 2760 laesis
294 2741 314 2761 a
331 2730 574 2770 Demophoonte
592 2738 650 2769 per
667 2728 804 2771 pen'uria
823 2729 963 2761 numini-

199 2775 278 2805 bus.
311 2775 345 2805 Si
372 2775 409 2805 de
433 2779 476 2805 tot
498 2774 576 2806 lacis
597 2784 653 2805 sua
676 2774 812 2805 numina
837 2775 966 2815 quisque

200 2819 344 2850 Deorum
365 2819 518 2856 vindicem
540 2818 577 2849 in
587 2827 696 2859 poenas
712 2828 777 2848 non.
791 2819 866 2848 satis
879 2827 966 2848 unus

199 2862 266 2891 erit.
336 2863 379 2893 In
388 2863 478 2893 verba
489 2872 570 2898 mea,
581 2871 615 2891 ιιι
626 2861 728 2897 verba,
743 2870 814 2900 quae
828 2860 893 2899 ipse
907 2859 963 2891 tibi

200 2904 359 2942 praeibam.
451 2906 591 2940 Arctius,
620 2910 713 2946 atque
749 2905 856 2935 hedera
887 2910 958 2934 cett.

195 2946 316 2988 junge:
343 2951 502 2982 adltoerens
515 2950 605 2982 (emtis
618 2949 747 2981 brachiis
763 2949 889 2985 arctius,
915 2953 962 2978 at-

1005 1349 1064 1379 que
1080 1348 1210 1379 procera
1225 1339 1283 1369 {lez-
1305 1338 1512 1378 adstringitur
1527 1336 1768 1378 (circumdatur)

1004 1351 1125 1418 lqledera,
1154 1382 1209 1423 (ab
1230 1380 1358 1421 hedera)
1382 1381 1412 1411 h.
1434 1391 1462 1411 e.
1480 1381 1561 1411 dum
1593 1381 1686 1412 lentis
1706 1381 1771 1412 mis

1005 1425 1139 1458 brachiis
1153 1424 1268 1455 arctius
1282 1424 1360 1454 meis
1369 1424 1568 1464 amplexibus
1579 1424 1768 1461 adhaerebas,

1006 1474 1100 1509 atque
1113 1466 1239 1510 (quam)
1249 1466 1364 1498 hedera
1373 1467 1437 1498 ilici
1447 1467 1606 1498 adhaerere
1616 1467 1713 1505 solet3
1725 1485 1770 1492 -—

1005 1514 1064 1543 ilea-
1091 1512 1301 1552 adstringitur
1328 1513 1447 1549 hedera,
1477 1510 1661 1552 exquisitius
1687 1521 1765 1550 pro:

1003 1555 1120 1588 hedera
1143 1554 1348 1597 adstringitur
1376 1554 1434 1604 (h.⁴
1448 1564 1478 1586 e.
1506 1553 1698 1596 annectitur)
1727 1553 1770 1584 ad

1004 1599 1118 1634 ilicem.
1140 1599 1174 1629 h.
1191 1608 1220 1629 e.
1237 1597 1336 1629 ambit
1356 1596 1470 1629 iheem.
1502 1599 1603 1636 lentis,
1625 1596 1770 1629 flexibili-

1004 1644 1075 1681 bus,
1089 1641 1230 1692 apposite
1242 1641 1284 1672 de
1304 1646 1390 1672 arcto
1411 1640 1570 1681 amplexu.
1618 1641 1770 1672 Ceterum

1004 1685 1046 1717 de
1059 1686 1153 1717 aretis
1167 1685 1342 1717 amantium
1356 1684 1572 1724 complexibus
1585 1694 1660 1716 cum
1673 1683 1770 1715 hede-

1003 1740 1047 1765 ra.
1060 1730 1222 1761 arboribus
1236 1738 1271 1760 se
1284 1727 1470 1770 applicante,
1485 1727 1672 1769 comparat&
1683 1727 1768 1761 mnf.

1003 1783 1099 1813 supra
1114 1773 1143 1804 Ι.
1162 1771 1216 1803 36.
1232 1771 1286 1803 Ὦ.
1374 1771 1569 1812 dumpemri
1580 1773 1691 1812 lupun,
1700 1778 1773 1817 pat·-

1004 1816 1135 1847 ticulum
1149 1827 1268 1858 sempe-r
1280 1824 1338 1855 per
1349 1824 1408 1852 res,
1423 1824 1496 1856 quae
1516 1823 1640 1855 semper
1658 1820 1773 1847 natum

1005 1870 1062 1891 sua
1084 1859 1144 1891 sibi
1166 1864 1320 1895 constant,
1349 1858 1450 1890 tribus
1473 1858 1613 1890 versibus
1637 1858 1772 1891 eircum-

1004 1903 1143 1943 scripsit3
1169 1905 1265 1945 lupus
1283 1903 1392 1944 pecori
1411 1912 1454 1933 ac.
1470 1901 1605 1933 infestus
1625 1907 1715 1933 esset.
1727 1918 1772 1928 —

1006 1947 1384 2030 ffluss'ffssss'sslo’i‘ii.
1401 1988 1455 2020 27.
1475 1956 1526 2020 ιέ.
1538 1934 1769 2029 ῗιόεᾞ’ξ

1009 2000 1070 2065 1οῗ
1150 2036 1355 2086 Incensusque
1367 2034 1442 2074 agit.
1454 2035 1556 2075 Apoll.
1574 2044 1656 2064 aura
1669 2033 1770 2073 capill-

1004 2087 1065 2118 pru
1073 2076 1181 2109 tenui:
1200 2085 1232 2109 et
1240 2077 1359 2108 intonsi
1370 2076 1531 2120 Apollinis
1539 2075 1640 2107 crines
1649 2082 1770 2114 essent3

1005 2120 1191 2163 designatur
1204 2129 1311 2152 autem
1321 2125 1438 2151 aeterna
1448 2121 1479 2151 Δ
1481 2119 1608 2161 pollinis
1614 2119 1771 2163 juventu,

1007 2164 1130 2211 capillis
1142 2165 1273 2196 intonsis
1285 2162 1616 2204 spectabilis;'1'ibull.
1630 2161 1662 2193 Ι.
1674 2159 1707 2192 4.
1718 2160 1772 2193 37.

1007 2210 1079 2241 Sola
1091 2205 1209 2242 (τέω-ναι
1222 2214 1266 2240 est
1282 2208 1393 2239 Pltoebo
1411 2208 1594 2250 Bacchoque
1608 2205 1771 2247 juveram,

1007 2252 1100 2284 Nam
1113 2253 1199 2285 decet
1212 2253 1354 2283 intonsus
1367 2251 1463 2282 crinis
1481 2255 1652 2292 utmmque
1663 2251 1769 2282 deum·

1048 2304 1079 2326 v.
1095 2294 1233 2326 11—16.
1249 2296 1274 2326 0
1284 2294 1416 2326 dolitura
1427 2303 1496 2325 mea
1510 2291 1647 2325 maleum
1659 2293 1772 2324 virtute

1007 2339 1135 2376 Νεῶνα,
1162 2338 1194 2370 Ο
1219 2338 1344 2374 Neaera,
1359 2346 1425 2367 non
1438 2336 1507 2367 sine
1519 2345 1638 2387 magno
1651 2335 1769 2373 dolore,

1003 2391 1057 2413 me
1070 2382 1151 2413 forte
1164 2381 1280 2422 cepisse
1294 2379 1471 2418 eonsilium,
1485 2376 1771 2412 animadvertes.—

1004 2427 1120 2458 virtute
1129 2426 1197 2467 jam
1213 2424 1252 2455 de
1266 2422 1451 2460 constantia,
1470 2433 1535 2464 qua
1547 2422 1618 2464 quis
1630 2421 1666 2454 in
1679 2429 1771 2463 capto

1007 2468 1114 2510 aliquo
1142 2467 1273 2499 consilio
1298 2466 1444 2508 persistit.
1478 2467 1624 2504 dolitura,
1650 2465 1766 2498 eamn.

1006 2511 1114 2544 VIII.
1123 2509 1177 2542 14.
1203 2514 1249 2543 At
1263 2512 1427 2546 radelchis.
1443 2521 1518 2542 eum
1531 2510 1685 2551 rogaberis
1697 2511 1771 2541 nul-

1006 2557 1047 2592 la.
1064 2557 1204 2593 Scelesta,
1219 2560 1317 2586 nocte.
1335 2553 1376 2584 cf.
1396 2552 1577 2585 Philodami
1600 2553 1663 2595 Ep.
1680 2551 1766 2584 XX.

1009 2600 1108 2631 Anth-
1129 2598 1188 2630 Gr.
1209 2597 1248 2628 Τ.
1269 2597 1358 2638 ΙΙ.ρ
1359 2595 1439 2627 .75.
1529 2598 1632 2634 Nam,
1653 2597 1680 2628 si

1006 2645 1042 2674 in
1063 2644 1176 2676 Flacco
1197 2643 1257 2673 viri
1279 2647 1342 2678 ω,-
1337 2607 1496 2672 pTerent.
1516 2639 1668 2671 Eunueh.
1688 2598 1770 2671 {ma
1737 2638 1766 2672 l.

1005 2685 1059 2717 21.
1073 2687 1182 2718 sentiet
1195 2684 1339 2727 (Thais),
1355 2685 1569 2726 quivit-siem.
1584 2683 1660 2714 etl.
1673 2682 1707 2714 2.
1718 2681 1772 2715 74.

1007 2732 1064 2763 Eu
1078 2730 1208 2762 noster!
1222 2730 1326 2765 laudo,
1342 2729 1468 2759 tandem
1477 2727 1655 2768 perdoluit.-
1673 2729 1772 2760 vires.

1008 2771 1281 2815 —potiortssoonfi
1298 2769 1625 2811 supraadIIL9.2
1709 2782 1770 2822 pa-

1007 2828 1084 2854 rem,
1099 2816 1194 2848 aliam
1207 2781 1358 2856 puellam
1367 2814 1434 2855 pari
1455 2813 1541 2846 fide·
1530 2823 1565 2844 m
1585 2824 1692 2846 amore
1712 2812 1771 2846 sibi

1007 2858 1413 2899 uniaddicmm;1’ropert.
1433 2857 1461 2889 1.
1483 2856 1512 2889 l.
1529 2856 1582 2888 31.
1607 2859 1770 2890 &tisen‘n

1007 2910 1072 2936 tuto
1100 2914 1217 2944 semper
1244 2913 1347 2934 amore
1379 2913 1481 2943 pares.
1572 2904 1644 2934 Nec
1677 2903 1771 2934 semel

1007 2949 1116 2992 qffensi
1129 2948 1309 2984 constantia,
1327 2955 1384 2977 nec
1398 2955 1469 2977 mea
1491 2945 1673 2982 constantia,
1694 2953 1768 2977 cum
