1904 3250
160 179 215 217 62

798 177 1104 221 HORATII

1573 181 1682 229 [Lm.
1705 190 1734 217 1.

660 372 1002 415 CARMEN
1044 373 1246 415 XXXI.

749 514 819 545 AD
844 514 1152 546 APOLLINEM.

280 656 408 706 Qum
430 654 670 696 dedicatum
690 653 828 708 poscit
849 653 1093 710 Apollinem

279 726 440 770 Vates?
471 726 573 783 quid
594 734 700 776 orat,
724 726 777 768 de
798 734 946 782 patera
965 742 1122 768 novum

397 796 595 838 Fundens
616 795 855 853 liquorem?
918 796 1016 838 Non
1037 798 1198 854 opimas

513 869 720 912 Sardiniae
741 878 903 928 segetes
924 869 1099 920 feracis3

220 949 245 986 5
278 944 378 986 Non
398 951 591 985 aestuosae
612 951 733 1001 grata
756 943 965 985 Calabriae

278 1015 506 1065 Armenta3
537 1029 623 1055 non
644 1029 806 1064 aurum,
829 1023 903 1055 aut
921 1013 1027 1055 ebur
1048 1013 1256 1064 Indicum,

396 1084 495 1126 Non
515 1099 628 1135 rura,
651 1099 746 1140 quae
770 1083 881 1125 Liris
903 1083 1044 1140 quieta

511 1156 689 1198 Mordet
708 1172 817 1213 aqua
836 1156 1069 1199 taciturnus
1091 1158 1236 1198 amnis.

160 1285 231 1308 sus:
249 1279 283 1305 et
295 1273 423 1315 quidem
438 1284 510 1305 cum
527 1273 726 1311 dulcissimIs,
735 1273 790 1314 qui
805 1273 929 1305 assidue

159 1317 217 1349 tibi
245 1317 403 1349 adhaerere
438 1317 549 1355 solent,
587 1316 763 1354 comitibus,
797 1317 926 1353 Amore,

164 1361 292 1397 Gratiis,
319 1361 487 1402 NymphiS,
509 1361 681 1393 Juventate
703 1367 735 1392 et
751 1360 924 1392 Mercurio.

160 1422 205 1431 ·—
205 1405 368 1448 fervidus,
397 1410 444 1435 est
472 1404 558 1435 enim
584 1405 684 1436 Amor
711 1404 873 1435 animosus
897 1411 929 1436 et

158 1448 334 1480 fervidioris
347 1448 467 1490 ingenii
481 1458 570 1488 puer.
664 1449 794 1484 Gratiae,
819 1458 928 1488 perpe-

159 1498 226 1523 tuae
241 1492 375 1523 Veneris
397 1492 526 1523 comites
541 1498 573 1522 et
593 1491 756 1527 ministras,
778 1491 819 1522 cf.
838 1502 923 1531 supr.

161 1535 191 1567 I.
210 1534 242 1567 ¹1⁴.
260 1535 291 1566 5.
310 1543 342 1567 et
365 1535 500 1566 Homer.
524 1535 627 1576 Hym.
651 1535 685 1566 in
710 1535 792 1566 Ven.
819 1545 849 1566 v.
869 1534 922 1566 61.

162 1579 277 1611 Claud.
306 1579 347 1610 de
381 1579 482 1619 Nupt.
513 1580 639 1610 Honor.
686 1589 717 1610 v.
744 1577 815 1610 100.
843 1581 925 1611 solu-

159 1625 199 1656 tis
221 1625 312 1658 zonis,
338 1622 508 1660 discinctae,
535 1622 603 1654 sine
627 1622 736 1661 zonis3
771 1622 858 1664 quod
886 1622 927 1653 ad

159 1673 281 1708 gratam
315 1666 498 1697 Gratiarum
527 1666 755 1707 negligentiam
788 1666 926 1697 referen-

132 1726 134 1729 ·
158 1709 248 1741 dum.
273 1711 540 1747 Juventas,‘'}1ssn,
556 1721 628 1751 quae
642 1709 756 1750 pariter
770 1709 805 1740 in
823 1710 925 1740 Vene-

158 1753 203 1785 ris
222 1754 372 1785 comitatu
398 1760 526 1794 apparet
546 1753 632 1793 apud
660 1753 794 1784 Homer.
822 1753 924 1794 Hym.

158 1797 194 1828 ἰιι
206 1797 312 1838 Apoll.
334 1795 406 1828 195.
456 1809 529 1838 par.
548 1808 624 1829 com.
643 1798 710 1829 sine
718 1803 757 1832 te,
774 1807 794 1827 a
807 1797 931 1827 Venere

159 1839 246 1871 enim
267 1841 416 1882 juventas
441 1840 598 1872 lenocinia
623 1851 682 1871 sua
704 1840 827 1881 accipit,
849 1841 881 1870 h.
899 1850 927 1871 e.

160 1884 265 1916 Amor
274 1884 439 1926 juventam
455 1884 622 1915 amabilem
634 1883 756 1922 reddit;
843 1886 930 1916 Mer-

158 1931 336 1970 curiusque,
359 1929 415 1970 qui
442 1927 530 1959 adest
547 1928 664 1959 Veneri
689 1927 839 1959 facundia
859 1938 926 1965 sua,

159 1973 222 2013 (est
236 1972 320 2003 enim
336 1971 415 2002 deus
430 1972 538 2012 λέγιος,
555 1971 639 2003 conf.
657 1981 742 2011 supr.
759 1971 787 2002 1.
808 1970 858 2002 10.
875 1971 926 2011 3.)

158 2021 198 2046 ut
223 2023 364 2047 amantes
385 2015 467 2046 inter
491 2026 524 2046 se
549 2015 704 2046 conciliet.
755 2015 844 2046 Hinc
859 2014 927 2053 ipsa

162 2058 272 2092 Venus
301 2059 387 2101 apud
418 2059 517 2098 Apul.
551 2059 634 2090 Met.
668 2059 732 2090 VI.
762 2069 834 2100 pag.
869 2058 921 2090 93.

159 2101 302 2145 (Plant.)
330 2105 404 2140 Scis,
426 2114 560 2134 sororem
582 2109 671 2135 tuam
693 2104 841 2134 Venerem
862 2104 927 2135 sine

158 2148 313 2180 Mercurii
321 2148 486 2188 praesentia
503 2148 550 2179 nil
567 2147 829 2188 usquamsecisse.

356 2233 570 2266 CARMEN
596 2233 728 2265 XXXI.

205 2322 290 2354 Cum
305 2320 356 2352 die
371 2320 514 2358 solemni,
529 2331 594 2362 quo
616 2321 786 2362 Augustus
802 2320 928 2360 Apolli-

159 2365 209 2397 nis
217 2364 371 2405 templum
380 2364 413 2395 in
429 2364 574 2395 Palatino
582 2364 641 2395 rite
651 2364 857 2399 dedicaverat.
869 2365 928 2405 (U.

162 2410 201 2442 C.
218 2415 256 2440 ut
276 2408 371 2439 tradit
398 2407 464 2439 Dio
491 2408 594 2439 LIII.
616 2407 643 2438 1.
666 2408 903 2439 DCCXXVI.
911 2407 925 2448 )

160 2462 254 2484 nemo
267 2461 344 2489 non,
359 2458 424 2482 tam
439 2450 574 2491 publice,
590 2462 685 2492 quam
700 2451 855 2491 privatim,
871 2461 925 2482 vo-

159 2503 192 2528 ta
207 2502 403 2536 nuncuparet
413 2507 424 2534 ;
450 2495 606 2525 Horatius
628 2505 717 2526 secus
738 2496 770 2525 in
786 2495 835 2525 his
848 2496 928 2525 votis

160 2551 180 2571 a
194 2540 291 2582 vulgo
304 2538 450 2577 sentiens,
465 2548 568 2580 neque
579 2548 664 2579 opes,
681 2548 783 2579 neque
798 2537 928 2568 latifun-

160 2584 223 2620 dia,
240 2593 343 2624 neque
357 2582 428 2621 alia,
451 2582 565 2623 quibus
585 2582 684 2623 vulgo
707 2587 851 2612 censetur
866 2582 926 2612 hu-

160 2637 256 2659 mana
283 2626 426 2664 felicitas,
455 2625 511 2657 sed
540 2635 589 2656 res
613 2633 738 2656 tantum
764 2625 804 2656 ad
829 2625 926 2655 vitam

161 2670 395 2702 sustentandam
411 2669 608 2707 necessarias,
619 2675 688 2700 tum
704 2667 802 2699 animi
816 2678 925 2708 corpo-

162 2714 265 2756 risque
279 2715 455 2749 sanitatem,
475 2713 639 2744 honestam
654 2711 790 2753 denique
805 2720 837 2742 et
851 2721 925 2752 poe-

160 2768 230 2788 seos
259 2757 366 2789 studio
393 2756 626 2788 exhilarandam
664 2762 856 2787 senectutem
886 2757 926 2786 ab

165 2801 316 2840 Apolline
331 2801 390 2832 sibi
411 2800 537 2850 expetit.

205 2843 348 2876 v..1-4
377 2844 479 2887 Finge
503 2843 560 2875 tibi
584 2842 757 2875 Horatium
771 2852 810 2874 ex
824 2842 929 2874 media

160 2854 251 2928 quasi
277 2890 368 2920 turba
394 2887 590 2928 precantium
616 2895 648 2918 et
671 2886 814 2918 certatim
835 2886 926 2917 variis

162 2930 242 2961 votis
259 2931 441 2971 Apollinem
455 2931 678 2973 fatigantium
669 2941 703 2962 ιιι
718 2931 797 2969 haec,
812 2929 926 2972 quibus

971 1284 1096 1305 carmen
1111 1274 1282 1311 exorditur,
1298 1275 1391 1305 verba
1403 1274 1541 1314 erupisse
1553 1287 1561 1306 ε
1589 1277 1671 1312 Quia
1683 1278 1735 1308 de·

971 1319 1111 1349 dicatum
1130 1321 1227 1358 poscit
1250 1319 1427 1358 Apollinem
1449 1319 1559 1350 vates?
1586 1319 1617 1349 h.
1645 1330 1674 1351 e.
1703 1327 1736 1352 at

971 1359 1048 1402 quid
1063 1371 1123 1402 ego
1138 1368 1210 1400 peto
1223 1362 1263 1391 ab
1280 1360 1450 1401 Apollines
1466 1361 1518 1392 cui
1540 1361 1634 1393 hodie
1654 1371 1735 1394 tem·-

971 1404 1062 1444 plum
1077 1412 1292 1435 consecratum
1308 1405 1376 1435 est?
1409 1404 1474 1435 Pro
1487 1417 1540 1446 ego
1556 1405 1736 1447 significan-

971 1453 1018 1479 ter
1033 1448 1136 1488 posuit
1151 1454 1242 1485 vates‚
1258 1454 1295 1479 ut
1309 1447 1463 1486 ostendat,
1479 1459 1513 1480 se
1525 1459 1583 1489 pro
1593 1459 1640 1486 eo,
1650 1450 1737 1491 quod

971 1491 1029 1523 sibi
1052 1498 1153 1531 poetae
1179 1491 1264 1528 insit,
1291 1491 1421 1534 ingenio
1445 1491 1541 1534 longe
1562 1492 1676 1524 distare
1697 1495 1738 1525 ab

970 1535 1139 1566 humiliore
1167 1535 1322 1566 sentiendi
1350 1534 1470 1566 ratione
1498 1536 1618 1576 populi,
1645 1538 1739 1568 rebus

970 1578 1058 1610 vanis
1082 1584 1177 1620 atque
1201 1579 1347 1610 inanibus
1360 1578 1542 1610 felicitatem
1564 1580 1738 1611 humanam

970 1622 1137 1653 metientis.
1227 1625 1263 1654 de
1276 1629 1341 1663 pat.
1359 1634 1428 1654 που.
1441 1623 1545 1666 sund-
1563 1625 1638 1665 liqu.
1657 1624 1688 1654 h.
1707 1635 1736 1656 e.

970 1676 1089 1697 novum
1104 1666 1214 1697 vinum
1235 1666 1357 1704 libans;
1384 1675 1502 1697 novum
1526 1666 1610 1697 enim
1626 1667 1737 1698 vinum

970 1709 1108 1741 adhiberi
1134 1709 1252 1741 solebat
1272 1710 1306 1740 in
1327 1709 1537 1748 libationibus,
1560 1710 1634 1742 hinc
1647 1721 1733 1751 supr.

973 1753 1079 1784 XIX.
1096 1752 1145 1784 15.
1163 1760 1272 1794 patera
1287 1754 1361 1786 bimi
1375 1755 1464 1785 meri.
1526 1755 1643 1795 opima
1653 1765 1737 1795 sege·

973 1803 1019 1829 tes
1030 1797 1061 1827 h.
1072 1807 1099 1828 e.
1115 1797 1360 1839 pinguesagros,
1373 1797 1426 1839 (aea'
1426 1811 1486 1831 oms
1499 1798 1606 1840 ἀγροὺς
1621 1797 1736 1839 Hom.)

974 1841 1018 1872 sic
1040 1852 1124 1882 seges
1149 1851 1206 1880 pro
1229 1851 1306 1882 agro
1331 1840 1416 1881 apud
1440 1839 1559 1871 Tibull.
1587 1841 1615 1872 Ι.
1633 1840 1664 1872 3.
1683 1840 1738 1874 61.

975 1886 1055 1916 Fert
1086 1886 1203 1916 casiam
1237 1895 1302 1916 non
1327 1885 1412 1916 culta
1436 1895 1539 1924 segem
1570 1883 1626 1915 sed
1654 1892 1739 1918 recte

973 1938 1098 1969 quoque
1113 1930 1221 1969 opimae
1241 1935 1353 1969 segetes
1374 1927 1523 1967 explicari
1544 1934 1676 1968 possunt
1696 1928 1738 1960 de

971 1973 1113 2003 ubertate
1127 1972 1268 2014 frugum,
1293 1981 1365 2013 quae
1386 1980 1424 2002 ex
1446 1970 1560 2011 opimis
1581 1971 1738 2013 segetibus

968 2015 1171 2056 colliguntur.
1262 2018 1352 2047 Sard.
1373 2015 1481 2058 serac-
1511 2013 1552 2046 de
1586 2015 1738 2047 Sardinia

968 2026 1127 2091 fertiligutate
1140 2058 1203 2090 vid.
1223 2058 1302 2090 Mel.
1324 2059 1375 2090 Il.
1394 2057 1424 2089 7.
1445 2057 1518 2089 val.
1537 2058 1626 2090 Max.
1647 2058 1733 2091 VII.

970 2102 1002 2133 6.
1019 2121 1064 2128 -
1080 2103 1121 2134 Ιιι
1143 2104 1331 2134 sententiam
1356 2102 1405 2134 Cl.
1433 2103 1560 2134 ΜίιισΙι.
1578 2109 1738 2143 comparat

973 2146 1066 2178 Pind.
1085 2147 1179 2177 Nem.
1200 2145 1306 2177 VIII.
1324 2145 1377 2177 63.

1015 2201 1043 2221 v.
1061 2189 1158 2221 5-8.
1173 2196 1266 2231 grata
1280 2200 1322 2221 sc.
1341 2187 1486 2226 dominis,
1507 2198 1587 2230 quos
1600 2189 1737 2221 suaviter

970 2233 1105 2265 delectat
1125 2243 1314 2274 magnorum
1336 2237 1551 2264 armentorum
1571 2232 1733 2272 possessio.

973 2279 1131 2313 calabrae,
1158 2279 1199 2307 ob
1223 2276 1350 2318 egregis
1372 2275 1457 2306 enim
1480 2275 1578 2318 hujus
1599 2276 1737 2318 regionis

970 2331 1086 2362 pascua
1101 2320 1225 2351 alebant
1239 2319 1281 2350 ibi
1297 2319 1449 2350 beatiores
1463 2326 1605 2351 armenta
1619 2326 1651 2351 et
1665 2330 1737 2362 gre-

970 2375 1046 2406 ges;
1069 2364 1152 2395 conf.
1170 2363 1242 2393 infr.
1270 2363 1374 2403 Epod.
1402 2362 1430 2393 1.
1448 2361 1501 2394 27.
1585 2370 1734 2402 astuosae,

969 2407 1133 2444 calidioris,
1147 2406 1289 2437 mitioris.
1378 2408 1455 2439 ebur
1468 2408 1572 2439 Indic.
1589 2407 1630 2438 ad
1644 2418 1735 2459 mag-

971 2450 1161 2482 nificentiam
1177 2449 1262 2490 apud
1271 2455 1389 2481 veteres
1402 2451 1601 2491 pertinebat
1591 2451 1736 2492 inprimis

970 2493 1111 2534 supellex
1128 2493 1244 2524 affabre
1258 2504 1296 2524 ex
1311 2495 1404 2525 ebore
1425 2494 1527 2532 facta3
1553 2493 1588 2525 in
1609 2505 1735 2526 summo

969 2547 1075 2569 autem
1091 2537 1191 2577 pretio
1211 2536 1311 2579 fuisse
1332 2539 1407 2570 ebur
1428 2518 1581 2571 Indicium
1605 2547 1736 2579 operose

968 2581 1061 2613 docet
1073 2583 1171 2613 Cerdo
1182 2580 1222 2611 ad
1235 2571 1324 2622 Virg.
1343 2582 1460 2624 Georg.
1475 2582 1503 2613 Ι.
1513 2581 1567 2613 57.
1636 2583 1732 2620 Liris,

971 2627 1071 2667 (nunc
1091 2625 1289 2665 Garigciano)
1305 2624 1420 2656 fluvius
1435 2625 1566 2657 Latium
1581 2631 1613 2656 et
1635 2625 1733 2657 Cam-

968 2669 1095 2708 paniam
1106 2667 1257 2706 dividens,
1269 2669 1360 2710 cujus
1370 2674 1536 2712 utramque
1549 2669 1648 2708 ripam
1663 2667 1732 2710 agri

968 2711 1149 2743 fertilissimi
1164 2712 1317 2743 ambiunt.
1407 2716 1534 2749 mordet,
1547 2711 1734 2754 exquisitius

968 2766 1044 2795 pro:
1073 2754 1175 2792 alluit,
1201 2762 1238 2787 ut
1260 2766 1345 2796 supr.
1374 2755 1403 2787 Ι.
1428 2755 1481 2787 22.
1505 2755 1537 2787 6.
1561 2757 1678 2792 lambit,
1699 2761 1732 2787 et

969 2799 1041 2830 infr.
1061 2798 1111 2830 11.
1130 2798 1161 2830 3.
1181 2797 1229 2830 18.
1247 2801 1331 2832 lavit.
1419 2801 1606 2837 taciturnus,
1621 2798 1732 2830 simili-

969 2849 1017 2873 ter
1031 2842 1082 2873 hic
1097 2843 1209 2874 leniter
1223 2850 1254 2873 et
1267 2843 1373 2885 quiete
1393 2842 1496 2875 fluens
1508 2841 1731 2884 ›fluviuupud

971 2885 1025 2918 Sil.
1046 2885 1119 2918 Ital.
1136 2887 1198 2919 IV.
1217 2886 1291 2919 352.
1306 2887 1416 2920 tacitas
1429 2888 1513 2929 ripas
1520 2888 1732 2928 perstringam

962 2929 1090 2962 dicitur.
