1904 3250
504 140 852 185 EPISTOLA
898 140 992 182 AD
1037 138 1337 183 PISONES.

264 268 526 312 Membranis
547 268 657 309 intus
676 268 835 323 positis.

1607 141 1690 179 573

896 266 1054 308 Delere
1073 265 1228 316 licebit,

148 340 234 380 390
265 336 395 388 Quod
414 351 500 378 non
520 335 727 386 edideris3
758 335 890 377 nescit
908 349 993 376 vox
1012 334 1139 375 missa
1158 333 1322 376 reverti.

325 407 542 451 silvestres
562 407 752 449 homines
773 421 889 448 sacer
908 407 1197 462 interpresque
1216 405 1392 447 deorum

226 484 229 485 ⁷
267 480 466 523 Caedibus
486 494 528 521 et
549 480 660 522 victu
680 479 796 521 foedo
815 479 1019 521 deterruit
1040 477 1263 534 Orpheus;

263 551 416 593 Dictus
436 551 492 592 ob
511 550 594 592 hoc
614 550 745 592 lenire
765 551 906 608 tigres,
930 549 1181 605 rabidosque
1200 548 1366 590 leones:

264 620 416 663 Dictus
437 629 479 662 et
500 621 718 677 Amphion
738 620 956 663 Thebanae
976 619 1169 662 conditor
1196 620 1303 660 arcis

146 696 232 735 395
266 693 380 736 Saxa
399 708 567 742 movere
588 708 692 735 sono
712 692 947 742 testudinis,
969 699 1011 734 et
1029 706 1155 748 prece
1175 691 1331 733 blanda
1488 747 1491 752 β

264 766 449 816 Ducere,
472 782 557 823 quo
575 766 713 808 vellet.
775 765 874 808 Fuit
892 765 984 807 haec
1005 765 1208 820 sapientia
1227 764 1463 821 quondam:

269 836 445 878 Publica
464 836 636 892 privatis
657 850 886 886 secernere,
909 850 1027 876 sacra
1045 834 1246 890 profanis,

270 905 509 947 Concubitu
529 905 754 962 prohibere
774 919 894 962 vago,
915 904 1017 946 dare
1031 904 1130 960 jura
1148 904 1321 953 maritis,

270 976 443 1033 Oppida
462 976 613 1027 moliri,
635 976 748 1034 leges
770 975 954 1018 incidere
973 975 1113 1033 ligno:
1259 972 1267 979 ’

152 1051 238 1089 400
271 1047 340 1089 Sic
360 1046 497 1088 honor
516 1054 559 1088 et
578 1061 731 1088 nomen
751 1046 901 1087 divinis
922 1045 1085 1087 vatibus
1106 1053 1232 1102 atque

271 1119 537 1161 Carminibus
557 1118 683 1161 venit.

746 1118 848 1159 Post
868 1117 946 1158 hos
966 1117 1141 1174 insignis
1164 1117 1391 1168 Homerus,

243 1237 249 1241 ,
270 1191 551 1248 Tyrtaeusque
570 1206 708 1232 mares
729 1191 890 1232 animos
910 1190 955 1231 in
977 1189 1137 1230 Martia
1156 1189 1268 1231 bella

272 1260 476 1302 Versibus
496 1253 662 1301 exacuit
672 1275 684 1309 ;
714 1259 838 1300 dictae
858 1273 936 1315 per
956 1258 1142 1300 carmina
1162 1266 1308 1309 sortes,

269 1331 327 1374 Et
345 1332 442 1374 vitae
461 1339 691 1374 monstrata
710 1331 778 1372 via
796 1339 883 1380 est3
914 1338 956 1372 et
975 1331 1111 1388 gratia
1131 1345 1281 1388 regum

194 1481 224 1502 v.
241 1469 316 1502 390.
334 1472 431 1504 macie
443 1481 496 1503 ναι·
509 1472 602 1502 missa
612 1482 690 1508 rev„
703 1480 798 1510 supra
810 1470 914 1511 Epist.

156 1515 186 1546 1.
205 1513 256 1546 18.
274 1513 326 1546 ''ll-
374 1516 419 1546 Ee
434 1516 525 1546 semel
537 1516 684 1546 emissum
700 1516 779 1546 volae
799 1515 912 1546 irrevo-

155 1560 250 1591 cubile
262 1559 400 1590 verbum.

198 1612 227 1632 v.
265 1599 448 1633 391-418.
483 1602 729 1641 Argumentum.
788 1600 915 1631 “Post-

155 1654 250 1686 quam
267 1644 422 1676 Horatius
434 1650 599 1684 precepta,
620 1644 661 1675 ad
685 1654 757 1685 quae
778 1643 915 1685 dirigen-

154 1689 233 1719 dum
246 1688 287 1719 sit
299 1697 428 1728 poe-eos
440 1687 591 1723 studium,
606 1687 639 1717 in
654 1687 794 1718 medium
806 1695 914 1727 protu-

154 1731 193 1762 lit
261 1731 269 1738 '
325 1731 334 1739 ⁰
366 1731 374 1737 ”
462 1740 558 1766 nunc,
580 1730 655 1771 quid
677 1732 717 1760 ab
738 1730 915 1770 antiquissi-

157 1774 219 1804 mis
230 1773 306 1805 inde
325 1773 517 1813 temporibus
535 1773 682 1804 effectum
707 1773 747 1803 sit
771 1773 916 1803 carmini-

154 1818 225 1853 bus,
239 1823 372 1853 enarrat,
386 1823 419 1846 et
431 1817 572 1852 breviter,
588 1816 641 1846 sed
657 1816 736 1846 mira
754 1817 914 1849 suavitate.

156 1859 407 1899 poeeeoelaudes
421 1860 473 1900 (ut
486 1869 579 1898 supra
597 1859 698 1898 Epist.
717 1859 766 1889 11.
794 1858 821 1889 l.
854 1858 916 1890 118

156 1901 259 1944 seqq.)
280 1902 422 1934 celem-at.
435 1919 479 1926 —
493 1901 639 1941 Orpbeus
662 1902 744 1932 feros
767 1909 800 1932 et
823 1902 917 1933 rudes

159 1946 314 1982 homines,
329 1943 495 1975 avertendo
511 1955 564 1975 eos
585 1954 604 1974 a
624 1944 761 1975 caedibus
783 1951 814 1975 et
835 1945 918 1976 foedo

159 1989 256 2026 viem,
272 1987 376 2018 >mites
402 1987 557 2025 reddidit3
588 1988 749 2026 Amphion
776 1988 919 2019 homines

160 2031 361 2068 conmittes,
376 2038 414 2061 nt
426 2030 525 2061 muris
547 2031 705 2061 Thebanis
725 2032 920 2062 exstruendis

160 2085 275 2106 manus
302 2074 512 2110 admoverent,
548 2073 728 2104 dulcissimo
756 2074 922 2105 testudinis

159 2128 238 2149 sono
371 2117 437 2154 vit3
459 2116 514 2147 alii
534 2115 658 2154 deinde,
680 2117 834 2156 sapienter
854 2127 921 2148 car-

159 2162 283 2192 minum
297 2160 337 2192 ad
351 2161 473 2191 animos
485 2159 680 2190 deliniendos
699 2160 730 2190 vi
751 2161 811 2197 usi,
837 2161 919 2191 mul-

160 2211 232 2236 tum
259 2204 302 2235 ad
323 2203 487 2234 condenda
515 2203 630 2242 oppida
657 2210 688 2234 et
716 2203 757 2233 ad
780 2203 922 2235 civitates

159 2257 285 2278 monim
312 2245 479 2286 disciplina
506 2252 539 2276 et
562 2246 686 2286 legibus
707 2247 922 2286 temperandas

159 2290 382 2328 contulerunt3
411 2295 485 2329 post
511 2290 569 2320 hos
598 2290 761 2320 Homerus
783 2296 815 2321 et
842 2290 921 2330 Tyr-

163 2340 244 2365 toeus
264 2340 390 2374 pectora
413 2331 578 2363 hominum
607 2332 802 2363 fortitudinis
829 2344 922 2364 sensu

162 2376 422 2414 inflammarunt;
444 2375 637 2406 carminibus
649 2376 786 2416 denique
796 2377 922 2408 oracula

165 2419 260 2457 edita,
275 2430 387 2461 regum
401 2418 503 2460 gratia
515 2426 646 2458 captata,
660 2426 693 2450 et
710 2419 827 2450 fabulae
850 2419 922 2451 dra·

166 2463 290 2494 metica
307 2462 486 2502 compositae
507 2469 590 2493 sunt.
602 2480 645 2487 —
658 2463 749 2494 Dum
777 2463 860 2494 Hor.
884 2464 925 2494 de

166 2505 285 2538 honore
298 2512 331 2537 et
347 2505 441 2537 laude
460 2511 622 2545 poetarum
644 2506 718 2547 agit,
743 2517 825 2546 saepe
839 2517 924 2548 quae-

166 2548 264 2580 situm
275 2559 342 2580 esse
355 2548 452 2585 addit,
467 2555 574 2580 utrum
589 2548 728 2590 ingenio,
743 2560 783 2580 an
795 2557 861 2580 arte
874 2550 926 2581 hic

167 2591 268 2623 honor
277 2600 311 2623 et
320 2593 388 2622 baec
401 2591 471 2623 laus
485 2591 604 2633 acquiri
616 2592 721 2632 possit.
770 2593 926 2624 Horatius

168 2635 353 2674 reqiondet:
379 2643 526 2666 neutrum
538 2645 593 2675 per
606 2646 640 2666 se
652 2636 804 2673 sufficere,
820 2637 874 2667 sed
884 2636 925 2667 ad

167 2683 265 2709 “mm
277 2677 453 2719 ingenium,
476 2686 509 2709 et
522 2678 562 2709 ad
579 2678 745 2720 ingenium
760 2686 857 2710 artem
872 2690 924 2710 ac-

125 2750 137 2761 ,
169 2719 288 2758 cedere,
307 2721 374 2751 sive
394 2729 492 2752 artem
506 2732 579 2753 cum
595 2722 734 2763 ingenio,
756 2730 786 2753 et
801 2722 925 2764 ingeni-

169 2773 225 2793 um
239 2773 312 2794 cum
329 2772 395 2795 arte
408 2764 510 2797 amice
530 2765 706 2805 conspirare
730 2765 850 2803 debere,
866 2776 925 2797 nec

171 2815 370 2847 quanquam,
398 2806 472 2839 licet
494 2809 578 2839 bono
600 2808 729 2850 ingenio
753 2809 924 2841 instructus

170 2847 222 2885 sit,
243 2848 305 2879 nisi
325 2849 404 2880 illud
417 2861 437 2881 a
446 2850 560 2891 puerili
574 2851 648 2883 inde
658 2859 748 2883 etate
762 2852 924 2883 studiosis-

174 2890 444 2930 simeexenmerit,
467 2894 591 2930 acuerit,
615 2902 647 2926 et
672 2895 758 2937 larga
775 2895 926 2926 doctrinae

175 2933 268 2974 copia
286 2934 526 2975 locupletaverit,
549 2938 623 2968 boni
637 2947 737 2979 poetae
751 2939 877 2971 laudem
898 2946 930 2971 et

175 2977 324 3009 honorem
339 2979 485 3023 consequi
500 2981 622 3020 posse.”

998 1480 1027 1501 v.
1044 1469 1120 1501 391.
1139 1472 1302 1508 Silveures,
1324 1470 1406 1502 inter
1419 1470 1499 1502 feras
1517 1471 1551 1502 in
1566 1471 1651 1503 silvis
1664 1473 1719 1504 de-

955 1519 1073 1554 gentes.
1163 1525 1258 1551 sacer,
1274 1521 1311 1545 ut
1325 1514 1410 1545 filius
1422 1515 1582 1554 Apollinis
1597 1523 1629 1547 et
1646 1517 1722 1548 cai-

955 1556 1062 1596 liopes,
1149 1559 1298 1597 {nequ-es
1325 1561 1465 1595 deorum.
1495 1560 1584 1600 quasi
1613 1570 1633 1590 a
1660 1560 1721 1590 diis

957 1599 1043 1640 ipsis,
1065 1610 1137 1640 quae
1157 1609 1292 1638 caneret,
1315 1601 1499 1640 accepissem
1523 1609 1555 1633 et
1569 1603 1613 1634 sic
1627 1613 1721 1634 sensu

957 1643 1084 1684 proprio
1097 1643 1159 1674 dici
1173 1650 1294 1684 poterat
1307 1651 1389 1676 vates
1403 1646 1536 1676 divinus.

1001 1697 1031 1717 v.
1048 1686 1123 1717 392.
1141 1690 1224 1719 victu
1234 1689 1332 1730 saedo,
1348 1690 1554 1719 vescebamur
1567 1689 1651 1719 enim
1667 1689 1722 1720 sil-

957 1737 1074 1760 vestres
1087 1730 1230 1761 homines
1242 1731 1408 1768 radicibus,
1423 1732 1590 1773 glandibus
1604 1733 1723 1774 (Glans

958 1775 1038 1805 aluit
1050 1780 1172 1804 veteres.
1199 1774 1317 1804 Tibull.
1339 1774 1388 1804 11.
1406 1774 1438 1805 3.
1457 1774 1529 1813 ¹71.)
1545 1782 1616 1806 cett.

1002 1826 1031 1846 v.
1050 1815 1126 1847 393.
1152 1818 1186 1847 ob
1201 1819 1265 1854 hoc,
1283 1817 1438 1848 Horatius
1451 1818 1517 1857 ipse
1531 1828 1668 1855 causam,
1683 1829 1722 1849 ex

960 1869 1023 1899 qua
1049 1859 1196 1898 Orpheus
1219 1861 1311 1900 tigres
1331 1867 1362 1891 et
1381 1862 1483 1892 leones
1503 1863 1601 1893 lenire
1621 1862 1724 1892 dictus

960 1903 1011 1938 sit,
1033 1902 1150 1942 aperit3
1173 1912 1212 1932 ex
1238 1903 1359 1934 feritate
1379 1903 1498 1935 scilicet
1518 1905 1662 1935 homines
1682 1906 1724 1936 ad

959 1945 1125 1976 cultiorem
1139 1945 1236 1975 vitam
1250 1946 1401 1977 traduxit.

1003 1998 1032 2017 v.
1044 1987 1121 2019 394.
1137 1990 1304 2029 Amphion,
1319 1989 1405 2019 filius
1417 1989 1507 2021 Jovis
1521 2000 1560 2020 ex
1574 1990 1724 2030 Antiopa,

960 2030 1056 2063 frater
1085 2032 1206 2068 Zeffies,
1232 2032 1350 2073 (Epist.
1378 2032 1406 2063 1.
1435 2031 1484 2062 18.
1514 2031 1587 2074 41.)
1617 2034 1684 2074 lym
1705 2045 1725 2065 a

964 2075 1128 2106 Mercurio
1140 2081 1266 2114 accepta
1279 2074 1408 2114 lapides,
1417 2083 1454 2106 ut
1467 2086 1577 2107 eorum
1592 2077 1726 2118 quisque

963 2124 1074 2156 sponte
1086 2118 1193 2148 locum
1203 2119 1339 2148 suumin
1349 2119 1520 2150 excitandis
1529 2120 1629 2151 muris
1640 2121 1727 2151 The-

963 2161 1053 2191 banis
1077 2167 1253 2201 occuparet,
1279 2161 1421 2192 canendo
1443 2163 1577 2194 movisse
1598 2163 1722 2194 dicitur.

967 2204 1068 2243 Supra
1085 2203 1148 2234 od.
1167 2204 1240 2235 ΙΙΙ.
1259 2203 1309 2235 ll.
1327 2204 1359 2235 2.
1393 2207 1492 2237 Movit
1507 2208 1663 2247 Amphion
1680 2209 1727 2237 la-

959 2249 1047 2288 pides
1076 2250 1225 2279 canendo.
1274 2249 1378 2279 Movit
1413 2249 1531 2279 scilicet
1561 2249 1726 2289 Amphion

966 2292 1094 2331 (blanda
1106 2291 1211 2331 prece)
1226 2290 1348 2322 blandis
1362 2292 1553 2323 carminibus
1566 2293 1616 2323 vel
1637 2293 1727 2324 blan-

964 2333 1005 2364 da
1025 2334 1215 2365 allocutione
1239 2335 1392 2372 homines
1418 2335 1473 2375 qui
1497 2335 1615 2374 lapides
1640 2346 1727 2366 com-

962 2383 1131 2416 portarent,
1155 2384 1187 2408 et
1212 2388 1302 2408 suam
1323 2378 1437 2419 cuique
1458 2378 1565 2409 sedem
1586 2379 1622 2409 iu
1643 2389 1726 2410 novo

963 2430 1056 2451 muro
1069 2420 1277 2462 adsignarent.

1009 2474 1038 2494 v.
1057 2463 1132 2494 396.
1150 2466 1229 2496 Fuit
1244 2467 1309 2496 Izaec
1323 2466 1472 2505 sapientia
1493 2470 1565 2496 cett.
1614 2465 1729 2497 Poeta-

966 2516 1038 2537 rum
1054 2507 1159 2538 studio
1173 2515 1205 2538 et
1218 2519 1312 2547 opera
1326 2508 1481 2547 sapienter
1503 2508 1661 2548 quondam
1676 2509 1730 2539 in-

967 2550 1112 2580 stitutum
1127 2558 1183 2588 est,
1199 2551 1325 2591 publica
1344 2553 1427 2582 bona
1440 2562 1458 2582 a
1472 2551 1597 2591 privatis
1617 2551 1727 2583 dister-

966 2594 1095 2627 minare,
1113 2602 1145 2624 et
1158 2605 1244 2625 sacra
1253 2606 1276 2625 -a
1289 2594 1428 2634 profanis
1441 2594 1658 2636 distinguere.—

1010 2647 1040 2668 ν.
1055 2636 1132 2668 398.
1145 2639 1310 2678 prohibere,
1325 2649 1367 2668 sc.
1385 2637 1629 2678 maritos;.saepe
1642 2639 1727 2670 enim

966 2680 1052 2719 apud
1079 2681 1250 2711 Horatium
1275 2688 1330 2712 aut
1352 2691 1390 2712 ex
1411 2681 1658 2720 precedentibus
1669 2682 1728 2713 ali-

966 2723 1042 2764 quid
1070 2724 1286 2764 repetendum,
1315 2731 1371 2755 aut
1400 2734 1438 2754 ex
1467 2725 1727 2766 subsequentibus

965 2766 1181 2798 advocandum
1197 2775 1252 2798 est.

1009 2819 1036 2840 v.
1055 2810 1130 2841 399.
1153 2813 1247 2852 ligno,
1271 2810 1384 2852 ligneis
1404 2810 1527 2848 tabulis,
1550 2821 1624 2843 cum
1645 2821 1726 2843 non-

965 2852 1043 2883 dum
1058 2861 1160 2884 essent
1174 2865 1271 2885 aereae.

1009 2906 1038 2926 v.
1056 2896 1131 2928 402.
1157 2900 1243 2938 Tyrt.
1255 2916 1299 2922 —
1313 2896 1494 2927 nobiliaeimi
1508 2905 1609 2939 poetae
1625 2900 1725 2930 Athe-

971 2939 1096 2977 niensis,
1117 2942 1244 2982 Τφιιεί,
1267 2940 1322 2981 qui
1343 2947 1414 2979 post
1437 2941 1615 2974 Homerum
1635 2943 1726 2980 vixit,

972 2989 1106 3025 quatuor
1120 2991 1243 3016 tantum
1262 2984 1383 3026 Elegiae
1399 2984 1447 3026 (in
1467 2985 1581 3026 quibus
1593 2986 1731 3018 militum
