1904 3250
181 203 266 244 534

817 163 1137 245 H'ORATII.

1569 204 1678 253 [Lm.
1704 216 1752 243 11.

298 326 486 369 Festinat
507 327 666 369 calidus
687 325 812 373 mulis
832 324 1075 383 gerulisque
1095 323 1333 376 redemtor;

297 397 490 454 Torquet
509 412 623 438 nunc
642 395 842 452 lapidem,
864 409 979 436 nunc
999 394 1148 452 ingens
1167 394 1364 438 machina
1382 396 1569 454 tignum;

297 466 457 508 Tristia
475 466 660 508 robustis
679 465 893 507 luctantur
912 464 1062 506 funera
1081 463 1306 520 plaustris3

208 543 262 582 75

296 539 392 581 Hac
412 539 579 581 rabiosa
598 538 707 597 fugit
725 539 855 589 canis,
878 537 959 580 hac
979 537 1187 580 lutulenta
1206 538 1292 580 ruit
1312 553 1409 580 sus:

296 608 317 650 I
339 622 465 658 nunc,
488 615 531 649 et
550 621 695 657 versus
717 616 858 650 tecum
878 606 1083 649 meditare
1104 621 1296 649 canoros.

298 672 563 736 Scriptorum
584 681 740 724 chorus
761 681 899 723 omnis
920 688 1033 722 amat
1052 695 1201 722 nemus
1223 688 1266 732 et
1284 679 1394 738 fugit
1412 681 1552 732 urbes,

298 751 396 793 Rite
417 751 546 794 cliens
570 751 742 803 Bacchi,
766 767 915 794 somno
934 750 1158 809 gaudentis
1179 759 1222 793 et
1240 751 1416 793 umbra:

296 823 366 865 Tu
387 839 455 866 me
476 825 586 867 inter
607 826 806 882 strepitus
827 833 1058 868 nocturnos
1079 833 1206 882 atque
1226 824 1401 866 diurnos

208 896 262 934 80

295 893 372 935 Vis
393 909 544 937 canere
562 903 607 945 et
627 903 844 937 contracta
864 895 983 952 sequi
1003 895 1180 952 vestigia
1198 893 1377 937 vatum?

295 963 533 1022 Ingenium,
556 965 637 1007 sibi
658 966 772 1023 quod
795 981 947 1008 vacuas
969 965 1174 1007 desumsit
1195 964 1401 1016 Athenas,

294 1035 351 1077 Et
371 1036 519 1078 studiis
540 1052 673 1079 annos
694 1046 856 1093 septem
876 1037 1007 1089 dedit,
1029 1037 1296 1094 insenuitque

294 1103 435 1146 Libris
457 1113 499 1147 et
519 1106 644 1157 curis,
669 1114 807 1149 statua
825 1106 1074 1156 taciturnius
1095 1107 1183 1148 exit

174 1220 311 1257 ter-valla.
327 1221 462 1253 molesta
475 1232 551 1253 sane
565 1228 597 1253 et
606 1222 808 1255 incommoda
822 1224 945 1255 homini

1032 1234 1060 1254 v.
1087 1223 1140 1254 75.
1169 1226 1244 1256 Hac
1280 1225 1398 1255 rabiosa
1422 1215 1520 1267 fiagit-
1545 1225 1642 1261 cam's‘,
1679 1234 1756 1264 pro:

176 1266 259 1296 viam
274 1265 355 1296 inter
369 1265 484 1296 collem
502 1265 678 1302 Quirinum
692 1273 725 1298 et
747 1268 945 1298 Aventinum
974 1269 1071 1310 sugit
1089 1266 1245 1299 Codicum
1262 1267 1461 1308 quorundam
1483 1267 1668 1299 auctoritate
1693 1269 1762 1299 Pea

176 1308 361 1346 emetienti;

174 1354 240 1384 sius
269 1351 380 1383 vertit:
421 1364 481 1385 von
512 1355 667 1386 hilbscher.
681 1357 943 1394 gemiicldicklceit.

178 1396 291 1427 Restat
312 1402 419 1427 tamen
440 1396 474 1427 in
496 1407 572 1428 voce
594 1400 731 1430 humane
752 1398 872 1439 aliquid
896 1399 946 1428 in-

176 1439 328 1476 solenfiae,
344 1450 441 1481 quam
456 1441 509 1471 vix
523 1441 643 1472 tribuas
659 1441 807 1472 Horatio.
858 1442 951 1473 Dixit

177 1483 234 1514 iue
248 1494 279 1515 v.
295 1482 349 1514 65.
367 1495 417 1516 me
434 1486 584 1516 Romaene
592 1491 741 1525 poemata
756 1497 860 1517 censes
874 1487 950 1517 scri-

178 1528 246 1559 bere
263 1539 361 1568 posse,
385 1529 469 1559 inter
493 1534 536 1559 tot
560 1540 653 1560 curas
675 1535 776 1570 totque
802 1531 917 1560 labores
930 1529 948 1559 2⁹

178 1571 223 1601 In
237 1578 377 1601 mentem
393 1570 491 1612 igitur
504 1571 583 1603 mihi
599 1571 752 1610 veniebat,
775 1572 951 1604 Horatium

175 1615 307 1645 fortasse
321 1615 498 1654 scripsisse:
525 1617 700 1647 Intervalla
725 1618 808 1648 vides
831 1619 950 1648 Roma-

174 1670 217 1689 no
241 1658 378 1700 (Romae
399 1658 531 1699 viventi)
563 1661 755 1691 incommoda
766 1677 778 1697 ,-
803 1660 854 1690 vel
875 1670 949 1690 cum

175 1701 442 1742 interrogatione:
479 1704 655 1734 Intervalla
687 1705 771 1735 vides
804 1706 949 1735 Romano

175 1747 335 1776 commoda
348 1745 367 1775 ἒ
392 1745 520 1777 videsne
534 1746 698 1778 intervalla
715 1747 831 1778 Romae
842 1747 950 1777 viven-

174 1788 200 1819 ti
215 1787 383 1820 commoda
393 1790 408 1819 Ρ
476 1814 480 1817 .
505 1791 621 1821 Verum
636 1793 739 1822 Puroe
752 1797 830 1822 sunt
837 1792 949 1831 plateae

175 1838 263 1870 cett„
289 1832 358 1873 jam
392 1833 442 1864 vel
474 1832 618 1870 Florum,
648 1834 699 1864 vel
727 1844 951 1875 que-cunque

175 1876 275 1906 alium
304 1876 546 1915 respondentem
573 1876 714 1908 inducit:
754 1878 878 1908 Verum
899 1878 950 1908 via

176 1920 211 1949 in
225 1919 337 1959 plateis
350 1919 447 1950 libere
462 1927 558 1960 patet,
575 1927 612 1950 ut
621 1920 807 1962 neutiquam
822 1927 950 1961 praeter-

177 1962 323 1993 euntium
339 1963 561 1994 meditationes
574 1963 864 2003 interrumpuntur:
878 1966 950 2004 pla-

178 2013 236 2038 teae
251 2017 356 2046 puroe,
379 2014 524 2047 purgatae
546 2007 596 2037 vel
617 2006 724 2038 liberae
746 2008 785 2037 ab
807 2006 856 2043 iis,
878 2017 951 2047 quae

177 2050 260 2080 viam
277 2050 540 2088 praetereuntibus
555 2050 782 2090 intersepiunt;
802 2061 908 2090 purus
922 2057 951 2081 et

173 2100 288 2134 patens
301 2104 443 2133 campus,
460 2093 532 2124 Liv.
553 2094 695 2125 XXIV.
716 2092 767 2124 14.

222 2147 252 2167 v.
278 2135 331 2167 72.
361 2137 438 2167 Non
464 2142 540 2168 sunt
569 2137 686 2174 liberae,
718 2136 876 2169 Horatius
902 2147 951 2167 re-

178 2180 324 2221 spondet,
341 2182 380 2211 ab
394 2180 629 2220 impedimentis
642 2193 649 2212 t
677 2182 821 2212 Festinat
836 2182 952 2212 calidus

179 2231 266 2261 cett„
278 2225 398 2255 calidus
409 2227 571 2260 redemtor,
584 2234 733 2264 manceps
746 2224 950 2268 (ἒςγόλαβος),

177 2267 235 2309 qui
248 2267 370 2298 fervido
384 2268 490 2298 studio
504 2267 619 2298 insistit
636 2268 794 2299 laboribus
815 2267 950 2305 aedificii,

178 2311 266 2353 quod
292 2317 378 2342 certo
402 2311 504 2351 pretio
527 2311 755 2342 exstruendum
776 2310 951 2349 conduxit3

179 2365 275 2394 supra
293 2354 357 2385 Od.
386 2355 457 2386 ΙΙΙ.
487 2353 516 2385 l.
544 2354 597 2385 35.
623 2357 685 2386 huc
696 2356 855 2398 frequens
884 2358 951 2387 Cae-

179 2405 286 2431 menta
301 2401 435 2430 demittit
447 2401 603 2430 redemtor
625 2410 699 2430 cum
712 2400 850 2439 famulis
875 2404 947 2430 cett.

180 2443 316 2474 —muL
347 2454 426 2482 ger„
458 2452 531 2481 pro:
557 2452 631 2472 cum
655 2444 750 2474 mulis
775 2449 807 2473 et
826 2444 952 2483 gerulis.

177 2487 281 2526 geruli
295 2492 371 2516 sunt
385 2485 498 2516 famuli
512 2485 562 2516 vel
575 2485 686 2527 bajuli,
703 2485 759 2527 qui
781 2485 953 2517 necessaria

180 2530 221 2562 ad
236 2528 457 2560 aedificandum
472 2536 679 2569 comportant.

226 2583 255 2603 v.
281 2571 334 2603 73.
362 2574 473 2613 ingens
487 2574 644 2610 machina,
660 2572 817 2615 ejusmodi
832 2573 951 2604 machi-

181 2627 224 2647 na
254 2615 434 2659 (trochlea),
464 2627 528 2658 qua
555 2616 684 2656 lapides,
714 2618 816 2647 trabes
838 2622 870 2647 et
890 2616 953 2648 alia

182 2661 323 2700 pondera
351 2660 528 2701 torquendo
556 2660 591 2690 in
619 2660 720 2691 altum
748 2660 950 2698 tollebantur,

181 2705 335 2735 instructa
349 2703 447 2735 fuisse
461 2703 585 2735 videtur
598 2710 676 2741 rota,
699 2709 737 2734 ut
757 2703 888 2745 colligas
910 2714 950 2734 ex

183 2748 254 2778 loco
272 2747 400 2778 Horatii
415 2758 510 2788 supra
527 2747 590 2779 Od.
617 2747 689 2778 111.
719 2746 769 2778 10.
799 2745 849 2777 10.
897 2749 951 2779 Νε

183 2798 331 2823 currente
345 2797 412 2822 rota
413 2792 513 2832 sunt}
526 2797 577 2823 eat
591 2797 684 2823 retro.

226 2846 255 2865 v.
282 2833 335 2865 74.
362 2837 478 2866 Tristia
502 2836 631 2867 robustis
653 2840 734 2872 cett,
758 2844 874 2874 pompa
899 2834 950 2865 fu-

185 2889 308 2916 nerum,
323 2889 399 2909 cum
413 2879 446 2908 in
462 2878 600 2918 plaustra
612 2878 696 2909 viam
711 2877 951 2909 intercludenda

184 2921 302 2958 incidit,
334 2933 353 2952 e
380 2922 431 2953 via
451 2922 593 2953 cedendo
614 2928 646 2953 et
668 2921 854 2953 declinando
875 2932 950 2952 cum

185 2964 247 2994 illis
261 2965 406 2996 luctatur.
460 2968 596 3004 robusta,
612 2965 789 3008 grandiora,
801 2964 949 3003 firmiora,

186 3017 261 3038 nos:
288 3011 466 3050 lastwagen.

443 1311 593 1347 humane,
609 1320 666 1350 per
686 1310 843 1349 ironiam;
874 1313 947 1343 Vos·
989 1311 1024 1342 in
1048 1317 1173 1342 textum
1198 1312 1317 1351 recepit.
1330 1313 1432 1354 furit,
1446 1311 1546 1353 ,quod
1565 1311 1654 1342 canis
1677 1311 1763 1342 rabie

990 1361 1151 1394 correptus
1179 1365 1245 1385 non
1259 1356 1385 1395 figiat,
1413 1355 1467 1386 sed
1481 1357 1583 1397 surae
1593 1371 1606 1392 ,-
1629 1353 1686 1386 sed
1709 1355 1761 1385 vix

990 1409 1093 1429 sermo
1101 1399 1170 1440 jam
1187 1409 1254 1429 esse
1268 1405 1370 1437 potest
1385 1398 1425 1430 de
1448 1409 1526 1430 cane
1550 1400 1666 1430 rabioso
1687 1408 1761 1438 pro·

993 1443 1061 1481 prie
1075 1442 1120 1472 sic
1146 1442 1240 1478 dicto,
1263 1443 1355 1483 cujus
1378 1442 1524 1481 pestifero
1550 1442 1670 1472 morsui
1692 1450 1764 1472 raro

993 1492 1117 1517 tantum
1132 1486 1167 1515 in
1189 1485 1239 1515 via
1261 1491 1293 1516 et
1314 1485 1425 1525 plateis
1449 1485 1583 1525 expositi
1607 1491 1683 1515 sunt
1705 1485 1763 1515 ho-

993 1529 1116 1567 mines;
1139 1528 1206 1559 imo
1222 1530 1380 1559 Horatius
1392 1539 1448 1568 per
1469 1540 1582 1560 canem
1606 1530 1762 1560 rabiosum

995 1582 1060 1603 non
1085 1571 1195 1609 alium,
1221 1572 1283 1603 nisi
1305 1582 1408 1603 acrem
1437 1579 1471 1603 et
1492 1571 1682 1607 mordacem,
1707 1571 1764 1613 qui

995 1626 1070 1647 cum
1099 1616 1215 1647 latratu
1247 1615 1283 1646 in
1311 1622 1535 1655 praetereuntes
1561 1615 1636 1652 ruit,
1666 1620 1699 1646 et
1723 1616 1763 1646 ab

991 1659 1105 1694 iisdem
1133 1660 1218 1690 fuste
1245 1659 1392 1699 repulsus
1417 1658 1546 1700 refugit,
1584 1657 1764 1699 designasse

993 1703 1126 1734 videtur.
1174 1703 1225 1734 Sic
1239 1702 1346 1734 leona·
1359 1702 1431 1734 irati
1444 1702 1529 1734 infra
1548 1701 1627 1733 393.
1649 1702 1763 1733 dicun-

993 1753 1046 1777 tur
1069 1748 1178 1778 rabidi.
1224 1745 1506 1783 Quemadmodum
1530 1752 1639 1777 nutem
1662 1747 1763 1778 rabies

993 1790 1110 1829 saepius
1122 1789 1271 1821 translate
1284 1789 1325 1820 de
1339 1788 1571 1820 vehementiore
1584 1788 1643 1827 ira,
1661 1788 1762 1829 impe-

993 1840 1039 1870 tu,
1055 1833 1163 1864 surore
1177 1840 1263 1871 cett.,
1281 1833 1337 1874 (de
1351 1832 1586 1864 mordadssima
1600 1831 1765 1864 dicacitate

993 1876 1076 1908 infra
1091 1876 1126 1907 in
1142 1877 1245 1916 Epist.
1261 1877 1303 1908 ad
1321 1876 1386 1908 Pis.
1405 1886 1434 1907 v.
1453 1874 1506 1907 79.
1538 1877 1765 1908 Archilochum

988 1922 1115 1962 promia
1137 1922 1236 1952 rabies
1255 1922 1388 1952 arnmvis
1417 1919 1544 1965 iambe)
1557 1919 1616 1956 ,ita
1637 1929 1765 1962 quoque

994 1966 1132 1996 rabiosus
1161 1964 1202 1995 de
1231 1974 1279 2000 eo,
1306 1974 1402 2005 quem
1425 1962 1640 1995 vehementior
1663 1963 1710 1994 ira
1730 1963 1765 1994 in

992 2008 1133 2036 furorem
1168 2007 1245 2049 agit,
1283 2007 1420 2046 dicitur3
1457 2009 1573 2039 rabiosa
1630 2008 1765 2038 mitade

993 2049 1080 2090 apud
1098 2049 1165 2081 Cic.
1183 2051 1218 2080 in
1237 2051 1359 2087 Quaest.
1379 2051 1475 2082 Tusc.
1496 2050 1559 2081 1v.
1622 2072 1631 2080 .
1645 2051 1766 2082 rabiosa

985 2094 1099 2134 jurgia
1115 2092 1200 2133 apud
1219 2094 1327 2124 Senec-
1344 2094 1380 2123 in
1397 2094 1496 2124 Herc.
1516 2093 1592 2127 Fur.
1610 2104 1641 2125 v.
1660 2092 1733 2125 172.

1039 2148 1068 2167 v.
1094 2135 1234 2168 76-78.
1259 2139 1284 2169 I
1295 2148 1398 2174 nunc,
1412 2136 1454 2168 cf.
1478 2147 1574 2177 supra
1593 2137 1636 2168 ad
1658 2137 1761 2177 Epist.

997 2181 1027 2212 1.
1061 2180 1092 2211 6.
1129 2179 1179 2211 17.
1278 2192 1417 2218 canoros,
1446 2180 1583 2213 suaviter
1605 2187 1771 2219 sonantes,-

994 2225 1082 2255 suavi
1097 2231 1193 2255 cantu
1208 2223 1442 2262 demulcente33
1469 2223 1515 2255 sie
1529 2233 1648 2264 cycnus
1669 2233 1764 2263 supra

998 2267 1062 2299 Od.
1082 2268 1134 2299 11.
1155 2267 1207 2300 20.
1225 2266 1276 2298 15.
1294 2269 1355 2299 ales
1378 2278 1523 2300 canorus-
1552 2267 1618 2298 Od.
1648 2267 1678 2298 I.
1709 2266 1760 2298 12.

998 2310 1049 2342 ll.
1063 2313 1149 2355 fides
1177 2322 1311 2343 canorae.
1403 2313 1477 2343 Rite
1504 2311 1598 2342 cliens
1628 2313 1761 2349 Bacchi,

995 2355 1178 2386 solemniter
1192 2355 1275 2386 inter
1290 2353 1410 2386 Bacchi
1422 2353 1555 2384 asseclas
1568 2361 1724 2394 receptus.

1038 2410 1068 2429 v.
1092 2398 1145 2430 80.
1170 2396 1330 2431 commeta
1357 2399 1444 2439 sequi
1470 2399 1595 2438 vestigia
1624 2398 1761 2430 vatum?

996 2443 1096 2474 varias
1119 2442 1276 2483 mirasque
1297 2441 1456 2478 lectiones,
1481 2450 1540 2480 pro
1560 2439 1646 2472 male
1669 2441 1763 2472 intel-

995 2486 1077 2517 lecta
1103 2485 1239 2516 lectione
1267 2490 1426 2516 contracta
1445 2484 1589 2515 inventas
1613 2484 1764 2524 prolatas·

994 2540 1066 2571 que,
1105 2538 1351 2560 commemorare
1386 2527 1466 2559 nihil
1505 2527 1639 2566 attinet3
1681 2529 1764 2560 bene

994 2573 1079 2604 enim
1108 2583 1142 2603 se
1170 2573 1263 2603 habet
1287 2570 1382 2603 lectio
1406 2577 1578 2608 contracta,
1601 2571 1762 2613 eleganter

994 2622 1096 2657 poetae
1110 2622 1249 2646 mentem
1274 2615 1463 2654 exprimens.
1511 2614 1654 2656 vestigia
1679 2615 1763 2646 scili-

994 2666 1044 2691 cet
1071 2666 1243 2699 poetarum,
1272 2658 1338 2699 qui,
1369 2663 1407 2689 ut
1434 2657 1531 2690 modo
1560 2658 1680 2690 dictum
1702 2664 1761 2697 est,

993 2703 1080 2734 urbis
1093 2702 1259 2743 strepitum
1282 2701 1450 2743 fugientes,
1473 2701 1508 2732 in
1530 2702 1710 2734 nemoribus
1730 2708 1764 2734 et

993 2747 1070 2778 locis
1098 2746 1262 2783 umbrosis,
1292 2746 1347 2776 ubi
1379 2745 1520 2776 carmina
1555 2745 1760 2783 meditentur,

994 2801 1061 2821 sese
1085 2789 1274 2821 abscondere
1293 2788 1403 2825 solent,
1429 2788 1464 2818 in
1485 2788 1562 2826 sola,
1587 2795 1707 2821 remota
1727 2795 1760 2820 et

993 2834 1206 2909 ἲηὲἒῗιιὲἰοα
1219 2834 1459 2884 contrahuntur.
1480 2831 1594 2908 (eggid.
1609 2832 1710 2884 'Trisn
1724 2832 1757 2883 i.

1017 2899 1025 2908 .
1094 2898 1104 2907 .
1175 2887 1281 2908 rmzna
1302 2887 1452 2908 secessum
1473 2887 1488 2907 s
1552 2883 1630 2908 enen
1643 2883 1672 2908 et
1697 2882 1760 2913 otta

993 2926 1148 2963 quaemnt.
1176 2920 1317 2960 Propert.
1346 2919 1418 2950 ΙΙΙ.
1446 2918 1473 2950 l.
1495 2918 1546 2950 14.
1573 2922 1649 2952 Non
1663 2922 1759 2952 datur

993 2968 1035 2996 ad
1050 2966 1162 2997 Musas
1176 2975 1302 2998 currere
1325 2965 1389 2994 lata
1413 2963 1492 3004 via.)
1538 2963 1643 3000 Verba
1662 2963 1760 3005 igitur

994 3015 1022 3039 et
1038 3014 1194 3039 contracta
1209 3009 1292 3048 sequi
1319 3008 1442 3047 vestigia
1468 3013 1583 3045 vatum,
1611 3006 1755 3047 explico:
