1904 3250
184 127 269 196 3¹92

306 280 464 330 Quanti
485 278 638 322 emtae?
670 279 822 320 Parvo.

810 153 1113 196 HORATH

886 278 1046 327 Quanti
1065 278 1198 337 ergo?

1562 160 1670 208 [un.
1693 171 1744 199 11.

1259 279 1521 323 Octus'ffibus.
1582 281 1704 324 Eheu
1723 281 1734 325 !

304 347 421 398 Quid
441 347 579 397 refert,
601 346 763 396 morbo,
785 360 840 387 an
861 344 982 388 furtis
1002 361 1223 402 pereamve
1242 347 1430 405 rapinis?

305 419 510 469 Quisnam
531 418 658 475 igitur
679 416 838 459 sanus?

899 416 987 467 Qui
1007 432 1092 459 non
1113 418 1276 462 stultus.
1338 420 1457 471 Quid
1478 421 1659 464 avarus?

307 492 466 535 Stultus
487 499 528 532 et
548 491 732 532 insanus.
793 489 946 540 Quid?
975 491 1009 532 si
1030 491 1123 547 quis
1142 505 1228 533 non
1247 492 1302 534 sit
1319 507 1482 545 avarus,

197 569 275 606 160
309 564 521 606 Continuo
542 561 701 604 sanus?
763 562 954 605 Minime.

1020 563 1122 614 Cur,
1147 563 1323 606 Stoice?
1381 565 1552 609 Dicam.

308 636 405 677 Non
426 643 488 677 est
508 634 735 686 cardiacus,
763 636 1006 691 (Craterum
1027 636 1183 678 dixisse
1203 636 1389 692 putato,)

310 705 393 746 Hic
414 712 540 762 aeg'er.

607 705 738 747 Recte
759 713 822 747 est
842 706 983 763 igitur,
1005 705 1264 764 surgetque?
1323 706 1527 765 Negabit3

307 773 435 822 Quod
455 773 564 815 latus
585 782 657 815 aut
677 788 797 816 renes
817 774 967 816 morbo
987 781 1200 816 tententur
1223 783 1357 817 acuto.
1494 821 1500 828 ‚

307 845 404 887 Non
425 853 488 887 est
507 847 714 903 perjurus,
735 862 871 904 neque
893 847 1109 889 sordidus:
1143 847 1330 889 immolet
1348 849 1480 906 aequis

197 917 274 956 165
308 914 392 956 Hic
412 929 587 970 porcum
610 915 804 957 Laribus.

870 915 1030 958 Verum
1050 917 1294 958 ambitiosus
1314 924 1356 961 et
1376 917 1536 960 audax:

311 986 491 1045 Naviget
513 988 785 1046 Anticyram:
817 988 919 1045 quid
939 989 1051 1030 enim
1071 988 1224 1040 differt,
1245 989 1499 1032 barathrone

307 1059 468 1111 Dones,
491 1061 691 1117 quicquid
711 1061 840 1103 habes
857 1078 869 1111 3
900 1077 954 1103 an
973 1077 1188 1118 nunquam
1208 1070 1327 1104 utare
1345 1062 1535 1118 paratis?

311 1132 480 1174 Servius
503 1132 714 1190 Oppidius
739 1132 898 1176 Canusi
918 1134 1004 1176 duo
1024 1134 1198 1190 praedia,
1220 1134 1335 1176 dives

270 1228 273 1229 ⁷
309 1207 498 1264 Antiquo
518 1223 658 1260 censu,
681 1210 796 1251 natis⁴
811 1207 964 1251 divisse
985 1209 1150 1251 duobus

198 1278 278 1317 170
310 1274 474 1327 Fertur,
497 1286 538 1319 et
558 1278 650 1320 haec
671 1279 854 1320 moriens
875 1278 1016 1334 pueris
1038 1278 1195 1319 dixisse
1216 1279 1372 1320 vocatis

188 1403 409 1447 ptisanarium,
433 1404 573 1444 apposite
594 1415 668 1436 sane
688 1405 730 1436 ad
753 1415 873 1436 morem
888 1415 955 1436 me-

194 1445 349 1482 dicorum,
362 1445 556 1479 mollioribus
569 1448 669 1480 verbis
682 1448 789 1479 omnia
804 1444 891 1489 apud
914 1459 955 1479 ae-

193 1495 299 1530 grotos
312 1489 513 1522 elevantium.

238 1543 266 1562 v.
288 1531 358 1563 158.
385 1543 462 1573 pro:
502 1536 584 1570 Quid
607 1536 751 1568 avarus?
782 1534 897 1578 legitur
921 1535 956 1566 in

195 1582 256 1607 vet.
275 1576 343 1607 libr.
362 1577 446 1617 apud
461 1580 562 1609 Feam
602 1581 678 1615 Quis
699 1590 811 1611 avaras
823 1579 840 1609 θ’
870 1579 957 1629 quod

195 1629 260 1650 non
275 1619 427 1659 displicet,
443 1621 517 1662 quia
530 1621 652 1654 dixerat
665 1623 760 1654 modo
778 1620 950 1654 Hor-auus:

200 1665 348 1699 Quisnam
360 1666 456 1704 igitur
470 1676 566 1697 sanus
578 1666 596 1696 Ρ
782 1675 785 1679 ’

238 1717 267 1737 v.
293 1705 365 1737 160.
391 1719 459 1746 cur,
482 1709 608 1740 Stoice?
657 1709 822 1742 Stertinius
851 1719 883 1740 se
908 1709 957 1750 ip-

195 1760 267 1781 sum
281 1756 318 1781 ut
334 1750 475 1782 Stoicum
489 1752 632 1792 appellat.

239 1804 268 1824 v.
300 1792 372 1824 161.
397 1797 571 1834 cardiacus,
596 1796 651 1837 qui
677 1797 837 1835 stomachi,
862 1804 958 1837 quem

138 1834 140 1836 ’
199 1843 318 1868 veteres
345 1838 448 1869 Graeci
471 1838 588 1882 ιαρδιίι
613 1840 821 1880 appellabant,
844 1839 959 1871 dolori·

195 1881 255 1912 bus
268 1880 427 1922 affligitur.
487 1885 658 1920 Craterum,
674 1885 771 1915 schol.
786 1886 861 1916 Acr-
883 1886 960 1915 Cra·

196 1931 279 1955 tems
287 1925 393 1967 fuisse
415 1926 530 1958 dicitur
544 1927 604 1958 iuis
617 1928 802 1968 temporibus
816 1928 960 1968 opinatis-

197 1969 294 1999 simus
309 1970 454 2000 medicus.
724 1977 726 1980 '

240 2022 268 2041 v.
290 2010 361 2042 162.
386 2019 466 2044 recte
490 2020 532 2044 est
563 2015 666 2053 igitur.
689 2021 772 2045 recte
793 2013 892 2056 igitur
905 2012 959 2044 ille

198 2065 232 2086 se
246 2056 348 2086 habet.
437 2058 566 2096 negabit,
583 2067 625 2088 sc.
646 2055 802 2089 craterus.

239 2108 268 2128 V.
292 2098 362 2130 163.
397 2101 497 2130 morbo
527 2107 629 2139 acuto,
661 2100 744 2132 acuti
774 2108 806 2132 et
834 2100 960 2132 acrioris

199 2141 323 2172 doloris.
705 2142 708 2146 ’

194 2188 199 2192 ”
220 2192 270 2215 ¹v.
292 2184 363 2216 166.
389 2188 509 2227 naviget
530 2189 727 2229 Anticyram,
743 2187 784 2220 cf.
803 2187 842 2219 ad
857 2198 885 2217 v.
902 2186 956 2218 83.

199 2230 433 2260 —baratlzrone
459 2232 545 2262 Don.
577 2232 729 2273 quicquid*
748 2232 829 2269 hab„
852 2237 961 2262 utrum

199 2281 274 2312 opes
302 2279 373 2304 tuas
394 2273 572 2304 ambitionis
601 2281 632 2305 et
662 2274 772 2316 gratiae‘
800 2274 963 2315 captandae

196 2315 294 2346 'causa
314 2315 412 2347 dones
429 2316 559 2356 populo,
574 2318 627 2358 qui
651 2319 794 2349 barathro
808 2319 839 2349 h.
859 2329 886 2348 e.
904 2316 964 2348 im-

201 2368 318 2391 mensae
340 2360 480 2402 voragini
493 2361 599 2392 omnia
612 2361 787 2393 absorbenti
802 2367 834 2393 et
846 2361 957 2403 deglu-

201 2403 290 2434 tienti
304 2410 351 2433 est
365 2403 484 2440 smilis,
498 2414 537 2434 an
553 2411 623 2435 cett.
766 2412 767 2416 ’

245 2457 274 2476 ν.
295 2445 366 2478 169.
391 2448 472 2478 dives
487 2449 626 2489 Antiqua
641 2460 744 2484 censu,
761 2457 817 2488 pro
831 2447 958 2486 ratione,

201 2498 264 2530 qua
278 2490 391 2531 aliquis
403 2490 576 2531 antiquitus
589 2491 675 2522 dives
688 2493 880 2523 censebatur.
939 2501 942 2503 ’

200 2535 202 2537 “
246 2544 275 2564 v.
296 2533 481 2572 wlstatos,
502 2534 587 2575 quod
611 2535 651 2565 de
672 2535 719 2573 iis,
741 2545 813 2575 quae
828 2535 868 2566 ad
882 2534 959 2565 talo-

203 2586 275 2607 rum
304 2584 336 2609 et
363 2584 547 2608 tesserarum
570 2577 683 2608 ludum
709 2584 859 2618 spectant,
887 2577 965 2609 scire

204 2630 284 2660 opus
297 2628 354 2659 est,
370 2620 502 2652 breviter
521 2628 554 2652 et
575 2629 718 2652 accurate
739 2620 883 2661 exposuit
900 2621 964 2652 Er-

204 2671 279 2696 nest.
298 2665 331 2695 in
350 2664 437 2696 Clav.
455 2664 523 2696 cic.
541 2675 565 2701 s,
581 2675 657 2695 voce
670 2667 763 2697 talus.

246 2719 275 2739 v.
298 2706 476 2740 171-175,
494 2714 662 2750 postquam
684 2714 713 2739 te
742 2710 828 2739 talos.
877 2707 966 2739 Sicut

197 2750 306 2789 hodie,
330 2753 374 2783 ita
395 2752 471 2783 olim
492 2760 616 2793 quoque
635 2751 724 2790 pueri
739 2751 819 2788 talia
834 2753 964 2783 nucibus

206 2805 263 2835 pro
276 2795 406 2836 praemio
415 2796 528 2836 positis,
550 2797 657 2827 ludere
677 2794 826 2825 solebant.
875 2794 963 2825 Hinc

206 2840 311 2878 sponsi
325 2839 377 2870 die
390 2838 523 2879 nuptiali
537 2839 717 2880 spargebant
731 2847 835 2875 nuces,
854 2837 960 2880 (Virg.

208 2883 322 2924 Eclog.
349 2883 455 2914 VIII.
476 2882 528 2914 30.
552 2893 668 2923 sparge,
693 2883 812 2918 marite,
839 2881 962 2922 nuces.)

208 2936 240 2955 se
255 2926 385 2965 puerilia
399 2937 484 2958 nunc
505 2925 659 2966 deponere
680 2924 767 2960 velle,
783 2924 962 2966 significan-

208 2975 261 2998 tes.
356 2972 476 3011 Oppidii
502 2970 580 3001 alter
607 2968 700 3007 filius,
730 2970 844 3007 Aulus,
868 2968 962 3008 paulo

998 1405 1095 1435 levior
1109 1411 1142 1436 et
1154 1405 1195 1436 ad
1209 1405 1424 1437 liberalitatem
1444 1406 1635 1447 propensior,
1658 1411 1761 1448 aperte

999 1448 1032 1478 in
1057 1455 1139 1489 togae
1161 1450 1233 1480 sinu
1247 1451 1324 1487 [az-o,
1341 1449 1451 1491 (latius
1463 1451 1606 1490 extenso)
1622 1453 1762 1490 portabat

998 1492 1760 1576 ¹¹⁰1{⁶23133323⁸¹513b5353413⁶²¹3¹2⁰3133⁰ffi⁹

1475 1559 1486 1574 ‚
1747 1555 1761 1564 .

999 1588 1075 1618 pore
1103 1577 1181 1608 nihil
1214 1579 1242 1609 ei
1272 1585 1399 1610 restaret
1424 1579 1465 1611 de
1490 1579 1646 1617 nucibus;
1674 1580 1760 1618 alter,

1005 1623 1157 1657 filum-ius,
1179 1622 1276 1662 paulo
1295 1622 1335 1654 ad
1350 1631 1418 1654 rem
1431 1623 1578 1654 attentior
1591 1630 1623 1655 et
1634 1623 1676 1655 ad
1690 1635 1762 1664 ava-

998 1665 1101 1696 ritiam
1122 1665 1298 1704 proclivior,
1321 1665 1436 1706 saepius
1456 1668 1641 1698 numerabat
1653 1676 1762 1705 nuces,

1000 1708 1385 1784 &affirmem
1385 1708 1764 1785 000οὛ0

1255 1788 1259 1791 .
1490 1777 1501 1792 2

1001 1796 1091 1826 cebet
1103 1801 1201 1834 pater,
1227 1804 1269 1827 ne
1291 1794 1400 1827 Aulus
1419 1795 1590 1838 aliqnando
1602 1796 1761 1840 prodigus,

1003 1838 1151 1870 Tiberius
1164 1846 1275 1870 avarus
1291 1839 1446 1880 extiturus
1459 1846 1549 1871 emet.

1045 1891 1075 1912 v.
1095 1879 1168 1912 173.
1195 1884 1285 1916 cavis.
1301 1881 1342 1913 de
1354 1881 1432 1914 locis
1444 1883 1598 1915 excavatis
1611 1882 1676 1915 sive
1687 1883 1765 1916 late-

1000 1925 1079 2000 ὴΒΞίς,
1093 1931 1132 1956 ut
1145 1925 1227 1956 infra
1244 1926 1307 1957 Sat.
1322 1922 1378 1959 11.
1397 1924 1428 1957 6.
1442 1923 1496 1958 81.
1514 1933 1547 1958 et
1561 1926 1664 1968 Epist.
1683 1924 1712 1959 1.
1730 1925 1761 1959 7.

1044 2023 1073 2042 v.
1095 2011 1166 2042 174.
1191 2015 1315 2049 vesania
1336 2015 1458 2051 discors,
1479 2012 1571 2045 aliter
1582 2012 1669 2046 enim
1682 2014 1766 2046 ima·-

999 2055 1050 2087 nit
1061 2058 1222 2097 prodigus,
1237 2054 1328 2087 aliter
1340 2066 1462 2091 avam&

1045 2110 1075 2130 v.
1094 2098 1167 2130 175.
1192 2102 1597 2141 Νοηιεηῑαηαημῖαρροιιι
1619 2107 1651 2132 et
1665 2101 1764 2132 nebm

1003 2144 1118 2181 lonem,
1138 2143 1201 2174 Sat.
1223 2143 1252 2174 Ι.
1274 2142 1302 2174 1.
1323 2142 1385 2174 102
1399 2150 1432 2176 et
1448 2141 1521 2175 104.
1537 2150 1684 2184 nepotem
1700 2143 1763 2176 sat.

1005 2187 1055 2217 11.
1078 2186 1105 2217 1.
1123 2186 1177 2217 22.
1203 2189 1359 2226 Cicutam,
1381 2187 1424 2221 cf.
1445 2197 1476 2219 v.
1495 2186 1548 2218 69.
1573 2194 1606 2219 et
1625 2187 1689 2219 Sat.
1709 2186 1759 2219 II.

1048 2284 1078 2304 v.
1099 2273 1172 2305 177.
1195 2274 1299 2315 majus
1313 2275 1433 2316 fidas,
1455 2275 1578 2306 andus
1602 2273 1704 2306 fana-e
1732 2281 1764 2307 et

1007 2317 1196 2358 amplificare
1209 2317 1343 2349 studeas.

1044 2372 1072 2392 v.
1100 2360 1171 2392 178.
1196 2368 1225 2392 et
1239 2367 1356 2392 natura
1370 2366 1492 2398 coercet,
1508 2365 1540 2391 et
1552 2365 1672 2392 mturae
1685 2362 1763 2403 legi.

1001 2406 1071 2442 bus,
1097 2404 1266 2436 immodica
1287 2412 1421 2445 quaeque
1444 2403 1614 2435 coercentis
1630 2406 1761 2437 eteohi-

1004 2447 1115 2484 henas,
1129 2453 1371 2478 consentaneum
1386 2452 1442 2477 est.
1524 2454 1527 2456 ·

1046 2501 1074 2522 v.
1095 2489 1166 2522 181.
1183 2488 1369 2524 intestabilis.
1391 2489 1557 2530 interprete
1584 2492 1765 2525 Umerholz-

1002 2543 1074 2566 nero
1089 2534 1173 2575 apud
1189 2532 1559 2578 Heindorfiumdieitur,
1583 2534 1639 2575 qui
1662 2545 1763 2577 neque

1006 2584 1226 2610 vestamentum
1239 2577 1351 2614 faeere,
1365 2586 1469 2618 neque
1489 2587 1528 2607 ex
1551 2576 1636 2610 sacto
1656 2578 1763 2620 aliquo

1003 2624 1191 2652 'testamento
1217 2621 1300 2651 bona
1319 2619 1467 2660 accipere,
1493 2629 1598 2662 neque
1619 2620 1763 2655 sedendo

1002 2670 1190 2695 *ammento
1209 2663 1296 2694 tostis
1308 2662 1415 2694 adesse
1426 2669 1548 2704 poterat
1556 2676 1566 2701 3
1589 2664 1652 2696 fuit
1665 2666 1763 2708 igitur

1006 2708 1100 2738 homo
1120 2706 1263 2738 omnium
1289 2707 1460 2738 mummi
1480 2706 1649 2748 exposims,
1667 2710 1764 2742 homo

1006 2750 1143 2782 nefarius
1156 2755 1188 2781 et
1199 2749 1406 2789 detestabilis3
1428 2750 1502 2782 hinc
1515 2750 1601 2792 apud
1617 2751 1764 2785 Tacitum

1009 2793 1125 2825 Annal.
1135 2793 1214 2825 XV.
1228 2788 1281 2824 56.
1298 2794 1475 2826 intestabilis
1488 2799 1521 2825 et
1533 2797 1764 2837 consceleratus,

1000 2882 1190 2923 junguntur.
1279 2892 1371 2917 sacer,
1385 2881 1591 2920 exsecrabilis,
1607 2883 1660 2915 cui
1680 2883 1764 2915 dms

1005 2925 1221 2964 imprecamur.

1048 2979 1074 2999 v.
1099 2966 1274 2999 182-186.
1303 2970 1343 3000 In
1361 2970 1455 3042 ctieere
1470 2974 1539 3000 cett.
1586 2970 1661 3002 Jam
1676 2975 1762 3011 pater
