1904 3250
777 181 1018 220 HOR'ATII
1047 181 1254 222 METRA.

1697 180 1764 220 xxi

245 291 400 330 Horatii
408 290 503 337 ,odae
520 303 591 342 per
608 303 743 328 versus
760 289 822 328 vel
841 290 1015 342 ejusdem
1042 303 1180 341 usque,
1210 289 1272 327 vel
1299 289 1468 341 duplicis
1501 289 1564 328 vel
1595 289 1759 342 triplicis

189 356 342 407 generis
373 356 596 395 decurrunt.
651 355 752 394 Sunt
782 355 904 406 igitur
928 355 1111 400 ποιήματα
1139 353 1203 392 vel
1234 356 1413 399 μονόκωλα
1439 354 1502 392 vel
1529 355 1661 392 δίκωλα
1695 353 1759 392 vel

191 422 355 474 ‹glun-M
409 420 555 460 Versus
580 427 710 459 autem
729 419 874 458 diversi
891 419 1057 471 generis,
1078 431 1126 457 ex
1145 426 1250 458 certo
1267 418 1401 457 ordine
1421 431 1574 471 semper
1590 418 1758 457 redeun-

190 496 261 536 tes,
288 493 486 540 systemata
515 489 628 539 (nost
654 487 826 539 slrophen
845 501 874 526 s.
899 487 1064 537 stanzen)
1091 487 1262 525 efficiunt
1288 485 1361 526 sibi
1390 486 1432 524 in
1462 486 1588 526 vicem
1629 486 1758 538 quoad

190 555 418 607 rhythmum
453 555 602 595 similia.
659 555 811 604 Quodsi
846 563 936 607 post
971 555 1111 594 seriem
1146 555 1328 594 binorum
1366 567 1550 593 versuum
1585 555 1757 607 primum

188 632 315 672 genus
338 620 452 671 redit,
480 628 648 672 systema
674 628 732 659 est
759 620 941 684 BlorgoPou
967 632 1017 657 ex
1044 633 1123 671 quo
1142 619 1238 672 quid
1258 619 1309 658 sit
1326 622 1517 674 τςίστςοφον,
1535 623 1753 674 μοιόστςοφω,

188 686 418 738 πτςάπςοφον
433 685 546 724 facile
563 692 683 736 patet.

503 896 769 936 VERSUUM
797 897 1174 937 SINGULORUM
1203 898 1447 938 GENERA.

659 1019 661 1021 ·
741 1011 774 1035 a.
840 997 972 1035 Versus
989 997 1147 1035 iambici.

196 1102 228 1135 1.
257 1097 402 1136 Versus
420 1096 687 1148 Ityphallicus,
707 1096 775 1147 qui
794 1104 852 1135 est
870 1097 1034 1135 dimeter
1052 1097 1417 1148 brachycatalectus.

612 1194 852 1219 u-u-uz

293 1244 342 1283 cs.
360 1257 468 1283 num.
491 1249 552 1288 19.

185 1317 223 1350 2.
252 1312 395 1351 Versus
412 1311 600 1359 iambicus
617 1310 782 1349 dimeter
800 1310 1030 1349 acatalectus
1048 1324 1077 1348 s.
1098 1310 1377 1361 quaternarius.

502 1402 534 1420 υ
546 1404 575 1411 -
627 1401 658 1419 υ
670 1403 698 1410 -
751 1401 820 1419 υ·
873 1401 904 1419 υ
917 1395 943 1418 x

504 1601 764 1620 υυυυυυ

431 1675 438 1682 .
503 1647 648 1686 lnam}
666 1633 867 1686 ωζιιαωῑω.
927 1647 1053 1699 Epod.
1075 1653 1112 1687 3.
1136 1652 1197 1687 18.

511 1715 575 1754 Vel
589 1715 716 1753 hoedus
733 1721 880 1767 ereptus
897 1715 995 1767 lupo.
1051 1716 1179 1767 Epod.
1198 1715 1320 1754 2:60.

504 1782 648 1820 Imbres
667 1782 838 1835 nivesque
854 1789 1056 1835 comparat.
1113 1783 1240 1835 Epod.
1260 1789 1298 1822 2.
1320 1789 1383 1822 30.

505 1849 612 1887 Fortu·
628 1863 825 1901 sequamur
836 1856 996 1902 pectore.
1054 1851 1180 1902 Epod.
1204 1856 1237 1891 1.
1260 1857 1321 1890 14.

510 1917 652 1970 Vide're
665 1916 920 1970 propelrantes
935 1919 1089 1957 domum.
1145 1920 1272 1971 Epod.
1291 1916 1413 1959 2.“62.

505 1984 575 2022 Ast
593 1984 677 2037 ego}
691 1985 849 2023 vicissim
867 1986 994 2024 riser-o.
1051 1987 1177 2039 Epod.
1201 1993 1261 2026 15.
1282 1993 1346 2026 20.

294 2048 354 2086 Cf.
373 2047 423 2086 de
439 2047 515 2086 hoc
532 2061 647 2086 versu
666 2062 773 2086 num.
788 2054 845 2087 20
860 2057 900 2088 et
916 2055 981 2088 21.

292 2113 363 2152 Est
380 2113 421 2151 in
439 2120 565 2152 metro
585 2114 661 2151 XV
679 2122 719 2152 et
738 2113 850 2151 XVI.

208 2222 244 2256 3.
273 2218 417 2257 Versus
434 2218 622 2257 iambicus
639 2219 813 2259 trimeter
830 2221 1047 2260 catalectus.

499 2310 531 2328 υ
547 2313 576 2319 ·-
628 2310 659 2329 υ
670 2313 700 2320 -
751 2311 782 2329 υ
794 2314 823 2321 -·
876 2312 907 2331 υ
918 2315 947 2322 -
1000 2313 1069 2331 υ·-
1122 2308 1147 2330 Ξ

501 2446 1111 2460 ...............................................

606 2507 727 2527 υυυ

502 2548 594 2587 Mea
612 2550 752 2588 renidet
770 2551 810 2588 in
827 2551 930 2590 domo
946 2551 1113 2590 lacunar.
1142 2553 1181 2590 ii.
1205 2558 1265 2592 18.
1285 2559 1323 2592 2.

498 2617 589 2656 Jam
608 2623 643 2656 te
654 2625 795 2670 premet
813 2619 1108 2672 nooefabulaeque
1125 2635 1260 2659 manes.
1289 2622 1313 2659 i.
1334 2628 1370 2660 4.
1393 2622 1453 2661 16.

497 2682 721 2736 Regum'que
732 2682 876 2736 puelris
894 2698 960 2723 nec
977 2684 1122 2723 satelles
1137 2685 1227 2723 orci.
1253 2686 1292 2724 ii.
1317 2691 1376 2725 18.
1397 2692 1460 2725 34.

287 2746 360 2785 Est
385 2747 427 2785 in
444 2756 569 2787 metro
587 2750 682 2788 XII.
701 2757 742 2788 et
760 2750 919 2789 XVIII.

209 2853 245 2886 4.
272 2838 416 2889 Versus
434 2851 620 2892 iambicus
637 2853 811 2893 trimeter
828 2855 1058 2894 aoetalecms
1076 2871 1105 2895 s.
1125 2858 1306 2896 senarius.

275 2965 291 2982 ⁸
311 2962 411 2996 Pedes
424 2966 483 2997 sub
495 2965 610 2998 lineola
624 2974 772 3007 punctsts
785 2968 878 3008 positi
891 2979 992 3043 ηἱιιιὸε
1003 2969 1215 3001 inveniuntur.
