1904 3250
183 182 237 219 88

803 174 1106 219 HORATII

1556 175 1663 223 [Lm.
1686 185 1736 212 11.

745 364 1067 408 CARMEN
1099 364 1181 405 VI.

773 490 842 521 AD
866 488 1158 521 SEPTIMIUM.

304 599 509 646 SEPT1M1‚
534 594 677 637 Gades
698 592 861 634 aditure
880 606 1059 642 mecum,
1081 599 1123 632 et

303 669 560 712 Cantabrum
580 666 794 708 indoctum
808 666 913 722 juga
930 663 1040 706 ferre
1059 671 1214 714 nostra,
1236 670 1279 704 et

304 743 511 785 Barbaras
531 741 687 797 Syrtes,
709 739 782 781 ubi
804 737 961 780 Maura
981 751 1144 793 semper

706 807 876 850 AEstuat
895 807 1031 849 unda:

244 886 268 922 5
302 881 450 931 Tibur,
475 880 617 938 Argeo
638 879 820 935 positum
841 878 1003 928 colono,

304 954 366 995 Sit
386 969 490 995 meae
512 952 630 994 sedes
650 952 810 994 utinam
831 957 1034 1001 senectae3

304 1026 367 1067 Sit
386 1025 534 1067 modus
555 1025 664 1066 lasso
685 1025 811 1066 maris
833 1031 874 1065 et
893 1024 1054 1066 viarum

707 1095 969 1154 Militiaeque.

185 1245 262 1273 llum
281 1243 336 1273 nit·
364 1247 400 1272 ut
420 1252 504 1281 pura
531 1247 601 1272 cett.
634 1241 725 1283 cujus
752 1239 876 1271 humeri
903 1240 947 1271 ita

186 1284 320 1316 candore
341 1285 441 1315 nitent
466 1294 558 1325 atque
583 1284 756 1324 splendent,
783 1284 831 1315 uti
857 1290 948 1315 nocte

187 1327 336 1360 sublustri
361 1328 466 1369 imago
491 1329 576 1359 lunae
603 1328 638 1358 in
665 1327 745 1359 mari
769 1337 947 1368 repercussa

185 1371 348 1413 splendere
375 1372 462 1403 solet.
525 1371 819 1411 Exsplendescentis
841 1377 946 1402 autem

185 1414 414 1456 pulcritudinis,
428 1415 586 1456 praecipue
598 1415 632 1445 in
647 1415 719 1446 albo
737 1414 840 1446 colore
860 1424 948 1454 spec-

184 1465 268 1497 tatae,
283 1469 357 1489 cum
372 1458 458 1489 lunae
471 1459 504 1489 in
519 1459 607 1500 aquis
620 1468 801 1498 repercusso
823 1457 947 1499 fulgore

187 1501 377 1543 comparatio
389 1502 502 1542 passim
516 1503 600 1543 apud
621 1509 740 1533 veteres
760 1508 866 1542 poetas
891 1503 949 1532 ob·

186 1546 258 1583 νίας
281 1546 343 1576 vid.
371 1556 442 1586 quae
463 1547 496 1576 in
520 1547 601 1577 hanc
625 1555 693 1576 rem
713 1546 891 1576 notavimus
911 1545 944 1575 iu

187 1589 301 1631 Eclog.
330 1589 415 1620 Vett.
441 1589 544 1621 Poett.
569 1589 610 1621 ad
641 1589 712 1621 val.
739 1589 842 1621 Flaoe.
871 1588 942 1619 III.

185 1632 261 1665 558.
279 1643 310 1673 p.
325 1632 399 1663 222.
452 1635 596 1669 Cnidius,
612 1635 651 1664 ab
661 1633 730 1675 ejus
742 1633 851 1674 patria,
868 1632 948 1664 Gni-

187 1679 240 1715 do,
255 1676 305 1707 vel
323 1677 433 1715 Cariae,
448 1677 497 1707 vel
515 1677 610 1717 Cypri
624 1678 712 1713 urbe,
728 1677 772 1708 sic
786 1676 897 1708 dictus.

229 1728 260 1752 v.
290 1718 429 1751 21—24.
473 1723 571 1756 Quem
600 1722 627 1752 si
652 1722 831 1761 puellarum
859 1722 946 1752 choro

186 1770 259 1796 cett.
308 1764 443 1795 Sensus:
469 1774 562 1805 quem
591 1764 617 1794 si
646 1764 821 1804 puellarum
847 1765 946 1795 turbae

185 1807 384 1844 immisceres,
407 1809 475 1850 ejus
496 1818 515 1838 a
536 1807 642 1848 puella
667 1807 841 1843 discrimen,
862 1806 948 1848 quod

186 1851 282 1883 soluti
303 1851 403 1882 crines
427 1858 459 1882 et
483 1851 590 1882 vuitus
610 1858 756 1882 venustas
780 1852 948 1882 obscurum

186 1894 416 1936 et'ambiguum
439 1895 587 1932 reddunt,
609 1905 650 1926 ne
669 1894 858 1937 sagacissimi
879 1893 950 1935 qui-

186 1938 267 1975 dem,
285 1940 378 1981 (mire
397 1938 532 1979 sagaces)
556 1938 611 1979 qui
631 1949 705 1970 eum
727 1938 868 1969 nondum
891 1947 949 1968 no-

187 1989 262 2013 runt
288 1983 442 2025 (hospites)
466 1982 755 2013 animadverterent.
844 1983 950 2014 dist-ri-

187 2026 667 2100 ffiffiefflffi’scifflssfiffl
675 2035 951 2102 05:5„23012233

579 2090 588 2099 ⁸
841 2093 849 2107 2

186 2112 280 2144 facile
299 2112 463 2143 oculorum
485 2112 552 2144 acie
575 2113 815 2154 assequendum.
903 2124 951 2145 so·

187 2158 247 2188 lul·-
265 2158 344 2188 crin·
361 2156 461 2186 crines
475 2156 560 2186 enim
576 2156 693 2188 solvere
714 2156 855 2188 solebant
877 2166 952 2188 cum

188 2200 279 2240 pueri
312 2207 383 2230 tum
412 2199 527 2240 puellae
554 2199 769 2238 delicatiores3
806 2200 846 2231 cf.
874 2200 948 2231 infr.

189 2243 264 2275 111.
282 2242 335 2274 20.
363 2241 413 2273 14.
441 2243 503 2274 IV.
533 2241 581 2274 10.
607 2242 638 2274 3.
669 2243 772 2284 Epod.
803 2244 870 2275 XI.
895 2243 948 2275 28.

189 2306 234 2313 -
245 2289 387 2327 ambiguo
403 2288 434 2317 h.
453 2296 481 2317 e.
494 2286 728 2323 dubitationem,
739 2294 847 2318 utrum
861 2298 950 2327 puer,

189 2340 231 2362 au
244 2330 350 2371 puella
370 2330 420 2368 sit,
443 2338 596 2361 movente.
639 2329 810 2371 ¹Simillime
832 2337 950 2369 autem,

189 2380 228 2405 ut
236 2374 304 2415 jam
317 2373 491 2405 observavit
508 2373 557 2404 Cl.
577 2375 716 2411 Mitsclz„
735 2374 951 2413 Hermaphro-

190 2416 292 2448 ditum
314 2417 460 2449 describit
485 2416 618 2448 Lucian.
651 2417 692 2447 D.
723 2417 766 2448 D.
799 2417 946 2448 XXIII.

191 2459 246 2492 1332
261 2462 368 2498 θῆλυς,
383 2461 436 2492 ’καὶ
457 2460 613 2503 ἡμίανδρος,
637 2462 688 2491 καὶ
711 2460 873 2501 ἀμφίβολος
900 2462 951 2495 τὴν

190 2503 274 2544 ὄψιν·
287 2505 389 2536 ot’m‘oe'v
401 2503 562 2547 διακρίναις,
587 2504 637 2535 εἴτ’
660 2504 763 2545 ἵφηβος
787 2505 871 2541 ἐστὶν,
894 2504 950 2535 εἴτε

192 2549 245 2580 καὶ
259 2547 397 2591 παρθίνοὲ.

424 2633 633 2666 CARMEN
658 2633 721 2664 VI.

239 2721 436 2762 Septimium,
450 2730 554 2763 quem,
571 2726 609 2752 ut
622 2724 766 2760 spectatae
779 2719 854 2750 fidei
870 2719 949 2751 ami-

194 2775 278 2801 cum,
294 2765 498 2796 remotissima
510 2773 643 2807 quaeque
663 2773 770 2795 secum
795 2762 864 2794 loca
883 2763 950 2794 adi·

193 2813 303 2839 turum
339 2819 406 2840 esse
433 2808 492 2840 sibi
521 2816 702 2849 persuasum
731 2807 834 2844 habet,
862 2813 952 2848 rogat

194 2858 295 2889 poeta,
317 2858 354 2883 ut
375 2863 461 2884 nunc
481 2850 516 2883 in
534 2860 652 2893 agrum
678 2850 879 2882 Tiburtinum
902 2850 952 2881 vel

196 2894 413 2934 Tarentinum,
445 2895 501 2928 ubi
537 2894 688 2936 reliquam
723 2893 795 2925 vitae
829 2899 949 2934 partem

193 2943 403 2970 transacturus
416 2939 466 2978 sit,
484 2950 517 2970 se
537 2938 710 2974 comitetur,
733 2944 775 2976 et,
796 2937 822 2968 si
842 2947 947 2977 supre-

193 2989 282 3011 mum
293 2981 379 3013 diem
394 2982 436 3014 ibi
457 2982 577 3021 obierit,
598 2981 658 3023 piis
677 2981 811 3014 lacrimis
831 2980 950 3012 cineres

989 1239 1164 1281 spargendo
1193 1239 1281 1281 justa
1312 1239 1369 1271 sibi
1398 1238 1559 1280 persolvat.
1576 1254 1620 1264 -—
1636 1238 1750 1270 Omnis

989 1283 1087 1324 igitur
1111 1283 1206 1324 hujus
1228 1283 1374 1314 carminis
1395 1283 1467 1314 finis
1489 1282 1524 1312 in
1543 1292 1632 1320 rarae,
1653 1293 1748 1323 quam

991 1327 1162 1367 Septimius
1174 1333 1274 1367 poetae
1288 1328 1476 1366 probaverat,
1491 1325 1635 1357 amicitiae
1655 1326 1749 1357 laude

989 1370 1153 1411 ponendus
1180 1381 1246 1401 esse
1270 1370 1402 1402 videtur.
1416 1369 1620 1402 -Eundem
1649 1369 1750 1409 Septi·
1818 1365 1825 1372 ⁸

988 1414 1101 1451 mium,
1139 1414 1275 1455 equitem
1312 1415 1365 1456 (ut
1393 1415 1557 1454 probatum
1584 1413 1641 1443 ivit
1671 1412 1750 1444 Por-

989 1457 1115 1498 phyrio)
1171 1458 1364 1494 Romanum,
1423 1457 1550 1489 Tiberio
1605 1457 1648 1488 U.
1707 1456 1747 1488 C·

992 1501 1232 1533 DCCXXXI.
1274 1501 1308 1532 in
1346 1501 1509 1533 Orientem
1543 1500 1751 1541 proficiscenti
1789 1529 1797 1536 „

988 1544 1189 1576 commendat
1205 1544 1320 1576 Noster
1332 1544 1406 1575 infr.
1426 1545 1488 1585 Ep.
1508 1544 1536 1575 Ι.
1554 1543 1585 1574 9.

1032 1599 1061 1619 v.
1083 1586 1174 1619 1-4.
1215 1590 1316 1621 Gades
1339 1590 1440 1630 (nune
1463 1587 1571 1628 Cadit)
1595 1586 1636 1618 cf·
1660 1597 1745 1627 supr.

989 1631 1030 1664 ad
1047 1630 1217 1663 11.2.11.
1305 1634 1429 1664 aditure
1442 1642 1577 1668 mecum,
1591 1630 1634 1662 ad
1655 1629 1750 1661 fidem

989 1676 1075 1707 enim
1103 1675 1137 1706 in
1165 1675 1303 1706 amicitia
1336 1674 1528 1726 probandam
1562 1674 1752 1706 referebatur

989 1726 1115 1760 paratus
1128 1719 1221 1750 amici
1233 1719 1370 1750 amicum
1395 1719 1429 1749 in
1450 1717 1670 1749 mantissimas
1690 1724 1752 1748 ter-

989 1774 1033 1794 rae
1054 1769 1155 1803 partes
1179 1762 1348 1794 comitandi
1367 1761 1511 1799 animus3
1538 1761 1654 1793 eamn.
1680 1760 1748 1792 XI.

994 1805 1022 1838 1.
1069 1808 1154 1839 Furi
1166 1813 1195 1838 et
1209 1808 1332 1843 Aureli,
1347 1807 1467 1838 comites
1483 1806 1606 1841 catulli,
1628 1806 1695 1836 Sive
1715 1805 1752 1836 in

991 1857 1136 1883 extremos
1167 1851 1340 1891 penetrabit
1370 1851 1466 1882 Indm
1496 1854 1568 1880 cett.
1594 1847 1636 1879 cf.
1674 1847 1748 1879 infr.

994 1893 1100 1934 Epod.
1137 1894 1186 1925 11.
1218 1892 1255 1924 11
1283 1903 1366 1935 seqq.
1393 1901 1425 1924 et
1448 1892 1576 1924 laudata
1607 1891 1643 1922 in
1670 1892 1752 1923 hanc

992 1947 1059 1968 rem
1083 1948 1103 1969 a
1133 1937 1183 1969 cl.
1212 1939 1335 1969 Mitsch.
1358 1936 1512 1976 exempla.
1603 1936 1749 1967 Cantabr-

992 1999 1037 2007 —
1051 1982 1209 2018 Cantabri,
1238 1980 1375 2021 populus
1406 1978 1571 2020 Hispaniae
1604 1977 1754 2010 Tarraco-

993 2025 1098 2056 nensis
1110 2024 1370 2061 bellicosissimus,
1383 2023 1471 2065 (infr.
1490 2023 1540 2054 11.
1553 2021 1602 2054 ll·
1621 2021 1649 2053 l.
1671 2024 1754 2058 Quid

993 2070 1147 2101 bellicosus
1163 2070 1316 2100 Cantaber
1328 2067 1591 2108 cet.)jamseme1
1614 2067 1654 2098 ab
1681 2066 1752 2097 Au—

993 2119 1088 2154 gusto
1121 2112 1164 2144 U.
1217 2112 1252 2143 C.
1293 2110 1534 2143 Dccxxlx.
1572 2115 1606 2141 et
1638 2109 1753 2140 iterum

997 2155 1239 2188 DCCXXXI.
1260 2155 1369 2192 victus,
1389 2154 1525 2195 denique
1549 2154 1590 2184 ab
1610 2153 1753 2195 Agrippa

996 2198 1272 2231 DCCXXXIV.
1311 2197 1522 2238 perdomitu83
1579 2196 1643 2228 vid.
1687 2195 1754 2227 Dio

996 2243 1091 2274 LIV.
1113 2241 1161 2273 11.
1180 2242 1253 2273 hinc
1269 2242 1459 2274 Cantabrum
1474 2240 1591 2272 Noster
1603 2239 1684 2271 dixit
1703 2241 1753 2272 in-

995 2289 1119 2318 doctum
1123 2297 1207 2327 ,φησει
1209 2286 1304 2334 ferre
1317 2291 1433 2321 nostra,
1448 2293 1514 2314 non
1527 2284 1572 2314 ita
1585 2294 1619 2314 se
1631 2282 1753 2315 domari

993 2329 1172 2370 patientem,
1196 2334 1234 2359 ut
1249 2327 1330 2369 juga
1349 2334 1455 2358 nostra
1476 2327 1557 2358 ferre
1574 2327 1696 2364 discen
1717 2327 1750 2358 h.

994 2383 1022 2404 e.
1053 2372 1166 2404 ditioni
1192 2377 1305 2401 nostrae
1333 2381 1367 2402 se
1394 2370 1545 2412 subjicere
1570 2370 1753 2408 nolentem3

992 2421 1178 2458 quapropter
1205 2414 1278 2445 infr.
1312 2414 1384 2446 111.
1417 2413 1449 2445 8.
1488 2413 1541 2445 22.
1590 2416 1751 2451 Cantaber,

991 2471 1059 2492 sem
1094 2461 1226 2491 domitus
1258 2465 1376 2491 catena.
1430 2459 1530 2490 Barb.
1561 2461 1666 2500 Syrtes
1708 2457 1750 2489 ef.

993 2513 1077 2543 supr.
1089 2502 1129 2534 ad
1145 2502 1174 2533 1.
1190 2500 1243 2532 22.
1260 2501 1293 2532 5.
1380 2503 1526 2534 barbaras
1546 2502 1628 2533 refer
1645 2501 1686 2533 ad
1705 2501 1754 2532 fe-

993 2556 1044 2577 ros
1074 2545 1251 2577 accolarum
1286 2555 1397 2576 mores.
1496 2546 1617 2577 Maura
1651 2547 1752 2582 unda,

993 2599 1080 2621 mare
1095 2589 1253 2627 Africum,
1269 2590 1308 2620 ab
1321 2596 1460 2620 extrema
1475 2588 1594 2620 Αἰήτεω
1613 2588 1751 2630 regione,

995 2632 1197 2668 Mauritania,
1215 2634 1316 2675 (nunc
1330 2634 1486 2664 Marocoo.
1492 2632 1506 2673 )

1035 2687 1064 2707 v.
1081 2675 1178 2707 5-8.
1202 2678 1271 2717 Arg
1272 2688 1304 2708 eo
1323 2678 1412 2717 posit.
1436 2678 1536 2708 colono
1556 2685 1576 2706 a
1598 2674 1752 2711 Tiburno,

995 2719 1110 2751 Catillo
1145 2726 1177 2750 et
1208 2721 1300 2757 Cora,
1329 2719 1485 2757 fmuibus,
1513 2718 1569 2760 qui
1596 2717 1751 2750 coloniam

994 2763 1146 2805 Argivam
1181 2773 1218 2794 eo
1254 2763 1462 2799 deduxerunt,
1497 2761 1670 2799 eonditum,
1706 2761 1747 2793 cf.

995 2816 1079 2846 supr.
1095 2806 1135 2838 ad
1149 2807 1177 2837 Ι.
1194 2806 1242 2838 18.
1257 2807 1287 2838 2.
1302 2817 1415 2848 ponere
1427 2816 1502 2846 prot
1521 2805 1664 2843 condere,
1675 2805 1751 2836 fun-

994 2849 1078 2888 dare,
1103 2851 1237 2890 passim3
1272 2852 1316 2881 sic
1343 2852 1418 2883 urbs
1445 2851 1543 2881 alieno
1569 2850 1634 2881 loco
1651 2850 1751 2890 posita

991 2893 1075 2932 apud
1098 2893 1168 2925 Liv.
1196 2894 1257 2925 IV.
1288 2893 1340 2925 48.
1365 2893 1406 2925 cf.
1433 2892 1547 2935 virgil.
1577 2893 1654 2923 AEn.
1683 2892 1747 2924 lv.

991 2936 1065 2968 212.
1153 2941 1272 2975 modus,
1287 2938 1384 2974 locus,
1399 2936 1454 2968 ubi
1474 2935 1588 2968 modus
1609 2935 1747 2976 ponitur,

991 2980 1164 3019 terminus;
1249 2984 1324 3013 lasso
1338 2982 1434 3013 marie
1451 2986 1481 3012 ee
1501 2981 1540 3013 υἱ.
1563 2981 1652 3013 mitit.
1670 2979 1746 3010 mihi
