1904 3250
223 177 311 216 458

255 302 311 340 25
346 299 422 351 Sit,
445 301 518 358 qui
539 301 654 342 dicta
671 300 786 342 foras
805 299 1016 350 eliminet3

864 174 1175 219 HORATII

1647 183 1755 232 [mn.
1779 194 1810 223 1.

1046 309 1096 343 ut
1123 310 1243 344 coeat
1260 318 1339 359 par

342 369 638 427 Jungaturque
659 370 765 425 pari.
783 364 788 370 ⁶
829 369 1009 411 Butram
1029 370 1119 422 tibi,
1145 371 1473 433 Septiciumque,

344 442 401 483 Et
420 443 500 483 nisi
521 457 643 483 coena
661 442 780 498 prior
799 443 1024 500 potiorque
1043 443 1188 499 puella
1209 445 1412 489 Sabinum

342 511 532 562 Detinet,
555 526 789 553 assumam:
821 511 941 554 locus
969 521 1033 555 est
1052 520 1095 555 et
1114 513 1308 570 pluribus
1327 518 1516 569 umbris;

344 583 430 626 Sed
449 584 574 625 nimis
596 592 713 626 arcta
731 593 932 641 premunt
951 585 1078 628 olidae
1100 587 1292 629 convivia
1311 604 1466 645 caprae.

253 659 310 698 30
342 655 426 706 Tu,
449 663 604 712 quotus
625 671 716 698 esse
737 657 854 708 velis,
877 658 1087 709 rescribe3
1118 666 1162 700 et
1181 659 1308 702 rebus
1329 661 1493 703 omissis
1512 700 1515 701 γ

341 724 464 767 Atria
484 734 721 769 servantem
741 728 905 783 postico
924 727 1252 771 fallefclientem.

754 937 1153 981 EPISTOLA
1198 939 1284 981 VI.

831 1082 901 1113 AD
924 1068 1201 1116 NUMICIUM.

343 1223 433 1266 Nn.
463 1224 663 1266 admirari
683 1240 819 1281 prope
839 1241 907 1267 res
928 1233 993 1268 est
1012 1241 1110 1276 una,
1134 1224 1320 1277 Numici,

343 1297 540 1354 Solaque,
563 1313 659 1354 quae
679 1299 814 1353 possit
833 1298 971 1340 facere
992 1306 1035 1340 et
1054 1313 1223 1340 servare
1242 1298 1428 1341 beatum.

342 1365 474 1408 Hunc
494 1366 639 1418 solem,
662 1375 704 1409 et
725 1367 879 1419 stellas,
902 1375 945 1409 et
964 1367 1214 1410 decedentia
1234 1369 1359 1410 certis

341 1435 560 1492 Tempora
578 1437 815 1488 momentis,
839 1445 949 1488 sunt,
972 1438 1046 1493 qui
1065 1436 1291 1479 formidine
1310 1436 1429 1479 nulla

283 1512 309 1550 5
341 1508 501 1550 Imbuti
521 1517 734 1565 spectent:
767 1508 870 1566 quid
891 1524 1036 1550 censes
1057 1523 1236 1551 munera
1255 1507 1414 1551 terrae?

342 1577 461 1627 Quid
481 1578 608 1619 maris
629 1586 842 1620 extremos
864 1578 1032 1620 Arabas
1053 1578 1224 1620 ditantis
1245 1586 1289 1620 et
1309 1578 1441 1620 Indos
1457 1577 1478 1620 Ρ

222 1708 313 1746 thari,
338 1718 434 1750 quam
460 1708 560 1740 lancis
580 1709 662 1744 bene
682 1707 814 1740 detersae
834 1714 869 1740 et
888 1708 996 1748 politae

221 1751 370 1792 splendor
385 1751 558 1793 imaginem
580 1758 670 1783 tuam
691 1751 767 1783 inde
781 1762 996 1792 repercussam

222 1796 280 1827 tibi
293 1802 514 1835 repraesentem
535 1796 576 1826 de
597 1798 758 1831 cantharo,
776 1795 884 1835 poculi
897 1806 996 1837 gene-

221 1838 348 1877 1e‚,vid.
367 1849 463 1877 supra
476 1839 518 1870 ad
535 1839 599 1870 Od.
620 1839 650 1869 1.
668 1838 722 1869 20.
741 1837 773 1869 2.

265 1893 295 1914 v.
312 1882 454 1913 25-27.
472 1885 619 1920 eliminet,
635 1882 798 1923 eleganter
811 1892 887 1921 pro:
906 1882 995 1913 evul-

220 1933 286 1969 get,
302 1926 443 1964 effutiat3
466 1936 539 1967 quae
553 1927 646 1956 amici
660 1925 743 1956 inter
757 1937 791 1956 se
805 1926 994 1967 colloquun-

220 1978 284 2006 tur,
311 1981 349 2001 ea
374 1976 462 2000 extra
485 1970 592 2005 limen,
617 1970 671 2000 ubi
693 1976 914 2005 convenerant,
931 1979 997 2000 non

221 2023 379 2050 emanare,
403 2014 436 2044 h.
466 2023 494 2043 e.
518 2023 595 2044 cum
617 2012 688 2043 aliis
712 2012 940 2043 communicari
965 2019 997 2044 et

221 2058 372 2098 patefieri,
384 2056 509 2087 debent.
593 2068 668 2097 par,
684 2057 740 2097 qui
754 2055 844 2087 alteri
859 2063 891 2086 et
906 2062 997 2087 aetate

223 2107 255 2132 et
269 2100 426 2132 sentiendi
440 2098 619 2141 agendique
641 2100 761 2131 ratione
782 2109 840 2139 par
860 2107 918 2138 est,
941 2100 997 2141 qui

222 2144 334 2175 eadem
349 2154 425 2175 cum
447 2145 545 2174 altero
567 2142 671 2174 studia
685 2149 833 2174 sectatur.
922 2146 996 2184 Sep-

223 2190 405 2228 ticiumque,
422 2194 496 2218 ante
510 2189 692 2218 Bentleium
708 2187 891 2229 legebatur:
923 2189 996 2227 Sep-

222 2234 417 2273 timiumque‚
447 2237 486 2262 ut
513 2230 744 2271 intelligeretur
771 2231 875 2262 Titius
899 2232 997 2271 Septi-

223 2278 317 2313 mins,
344 2275 436 2316 cujus
461 2284 558 2314 supra
583 2273 689 2313 Epist.
713 2273 745 2305 3.
771 2284 800 2304 v.
828 2273 858 2304 9.
877 2274 998 2304 mentio

222 2320 308 2350 facta
322 2325 378 2350 est.
469 2328 557 2349 coena
578 2319 676 2357 prior,
694 2319 735 2348 ad
750 2327 848 2359 quam
868 2318 936 2358 jam
958 2319 998 2348 ab

223 2363 288 2394 alio
303 2368 432 2393 vocatus
445 2372 490 2399 ες,
508 2362 621 2401 potior,
637 2371 735 2391 coenae
750 2360 836 2401 apud
851 2371 904 2391 me
917 2371 1000 2401 prae-

223 2406 375 2443 ferenda;
391 2416 464 2446 pro:
486 2406 658 2445 potiorque,
673 2405 803 2436 malim:
817 2406 963 2445 patim-ve.

268 2461 298 2480 v.
316 2449 370 2480 29.
389 2451 477 2480 otidae
491 2458 604 2487 caproe,
622 2447 770 2487 caprinus
784 2448 834 2478 vel
856 2447 999 2478 hircinus

223 2493 316 2524 foetor
345 2493 405 2523 sub
432 2491 491 2522 alis
520 2491 708 2529 hominum;
745 2493 850 2532 gravis
885 2493 997 2528 hircus,

224 2546 321 2577 supra
351 2535 457 2575 Epod.
493 2533 543 2565 12.
575 2533 607 2564 5.
654 2537 742 2566 Trux
777 2546 879 2575 caper,
913 2534 999 2574 apud

228 2579 348 2612 Catull.
378 2578 517 2610 LXIX.
548 2576 580 2609 5.
609 2578 696 2608 haud
721 2578 819 2609 dubie
842 2578 999 2609 Horatius

224 2623 363 2664 respexit
376 2622 525 2663 aliquem,
540 2631 645 2662 quem,
669 2622 729 2652 hoc
751 2621 836 2651 malo
851 2621 996 2652 laboran-

224 2674 302 2705 tem,
317 2668 463 2698 umbram
478 2664 594 2696 adduci
609 2664 745 2702 nolebat,
768 2664 875 2695 addita
890 2675 995 2702 eausa,

226 2721 279 2749 ne,
302 2710 330 2741 si
357 2710 538 2751 Torquatus
562 2708 668 2748 plures
693 2718 801 2739 secum
827 2707 998 2739 adduceret

225 2756 364 2790 umbras,
393 2753 515 2785 alarum
540 2751 600 2783 iste
620 2751 700 2782 odor
720 2750 860 2782 convivis
881 2752 998 2782 arctius

225 2797 485 2829 accumbentibus
499 2806 538 2827 eo
551 2794 676 2837 gravior
690 2801 722 2826 et
730 2794 890 2825 molestior
904 2801 993 2825 esset.

270 2853 299 2872 v.
318 2840 373 2872 30.
398 2843 461 2878 Tu,
475 2846 588 2882 quotus
600 2849 663 2870 esse
677 2840 758 2875 velis,
781 2837 900 2868 scilicet
921 2848 997 2869 cum

227 2886 357 2923 umbris,
372 2894 430 2925 pro
443 2883 586 2925 vulgari:
611 2882 755 2920 rescribe,
775 2888 853 2922 quot
867 2883 994 2912 umbras

226 2935 332 2959 tecum
358 2927 553 2960 adducturus
575 2925 627 2965 sis,
653 2925 713 2965 vel,
737 2932 815 2968 quot
835 2924 921 2965 apud
942 2935 994 2956 me

1039 1717 1163 1738 coenare
1177 1708 1236 1740 tibi
1254 1708 1386 1749 placeat.
1476 1711 1578 1748 rebus,
1600 1712 1711 1750 causis,
1734 1723 1814 1755 quas

1039 1750 1255 1783 defendendas
1269 1758 1449 1792 susceperat
1464 1753 1656 1795 Torquatus.

1056 1837 1064 1844 ι
1083 1804 1112 1824 v.
1132 1793 1186 1826 31.
1205 1798 1299 1828 Atria
1318 1802 1504 1834 servantem,
1527 1797 1561 1827 in
1576 1797 1657 1830 atrio
1670 1805 1702 1830 te
1715 1809 1813 1840 oppe-

1039 1845 1183 1870 nentem.

1258 1925 1506 1958 EPISTOLA
1530 1927 1595 1959 VI.

1289 2012 1344 2044 An
1367 2012 1564 2047 Nummum.

1087 2099 1278 2130 Humanam
1297 2099 1479 2132 felicitatem
1501 2102 1542 2133 ab
1562 2100 1671 2133 animo
1691 2102 1738 2134 nil
1755 2103 1812 2136 ad-

1040 2142 1184 2178 mitante,
1201 2143 1233 2173 h.
1248 2153 1277 2174 e.
1294 2153 1399 2185 neque
1412 2143 1549 2175 nimium
1563 2153 1738 2186 appetente,
1755 2158 1813 2178 ne-

1039 2197 1102 2227 que
1114 2186 1250 2216 nimium
1261 2187 1393 2218 timente
1402 2187 1587 2229 quidquam,
1597 2190 1811 2229 repetendam,

1042 2236 1074 2260 et
1088 2239 1217 2261 omnem
1232 2240 1360 2270 operam
1374 2229 1410 2260 in
1431 2230 1555 2262 virtutis
1571 2232 1676 2263 sardio
1689 2243 1811 2274 ponen-

1043 2272 1116 2304 dam
1131 2283 1207 2309 esse,
1224 2273 1440 2314 philosophica
1451 2274 1605 2316 gravitate
1618 2275 1719 2308 docet.

1085 2327 1113 2348 v.
1132 2315 1160 2347 l.
1180 2318 1241 2348 Nil
1253 2318 1406 2351 admirari
1420 2323 1501 2355 cett,
1516 2318 1607 2349 nulla
1620 2319 1752 2351 omnino
1765 2331 1810 2359 re,

1043 2360 1108 2391 sive
1126 2360 1198 2391 laeta
1219 2360 1284 2391 sive
1305 2360 1396 2397 tristi,
1418 2361 1554 2402 graviter
1574 2361 1668 2400 affici,
1690 2363 1747 2395 sed
1769 2375 1813 2395 ω..

1041 2414 1138 2445 quam
1154 2403 1187 2433 in
1202 2404 1295 2434 rebus
1308 2402 1415 2434 arduis
1428 2404 1544 2444 pariter
1560 2405 1642 2447 (Od.
1657 2406 1707 2438 ΙΙ.
1717 2407 1750 2443 3.
1765 2407 1811 2448 1.)

1042 2454 1138 2488 atque
1154 2446 1188 2476 in
1202 2447 1293 2477 bonis
1306 2453 1447 2478 mentem
1468 2458 1600 2486 servare,
1623 2450 1684 2481 hoc
1705 2461 1811 2483 unum

1041 2501 1100 2521 nos
1126 2492 1235 2530 beatos
1258 2489 1389 2521 reddere
1413 2497 1446 2522 et
1469 2498 1616 2531 praestare
1636 2500 1748 2534 potest.
1765 2513 1812 2521 —

1042 2535 1195 2565 admirari
1213 2533 1282 2575 jam
1308 2533 1348 2565 de
1362 2534 1472 2574 quavis
1492 2535 1637 2576 graviore
1649 2536 1811 2571 animine-

1041 2577 1196 2615 fectione3
1284 2578 1471 2616 Numicius,
1485 2578 1546 2609 nisi
1559 2585 1607 2611 est
1622 2589 1740 2612 nomen
1754 2581 1811 2614 fic-

1039 2627 1120 2658 tum,
1146 2621 1242 2651 homo
1264 2619 1362 2651 fuisse
1384 2620 1508 2652 videtur
1528 2627 1594 2653 tam
1622 2622 1658 2654 in
1682 2623 1810 2664 divitiis,

1039 2674 1135 2706 quam
1151 2663 1185 2693 in
1199 2664 1370 2695 honon'bus
1383 2665 1566 2704 appetendis
1579 2666 1710 2700 nimius.

1083 2717 1114 2738 v.
1131 2705 1164 2737 3.
1181 2713 1211 2738 et
1237 2709 1339 2739 deced.
1357 2714 1433 2739 cert.
1461 2710 1569 2750 Temp.
1593 2718 1757 2751 moment„
1778 2718 1811 2744 et

1041 2757 1178 2792 quatuor
1191 2750 1267 2781 anni
1280 2757 1422 2791 tempora
1435 2751 1476 2782 ad
1498 2753 1572 2784 solis
1585 2764 1715 2786 cursum
1728 2765 1811 2796 pre-

1041 2794 1152 2825 stituto
1165 2800 1328 2825 momento
1343 2794 1535 2827 decedentia.

1084 2848 1112 2868 v.
1131 2835 1304 2879 ‘lusor-mid.
1323 2840 1412 2870 nulla
1427 2840 1510 2871 Imb.
1527 2847 1633 2882 spect„
1654 2841 1723 2874 sine
1743 2841 1811 2874 ulla

1037 2880 1207 2914 formidine
1220 2881 1483 2921 contemplentur.

1083 2935 1111 2956 v.
1138 2922 1257 2956 5-11.
1294 2925 1430 2959 Sensus:
1462 2934 1494 2959 at
1520 2927 1596 2969 quid
1615 2927 1744 2970 judicas
1768 2919 1809 2960 «ιε
