1904 3250
229 183 315 222 538

860 181 1199 225 HORATII¹

348 306 617 349 Praetulerim
637 306 819 362 scriptor
838 306 997 348 delirus
1017 307 1215 364 inersque
1233 309 1380 361 videri,

344 377 465 419 Dum
484 392 579 419 mea
599 376 810 418 delectent
828 375 941 418 mala
959 392 1041 428 me,
1063 377 1131 419 vel
1151 376 1332 435 denique
1351 379 1509 431 fallant,

347 449 489 499 Quam
511 464 671 505 sapere,
694 456 738 491 et
756 449 881 507 ringi.

346 520 435 570 Qui
456 536 500 562 se
522 521 722 563 credebat
741 521 870 563 miros
882 512 1040 564 ¹audire
1059 522 1289 580 tragoedos,

233 597 312 635 130

346 593 398 635 In
418 608 552 635 vacuo
572 593 695 635 laetus
717 609 857 636 sessor
876 595 1135 653 plausorque
1155 595 1338 648 theatro;

346 662 514 704 Caetera
534 663 607 719 qui
627 663 725 705 vitae
747 672 933 706 servaret
951 665 1097 707 munia
1116 673 1232 708 recto

344 732 497 784 More3
526 734 664 776 bonus
686 749 787 777 sane
807 735 983 787 vicinus,
1005 736 1195 778 amabilis
1215 736 1384 793 hospeS,

346 805 491 847 Cornis
512 807 556 848 in
578 822 770 859 uxorem,
792 815 937 864 posset
957 809 1030 866 qui
1050 809 1269 870 ignoscere
1291 810 1432 860 servis,

346 877 404 919 Et
424 878 546 936 signo
566 878 671 921 laeso
691 895 779 921 non
798 881 982 923 insanire
1003 881 1190 939 lagenae3

232 949 312 988 135

346 946 498 990 Posset
518 949 591 1006 qui
611 965 762 1006 rupem
783 958 826 992 et
844 959 1022 1007 puteum
1042 952 1174 994 vitare
1194 959 1422 1008 patentem.

345 1016 431 1058 Hic
452 1018 526 1059 ubi
547 1027 825 1076 cognatorum
845 1020 998 1076 opibus
1019 1021 1215 1079 curisque
1235 1020 1417 1063 refectus

345 1089 525 1146 Expulit
544 1089 764 1133 helleboro
783 1093 982 1135 morbum
1001 1093 1214 1150 bilemque
1233 1109 1416 1145 meracO,

345 1160 403 1204 Et
422 1162 534 1205 redit
553 1163 609 1205 ad
629 1179 743 1206 sese:
780 1169 807 1190 ‘⁶
829 1165 923 1217 Pol,
945 1181 1014 1208 me
1034 1166 1259 1217 occidistis,
1283 1167 1419 1218 amici,

345 1234 447 1277 Non
468 1234 677 1288 servastis,
701 1238 772 1289 ait,
795 1238 863 1280 cui
884 1239 944 1281 sic
964 1247 1133 1281 extorta
1151 1239 1361 1296 voluptas,

231 1308 311 1347 140
345 1305 402 1348 Et
422 1306 589 1349 demtus
609 1322 688 1363 per
707 1308 793 1349 vim
813 1309 965 1350 mentis
986 1310 1250 1368 gratissimus
1270 1310 1427 1352 error.'’

342 1377 557 1421 Nimirum
579 1395 726 1436 sapere
747 1388 811 1423 est
831 1382 1003 1438 abjectis
1025 1382 1127 1424 utile
1147 1383 1286 1440 nugis,

342 1451 402 1499 Et
421 1454 717 1509 tempestivum
737 1455 880 1510 pueris
902 1455 1134 1497 concedere
1154 1455 1326 1505 ludum3

343 1524 410 1567 Ac
430 1540 518 1567 non
538 1526 668 1568 verba
689 1528 809 1584 sequi
828 1527 985 1570 fidibus
1006 1527 1266 1570 modulanda
1286 1527 1463 1579 Latinis,

225 1662 316 1702 clopa
329 1663 430 1694 saltat.
521 1666 638 1697 moveri
646 1664 714 1705 jam
729 1670 792 1696 est:
812 1665 934 1702 saltare,
957 1672 995 1698 ut

223 1706 308 1737 infra
322 1707 357 1738 in
374 1707 476 1747 Epist.
493 1708 535 1739 ad
551 1709 616 1739 Pis.
632 1707 708 1739 232.
763 1711 804 1740 Ut
815 1711 910 1752 festis
925 1722 995 1741 ma-

223 1756 315 1782 trona
337 1753 453 1782 moveri
477 1752 635 1793 (saltando
660 1752 844 1794 circumagi,
867 1753 994 1794 saltare)

212 1794 309 1834 jassa
325 1796 440 1826 diebus.
461 1796 564 1835 Supra
581 1796 645 1827 Sat.
667 1796 695 1826 1.
710 1795 741 1826 5.
757 1795 811 1827 63.
834 1799 998 1829 Pastorem

224 1839 353 1869 saltaret
367 1840 416 1869 ‘uti
433 1841 575 1879 Cyclopa,
598 1841 726 1880 rogabat
732 1855 744 1876 ;
769 1839 825 1870 ubi
846 1840 909 1871 vid.
927 1847 996 1871 not.

227 1880 343 1922 Virgil.
358 1881 471 1922 Eclog.
488 1882 528 1912 V.
545 1881 597 1913 73.
624 1884 778 1915 Saleantes
790 1886 915 1925 Satyros
926 1886 998 1915 imi-

224 1926 341 1955 tabitur
355 1927 576 1965 Alphesiboeus.
625 1926 762 1957 Videtur
776 1933 884 1957 autem
905 1927 998 1958 salta-

223 1969 278 2002 tio,
295 1978 368 2008 quae
383 1970 552 1999 vocabatur
574 1972 704 2010 Satyrus
725 1977 757 2000 et
775 1972 909 2011 Cyclops,
932 1977 999 2001 tam

224 2011 344 2052 pedum
355 2011 534 2052 jactatione,
557 2023 654 2053 quam
670 2014 883 2043 membrorum
900 2013 998 2054 agita·

224 2055 312 2085 tione
327 2061 359 2085 et
372 2055 549 2086 mobilitate
563 2056 661 2086 fuisse
675 2056 858 2087 concitatior
866 2063 898 2087 et
907 2063 997 2096 petu-

224 2098 347 2128 lantior.
399 2098 499 2129 Poeta
519 2099 619 2140 igitur
639 2101 698 2130 hac
720 2100 893 2131 saltationis
918 2100 998 2131 ima-

224 2142 299 2183 gine
314 2143 465 2181 expressit
477 2142 543 2173 fere
558 2143 636 2174 hoc·
667 2143 947 2179 Quemadmodum
959 2144 996 2181 is,

225 2185 281 2226 qui
309 2185 456 2225 Satyrum
481 2186 531 2216 vel
561 2187 700 2226 Cyclopa
727 2187 829 2224 saltat,
860 2187 998 2227 eorporis

225 2230 369 2260 membra
382 2229 478 2260 modo
493 2230 565 2267 huc,
578 2230 674 2261 modo
683 2230 761 2261 illuc
772 2231 871 2271 jactat
885 2238 916 2261 et
931 2231 998 2272 agi-

226 2279 283 2310 tat,
299 2272 344 2303 ita
365 2271 402 2309 is,
425 2273 480 2313 qui
502 2283 610 2304 versus
635 2274 755 2314 pangit,
784 2276 877 2305 verba
902 2275 998 2304 modo

227 2317 301 2352 huc,
317 2316 414 2346 modo
428 2316 506 2347 illuc
520 2323 731 2356 transponere,
748 2317 883 2355 flectere,
899 2318 998 2349 varia-

226 2369 271 2398 re,
287 2369 470 2400 promovere
484 2366 516 2391 et
528 2370 689 2391 removere
703 2361 805 2391 debet.

270 2414 299 2433 v.
322 2401 503 2434 126-140.
530 2403 605 2436 Jam
622 2404 738 2434 stultus
759 2404 889 2445 quidam
903 2410 936 2435 et
949 2405 998 2435 in-

228 2454 320 2487 eptus
335 2447 475 2486 scriptor,
493 2458 526 2478 se
538 2447 617 2477 nihil
633 2458 752 2485 curare,
769 2449 870 2489 qualis
884 2449 998 2479 habea-

227 2498 290 2526 tur,
307 2490 403 2520 modo
415 2491 548 2521 stultitia
559 2501 615 2521 sua
627 2491 810 2528 delectetur,
820 2492 997 2531 respondet,

228 2541 261 2564 et
274 2534 308 2563 in
324 2534 406 2564 hanc
421 2544 487 2564 rem
503 2534 686 2574 exemplum
705 2535 818 2576 Argivi
833 2536 998 2576 cujusdam

227 2577 364 2608 hominis
378 2576 478 2608 affert.
528 2577 589 2608 Illc
603 2578 698 2615 enim,
723 2589 797 2609 cum
812 2580 852 2609 ab
866 2579 998 2616 insania,

228 2631 292 2662 qua
313 2620 386 2651 laeto
401 2621 508 2652 animo
522 2621 554 2651 in
571 2631 671 2651 vacuo
686 2623 807 2652 theatro
821 2622 938 2659 sedere,
955 2629 997 2660 et,

228 2664 372 2704 opinans,
389 2675 422 2695 se
437 2665 580 2706 egregios
600 2666 757 2706 tragoedos
771 2665 892 2702 audire,
908 2666 998 2705 plau-

229 2709 303 2739 dere
317 2708 446 2746 solebat,
471 2715 678 2750 cognatorum
701 2719 777 2739 cura
798 2709 933 2739 refectus
947 2719 996 2739 re-

229 2752 337 2782 diisset
346 2751 387 2782 ad
399 2762 475 2786 sese,
486 2753 623 2792 pessimo
637 2752 770 2783 consilio
785 2753 998 2792 gratissimum

229 2796 346 2826 mentis
371 2806 507 2826 errorem
532 2796 590 2826 sibi
611 2795 754 2827 demtum
777 2807 853 2833 esse,
870 2803 999 2837 questus

229 2849 296 2869 esse
310 2838 435 2870 dicitur.

273 2893 302 2912 v.
332 2881 405 2913 126.
435 2884 649 2920 Proetulerim,
670 2882 790 2920 malim,
813 2889 850 2913 ut
871 2893 899 2914 v.
921 2880 992 2913 184.

227 2927 386 2968 prcrfhrat,
402 2927 501 2958 malit.
591 2928 684 2963 iners,
702 2926 839 2966 ineptus.

276 2980 303 3000 v.
327 2969 396 3002 127.
412 2982 480 3003 mea
496 2973 591 3010 mala,
607 2981 654 3009 ea,
669 2970 703 3001 in
717 2970 831 3012 quibus
845 2980 905 3013 ego
919 2969 997 3002 deli-

1621 189 1730 238 [Lm.
1754 199 1805 229 11.

944 449 1045 492 Fuit
1063 449 1180 492 haud
1206 451 1403 508 ignobilis
1425 453 1567 510 ArgiS,

1038 1677 1094 1705 ro;
1181 1668 1229 1698 vel
1242 1666 1511 1710 denique-fallant.
1526 1665 1576 1696 vel
1590 1665 1632 1697 ad
1645 1675 1808 1698 summum

1038 1720 1091 1741 me
1105 1709 1219 1741 ludant
1233 1717 1264 1740 et
1279 1709 1437 1750 decipiant
1452 1709 1641 1751 (tauschen).

1082 1764 1110 1783 v.
1128 1751 1200 1784 128.
1219 1754 1312 1794 ringi,
1335 1753 1478 1784 acerbius
1498 1753 1531 1783 in
1553 1752 1630 1784 vitia
1641 1753 1809 1784 hominum

1041 1797 1155 1832 invehi,
1173 1796 1283 1828 satiras
1296 1797 1451 1834 scribere;
1467 1798 1552 1837 ringi
1566 1797 1690 1836 proprie
1703 1796 1744 1827 de
1756 1807 1810 1828 ca·

1042 1840 1145 1878 nibus,
1161 1840 1225 1881 qui,
1242 1850 1317 1871 cum
1336 1840 1514 1871 irascuntur
1527 1847 1560 1870 et
1573 1839 1727 1879 impetum
1747 1840 1811 1870 mi-
1837 1870 1845 1881 ,

1043 1890 1168 1920 nentur,
1185 1884 1267 1914 rictu
1281 1882 1411 1914 diducto
1433 1882 1542 1914 dentes
1565 1883 1705 1921 nudant;
1729 1893 1806 1914 nos:

1041 1930 1090 1959 die
1105 1930 1202 1959 ziz'lme
1211 1929 1380 1969 fletsclzen,
1394 1928 1547 1959 Imurren.
1632 1928 1710 1959 Fuit
1725 1928 1812 1959 haud

1041 1972 1180 2011 ignobilis
1195 1973 1301 2011 Argis,
1324 1970 1410 2001 unde
1424 1969 1562 2001 hauserit
1581 1970 1664 2001 hanc
1678 1970 1810 2002 nmati-

1042 2014 1195 2044 unculam
1213 2014 1380 2051 Horatius,
1403 2023 1469 2045 non
1485 2019 1616 2045 constat.
1666 2013 1810 2046 Fortasse

1041 2066 1119 2093 rem,
1135 2067 1207 2097 quae
1221 2057 1509 2094 circumferebatur,
1521 2067 1578 2097 pro
1589 2056 1694 2088 lubitu
1706 2063 1808 2089 trans-

1041 2100 1117 2130 tulit.
1142 2099 1183 2130 ad
1215 2101 1315 2131 civem
1345 2100 1522 2142 Argivum;
1556 2100 1640 2134 idem
1662 2101 1747 2131 enlm
1769 2101 1810 2131 de

1041 2144 1109 2174 cive
1126 2143 1284 2183 Abydeno
1305 2143 1399 2175 refert
1416 2143 1601 2182 Aristoteles
1621 2144 1661 2174 de
1677 2145 1811 2178 Mirabi-

1040 2188 1129 2218 libus.
1180 2187 1232 2218 De
1248 2186 1316 2217 aliis
1329 2186 1485 2229 ejusmodi
1505 2186 1637 2218 insaniae
1658 2187 1810 2228 exemplis

1040 2230 1104 2262 vid.
1123 2232 1271 2263 Lamhin.
1289 2237 1320 2262 et
1338 2233 1430 2263 Gesn-

1084 2285 1116 2306 v.
1131 2273 1203 2305 131.
1217 2281 1362 2313 servaret,
1373 2276 1557 2311 observaret,
1570 2279 1807 2314 exsequeretur;

1042 2317 1082 2348 de
1107 2319 1201 2349 verbo
1224 2329 1344 2350 servare
1369 2327 1443 2358 pro:
1475 2318 1638 2348 observare
1666 2317 1727 2348 vid.
1757 2320 1806 2350 N.

1043 2363 1157 2393 Heins-
1183 2362 1229 2401 ad,
1248 2361 1302 2392 Sil.
1331 2360 1404 2392 Ital.
1424 2360 1495 2392 ΙΙΙ.
1520 2359 1595 2391 380.
1622 2359 1697 2391 hinc
1721 2360 1808 2401 apud

1044 2404 1135 2446 Virg.
1156 2405 1233 2435 AEn.
1254 2405 1305 2435 ΙΙ.
1321 2403 1397 2435 427.
1415 2405 1660 2436 servamissimus
1673 2407 1764 2446 oequi.

1085 2459 1114 2479 v.
1137 2447 1208 2479 134.
1228 2450 1275 2480 Et
1295 2450 1380 2489 signo
1401 2449 1472 2479 laeso
1494 2454 1580 2485 cett„
1602 2457 1661 2478 nec
1675 2447 1808 2480 furtivos

1042 2492 1108 2522 vini
1121 2492 1252 2522 haustus
1267 2502 1306 2522 ex
1321 2492 1396 2522 laeso
1410 2491 1531 2532 lagenae
1546 2490 1651 2532 sigillo
1665 2492 1807 2523 animad-

1042 2542 1166 2566 vertens
1186 2535 1291 2565 furere
1305 2542 1336 2565 et
1350 2534 1487 2565 insanire
1508 2534 1541 2564 in
1558 2544 1672 2573 servos,
1688 2535 1743 2566 sed
1757 2536 1806 2574 iis,

1042 2585 1078 2609 ut
1092 2579 1188 2609 modo
1202 2578 1321 2609 dictum
1336 2585 1390 2614 est,
1406 2577 1577 2619 ignoscere.

1085 2633 1114 2653 v.
1137 2621 1208 2652 135.
1238 2624 1341 2654 Posset
1363 2623 1420 2663 qui
1433 2633 1506 2662 rup.
1523 2628 1552 2653 et
1566 2627 1638 2662 put.
1656 2624 1710 2654 tiit.
1722 2628 1804 2663 pat„

1042 2676 1117 2708 ergo
1131 2666 1227 2696 homo
1248 2665 1302 2695 ille
1320 2664 1469 2707 Argivus,
1493 2671 1701 2706 praeterquam
1722 2644 1808 2707 quod

1042 2709 1076 2740 in
1091 2719 1189 2740 vacuo
1203 2709 1325 2739 theatro
1338 2715 1493 2748 spectator
1507 2715 1538 2739 et
1552 2709 1678 2748 plausor
1692 2714 1806 2750 tragoe-

1042 2753 1175 2787 diarum,
1191 2762 1264 2793 quae
1278 2762 1343 2782 non
1357 2753 1540 2794 agebantur,
1565 2752 1637 2790 fuit,
1652 2762 1716 2783 non
1731 2752 1812 2784 fecit.

1042 2807 1089 2833 ea,
1104 2806 1175 2837 quae
1189 2796 1265 2826 alias
1279 2795 1382 2826 facere
1397 2796 1498 2826 solent
1512 2804 1618 2827 meme
1632 2795 1724 2845 capti,
1739 2806 1805 2826 non

1040 2838 1231 2889 praecipitem
1247 2849 1283 2869 ex
1300 2849 1378 2879 rupe
1394 2849 1427 2870 se
1440 2838 1536 2878 dedit,
1550 2850 1614 2871 non
1629 2850 1661 2870 se
1675 2839 1807 2871 immisit

1040 2883 1074 2914 in
1089 2889 1246 2923 patentem
1261 2889 1403 2922 puteum.

1083 2937 1112 2957 v.
1133 2924 1204 2957 137.
1223 2927 1374 2963 morbum,
1398 2926 1562 2963 insaniam,
1585 2936 1680 2967 quam
1701 2925 1805 2967 desig-

1041 2976 1095 3004 nat
1109 2969 1229 3012 adjecta
1243 2980 1301 3001 vox
1324 2971 1391 3002 bilis
1401 2986 1412 3008 ;
1441 2970 1541 3003 insani
1563 2970 1648 3002 enIm
1661 2975 1729 3002 atra
1743 2970 1804 3004 bile
