1904 3250
252 213 338 253 388
885 213 1191 258 HORATII
1629 223 1740 273 [LIB.
1762 235 1812 263 11.

366 339 524 382 Danda
544 346 607 381 est
627 338 832 379 hellebori
851 338 985 380 multo
1004 354 1103 394 pars
1123 341 1306 384 maxima
1324 345 1483 386 avaris:

366 410 522 453 Nescio
542 427 597 452 an
617 410 865 466 Anticyram
886 410 994 452 ratio
1013 410 1095 452 illis
1116 411 1297 456 destinet
1315 430 1494 458 omnem.

365 484 571 526 Haeredes
595 481 761 526 Staberi
783 498 990 525 summam
1009 483 1198 526 incidere
1218 486 1438 542 sepulcro:

274 557 329 594 85
363 552 420 594 Ni
441 553 500 594 sic
520 552 729 603 fecissent,
751 553 1036 611 gladiatorum
1056 552 1159 596 dare
1179 563 1349 597 centum

361 621 564 663 Damnati
579 621 745 678 'populo
764 623 897 678 paria,
920 631 1046 680 atque
1066 624 1254 680 epulum,
1277 626 1452 669 arbitrio
1474 627 1600 679 Arri3

362 693 582 735 Frumenti
602 702 808 751 quantum
828 696 948 737 metit
968 695 1126 738 Africa.
1160 705 1165 709 “
1191 697 1288 740 Sive
1308 714 1389 756 ego
1408 714 1550 756 prave,

362 762 448 804 Seu
467 771 580 806 recte
600 764 683 806 hoc
703 765 840 815 volui3
872 781 926 807 ne
947 766 1003 807 sis
1022 774 1200 822 patruus
1220 767 1338 810 mihi.
1401 769 1543 812 Credo

362 834 460 878 Hoc
483 835 649 878 Staberi
668 837 922 893 prudentem
943 839 1131 881 animum
1150 840 1316 882 vidisse.
1380 840 1499 891 Quid
1519 857 1621 900 ergo

272 910 328 947 90
362 907 514 958 Sensit,
539 924 635 950 cum
657 924 863 951 summam
883 910 1112 966 patrimoni
1132 911 1372 968 insculpere
1393 928 1497 955 saxo

362 976 570 1020 Haeredes
591 978 758 1021 voluit?
789 979 946 1029 Quoad
965 981 1084 1032 vixit,
1108 981 1288 1023 credidit
1307 983 1456 1040 ingens

361 1047 615 1104 Pauperiem
635 1050 797 1101 vitium,
820 1057 862 1092 et
884 1051 994 1092 cavit
1014 1050 1120 1092 nihil
1142 1052 1281 1093 acrius
1293 1068 1305 1102 ;
1336 1060 1396 1103 ut,
1419 1053 1453 1094 si

358 1115 487 1160 Forte
507 1119 646 1160 minus
667 1118 856 1175 locuples
878 1135 964 1161 uno
984 1120 1223 1177 quadrante.
1239 1120 1434 1177 perisset,

356 1186 455 1243 Ipse
475 1188 690 1230 videretur
710 1189 790 1230 sibi
810 1190 988 1246 nequior
1004 1205 1014 1231 t
1046 1190 1182 1231 omnis
1204 1191 1319 1232 enim
1339 1206 1421 1242 reS,

268 1261 324 1300 95
356 1259 515 1312 Virtus,
537 1261 660 1313 fama,
684 1260 827 1313 decus,
850 1262 993 1304 divina
1012 1262 1281 1320 humanaque
1301 1264 1491 1320 pulchris

351 1330 524 1373 Divitiis
543 1339 717 1388 parent;
749 1348 853 1389 quas
875 1332 949 1389 qui
969 1334 1267 1384 construxerit,
1291 1333 1362 1375 ille

352 1402 506 1446 Clarus
526 1405 618 1456 erit,
640 1404 772 1456 fortis,
789 1403 1273 1461 justuS.—Sapiensne?
1304 1405 1472 1449 Etiam!
1505 1414 1547 1449 et
1567 1422 1660 1458 reX,

351 1475 409 1518 Et
429 1476 635 1534 quidquid
655 1477 779 1519 volet.
845 1477 956 1528 Hoc,
979 1477 1109 1519 veluti
1129 1478 1283 1519 virtute
1303 1486 1523 1534 paratum,

353 1546 547 1601 Speravit
564 1561 733 1604 magnae
753 1546 869 1588 laudi
888 1546 993 1588 fore.
1057 1545 1178 1596 Quid
1199 1547 1334 1589 simile
1353 1548 1423 1589 isti

235 1620 315 1659 100
349 1618 529 1660 Graecus
551 1618 810 1676 AristippuS‚
833 1620 906 1676 qui
927 1634 1070 1661 servos
1090 1619 1299 1676 projicere
1320 1635 1472 1662 aurum

350 1689 402 1731 In
422 1690 563 1734 media
575 1692 703 1748 jussit
724 1691 875 1750 Libya,
899 1692 998 1749 quia
1017 1691 1179 1733 tardius
1200 1692 1311 1733 irent

229 1826 313 1858 avari
329 1827 426 1866 enim,
441 1829 495 1870 qui
510 1828 647 1861 habendi
668 1829 840 1869 cupiditate
853 1828 999 1870 curisque
1042 1835 1081 1858 ut
1116 1826 1306 1865 divitiarum,
1343 1838 1423 1870 quas
1457 1829 1595 1861 moriens
1628 1830 1804 1872 reliqua-at,-

229 1870 271 1901 de
294 1870 342 1909 iis,
369 1882 442 1913 quae
465 1872 637 1913 possident,
664 1873 855 1910 cruciantur,
880 1874 1000 1913 pallere
1043 1871 1230 1912 magnitudo
1244 1872 1412 1903 hominum
1426 1874 1623 1904 sermonibus
1635 1874 1806 1907 celebrare·

229 1914 342 1945 solent.
1042 1920 1105 1952 tur,
1120 1915 1283 1946 haeredae
1273 1926 1307 1946 ιιι
1321 1922 1507 1947 testamento
1525 1926 1634 1948 earum
1647 1928 1806 1950 summam

273 1968 303 1987 v.
317 1957 370 1988 80.
389 1960 479 1997 calet,
495 1965 617 1997 aestuat,
632 1966 669 1990 ut
680 1959 745 1991 fere
759 1958 838 1990 febri
853 1959 997 1999 correpti,
1042 1937 1209 1997 sep'ulchro
1235 1958 1435 1990 incidendam
1464 1969 1574 1991 curare
1605 1961 1710 2001 jussit,
1746 1963 1804 1994 hac

229 2000 388 2042 eleganter
402 2011 459 2042 pro
474 2003 616 2044 vulgari:
642 2003 772 2034 laborat.
1041 2000 1094 2042 adj
1095 2009 1164 2032 ecta
1177 2002 1367 2040 conditione,
1386 2009 1432 2040 ut,
1447 2002 1508 2033 nisi
1520 2004 1581 2035 hoc
1594 2004 1692 2042 fieret,
1707 2006 1804 2037 haere

272 2055 301 2074 v.
330 2044 382 2076 82.
412 2048 517 2078 laelleb.
529 2065 573 2071 -—
587 2048 771 2078 helleborum
801 2045 998 2088 (nieswnrz),
1041 2044 1097 2076 des
1115 2045 1185 2075 Arii
1200 2045 1375 2086 cujusdam,
1397 2046 1533 2077 hominis
1545 2047 1709 2085 luxuriosi,
1722 2050 1805 2080 arbi-

228 2088 320 2128 cujus
349 2089 493 2129 inprimis
514 2090 601 2121 ferax
622 2090 685 2121 fuit
705 2089 810 2121 insula
834 2090 996 2130 Anticyra,
1039 2088 1100 2118 trio
1121 2094 1249 2119 centum
1271 2089 1358 2129 paria
1377 2089 1598 2131 gladiatorum,
1620 2091 1750 2131 epulum
1771 2101 1803 2123 et

227 2131 268 2162 ad
291 2131 398 2162 sinum
421 2132 658 2164 Corinthiacum
680 2133 748 2172 sita,
772 2135 899 2164 cerebro
920 2143 997 2173 pur-
1040 2131 1202 2172 ingentem
1222 2132 1373 2164 frumenti
1394 2134 1516 2173 copiam
1537 2134 1655 2174 populo
1667 2134 1742 2166 dare
1755 2141 1800 2166 te-

222 2174 334 2216 ·gando
348 2175 562 2207 adhibebatur.
1039 2181 1198 2206 nerentur.
1249 2176 1381 2207 Suavior
1413 2176 1449 2207 fit
1475 2178 1544 2208 baec
1569 2178 1801 2210 narratiuncula

271 2229 301 2249 v.
318 2218 371 2249 83.
395 2221 508 2251 Nescio
529 2232 573 2251 an
591 2221 699 2252 Antic-
716 2232 743 2251 r.
761 2222 803 2252 ill.
819 2223 894 2252 dest.
908 2232 992 2252 omn.
1037 2218 1136 2258 ipsius
1152 2218 1272 2250 Staberi
1286 2220 1468 2260 interposito
1481 2230 1634 2251 sermone.

226 2271 302 2302 pro:
331 2263 399 2293 sine
424 2261 522 2293 dubio
547 2263 627 2294 ratio
652 2264 715 2294 illis
739 2263 876 2295 destinat
900 2274 987 2295 omn.
1077 2272 1107 2292 v.
1125 2260 1179 2292 84.
1203 2274 1370 2301 summam,
1387 2263 1453 2294 scil.
1469 2262 1667 2294 hereditatis.

228 2306 311 2336 Ant.
324 2326 370 2332 -—
386 2306 440 2337 De
460 2305 619 2337 locutione
640 2309 739 2339 nescio
762 2307 811 2338 vel
832 2310 918 2339 haud
930 2309 990 2339 scio
1076 2316 1106 2336 v.
1138 2305 1192 2336 86.
1231 2307 1396 2341 Dumnaci,
1425 2306 1571 2337 obstricti.
1659 2306 1743 2339 Arri
1754 2326 1798 2334 —-

228 2360 283 2385 an,
299 2359 362 2390 qua
376 2349 523 2380 non'sine
543 2350 697 2381 modestia
711 2351 826 2392 aliqua,
843 2361 993 2381 nonnun-
1040 2348 1163 2386 Arrius,
1178 2350 1274 2380 homo
1287 2349 1475 2384 luxuriosus,
1487 2349 1552 2380 sive
1566 2359 1651 2380 unus
1662 2360 1703 2381 ex
1717 2351 1798 2383 duo.

225 2402 322 2433 quam
337 2393 432 2425 etiam
446 2402 519 2424 cum
535 2393 639 2435 aliqua
659 2394 801 2425 irrisione
815 2393 995 2425 dubitanter
1036 2394 1096 2423 bus
1118 2392 1274 2430 fratribus,
1296 2402 1431 2433 quorum
1456 2392 1576 2423 mentio
1595 2392 1640 2424 fit.
1661 2393 1744 2426 infra
1764 2405 1794 2427 v.

225 2435 388 2477 loquImur
415 2435 455 2467 de
482 2437 586 2473 rebus,
612 2447 690 2478 quas
719 2437 810 2468 nullo
834 2437 930 2469 modo
955 2437 990 2468 in
1034 2435 1108 2467 243.
1127 2435 1191 2466 sive
1204 2441 1292 2474 pater
1307 2436 1352 2471 Q.
1371 2435 1493 2466 Arrius.

224 2479 453 2510 dubitationem
478 2489 636 2516 vocamus,
660 2480 781 2511 erudite
803 2491 904 2520 nuper
924 2481 991 2522 egit
1076 2490 1106 2510 v.
1131 2477 1184 2509 87.
1196 2479 1360 2519 flumem.
1382 2484 1493 2520 quant.
1509 2485 1582 2511 met.
1601 2479 1676 2522 affl·-
1700 2491 1795 2521 supra

223 2522 259 2553 in
275 2522 424 2562 peculiari
438 2522 544 2554 libello
560 2525 597 2555 G.
614 2526 674 2555 ΡΙι.
688 2526 861 2564 Schuppius
875 2527 988 2565 Progr.
1036 2522 1100 2554 Od.
1119 2521 1196 2552 1.l.
1217 2520 1265 2552 10.
1295 2523 1453 2563 Quidquid
1465 2524 1504 2553 de
1523 2524 1646 2564 Lybicis
1658 2526 1796 2556 verritur

223 2568 315 2598 schol.
358 2569 482 2599 Hamv.
525 2565 617 2597 1820.
716 2569 804 2602 ratio,
840 2567 991 2608 gravioris
1032 2567 1122 2597 areis.
1211 2567 1345 2605 Sioeegv
1354 2575 1449 2605 prave
1463 2571 1549 2603 cett,
1564 2567 1625 2597 hoc
1646 2576 1707 2608 ego
1728 2568 1794 2600 sive

225 2610 338 2648 morbi,
352 2620 417 2652 quo
430 2609 513 2640 avari
526 2610 677 2646 laborant,
694 2610 823 2640 scientia
834 2610 898 2641 sive
912 2621 988 2652 cog-
1031 2609 1115 2639 male
1129 2607 1195 2639 sive
1208 2609 1288 2639 bene
1301 2607 1397 2645 volui,
1414 2618 1454 2639 ne
1464 2609 1506 2639 sis
1519 2609 1615 2650 hujus
1625 2610 1794 2643 volumnus

224 2653 313 2684 nitio.
385 2654 573 2695 Anticyram
588 2652 880 2694 omnem,quicquid
890 2653 988 2685 helle·
1030 2661 1110 2683 meae
1139 2662 1263 2682 severus
1291 2652 1409 2682 censor.
1425 2669 1470 2676 —
1485 2651 1644 2694 Loquitur
1677 2663 1792 2695 nempe

225 2697 294 2728 bori
308 2697 342 2727 in
358 2703 424 2728 tota
435 2696 539 2728 insula
555 2697 708 2736 Anticyra
721 2696 869 2727 nascitur.
1029 2695 1096 2735 ipse
1127 2688 1285 2732 stationis,
1315 2694 1368 2726 sed
1396 2696 1499 2733 verba,
1529 2697 1645 2736 quibus
1679 2698 1791 2737 utitur,

266 2751 297 2771 v.
322 2738 483 2772 84—102.
503 2740 577 2774 Jam
602 2739 814 2779 Damasippus
835 2738 988 2770 insaniam
1030 2748 1137 2778 sapere
1157 2738 1235 2769 mihi
1256 2737 1402 2769 videntur
1426 2738 1585 2780 antiquam
1606 2740 1788 2778 formulam,

206 2787 342 2821 ‘eorum
355 2784 410 2826 qui
424 2784 459 2815 in
470 2793 657 2826 magnarum
671 2782 849 2813 divitiarum
864 2793 983 2822 posses-
1025 2791 1121 2824 quam
1134 2782 1262 2813 fortasse
1282 2787 1539 2813 testamentorum
1555 2783 1732 2816 conditores
1746 2785 1788 2816 ad

225 2827 312 2859 sione
326 2834 358 2859 et
372 2827 536 2867 splendore
556 2835 713 2858 summam
732 2825 913 2856 felicitatem
926 2837 984 2866 po-
1025 2825 1199 2856 monendos
1225 2824 1373 2862 haeredeS,
1401 2832 1438 2856 ut
1466 2825 1582 2864 omnia,
1606 2837 1679 2868 quae
1698 2828 1788 2869 iussa

222 2878 314 2908 nunt,
327 2872 433 2903 divitis
446 2870 609 2913 cujusdam
622 2871 740 2902 Staberi
753 2869 896 2908 exemplo
911 2879 982 2909 pro-
1025 2875 1138 2905 essent,
1153 2869 1221 2899 sine
1231 2867 1318 2898 omni
1330 2867 1522 2900 recusatione
1531 2878 1786 2911 exsequerentur,

222 2916 295 2953 bat3
318 2915 369 2946 cui
384 2915 515 2955 opponit
535 2915 743 2954 Aristippum,
764 2923 859 2954 quem
873 2919 910 2943 ut
923 2914 979 2943 ho·
1021 2912 1214 2943 testamentis
1240 2911 1373 2954 adjicere
1407 2911 1556 2944 solebant.
1635 2921 1782 2955 pannem,

223 2958 340 2988 minem
356 2959 388 2988 in
404 2958 546 2998 pecuniae
567 2963 727 2988 contemtu
748 2956 881 2986 nimium
897 2957 979 2995 pari-
1021 2956 1209 2997 objurgator,
1232 2955 1441 2995 vituperator-3
1464 2955 1526 2986 vid.
1551 2967 1646 2999 supra
1657 2957 1699 2990 ad
1715 2958 1779 2991 Sat.

221 3008 267 3031 ter
282 3001 346 3032 ad'
337 3012 385 3032 ms
371 3002 517 3042 sipientes
530 3000 683 3033 refert—
694 3000 839 3034 Staberus
853 2999 978 3036 scilicet,
1025 2999 1075 3031 11.
1093 2998 1125 3031 2.
1142 2998 1194 3030 97,
1213 3004 1244 3031 et
1260 2998 1323 3031 od
1345 2997 1485 3032 111.12.
1504 2999 1535 3031 3.
