1904 3250
230 199 286 237 22

347 321 548 365 Tentaris
569 336 780 364 numeros.

858 193 1166 238 HORATII

1630 197 1738 246 [Lm.
1762 207 1792 235 1.

843 321 906 363 Ut
924 320 1086 370 melius,
1109 318 1309 376 quicquid
1329 316 1419 370 erit,
1433 319 1528 375 pati
1547 317 1557 362 !

353 391 438 435 Seu
458 391 601 448 plures
624 391 795 442 hiemes,
817 405 891 431 seu
909 388 1056 431 tribuit
1074 388 1241 444 Jupiter
1259 387 1461 439 ultimam,

290 467 316 505 5
347 463 459 514 Quae
479 480 591 506 nunc
612 463 814 520 oppositis
837 461 1027 503 debilitat
1046 460 1284 516 pumicibus
1305 476 1421 503 mare

350 534 637 592 Tyrrhenum.
702 532 862 588 Sapias,
884 531 982 573 vina
1000 530 1149 587 liqueS,
1171 538 1213 572 et
1232 531 1366 588 spatio
1385 531 1502 573 brevi

350 607 478 663 Spem
497 607 665 664 longam
686 620 860 647 reseces.

351 679 488 721 AEtas.

922 603 1042 645 Dum
1062 603 1286 660 loquimur,
1308 603 1462 662 fugerit
1480 603 1621 646 invida

554 678 694 733 Carpe
715 676 841 728 diem,
865 691 991 733 quam
1012 675 1231 718 minimum
1251 676 1422 719 credula
1439 685 1619 732 postero.

777 843 1117 887 CARMEN
1150 844 1257 887 ΧΙΙ.

824 962 892 993 AD
918 962 1202 994 AUGUSTUM.

357 1059 501 1109 QUI-:M
522 1060 658 1101 virum
679 1068 752 1101 aut
771 1059 902 1101 heroa
921 1059 1013 1117 lyra
1031 1060 1097 1102 vel
1118 1060 1203 1101 acri

353 1128 479 1170 Tibia
500 1130 627 1171 sumis
651 1129 877 1180 celebrare,
903 1128 1033 1171 Clio?

356 1201 497 1252 Quem
519 1201 696 1244 Deum?
727 1203 844 1259 cujus
865 1202 1024 1244 recinet
1037 1203 1184 1259 jocosa

766 1275 934 1318 Nomen
954 1276 1108 1334 imago,

238 1397 295 1430 sed
308 1397 403 1429 etiam
418 1396 458 1429 de
475 1398 604 1430 Horatii
626 1399 697 1430 vitae
719 1398 818 1435 exitu,
842 1405 923 1430 esset
943 1398 1006 1430 sol-

239 1441 335 1478 licita,
364 1441 479 1472 intimo
513 1453 588 1473 eum
628 1452 734 1474 amore
766 1442 912 1484 amplexa
939 1453 1007 1474 esse

245 1484 381 1516 videtur.

286 1539 316 1559 v.
342 1528 375 1566 2,
405 1528 437 1559 3.
470 1540 528 1561 nec
553 1531 665 1571 Babyl.
692 1536 767 1562 tent.
796 1539 1008 1562 num—cum

247 1571 417 1612 Babylonii
439 1571 581 1612 inprimis
602 1573 667 1604 sive
692 1573 834 1604 Chaldaei
857 1576 1007 1616 (quorum

242 1617 318 1646 urbs
332 1615 394 1647 fuit
411 1615 572 1656 Babylon)
589 1627 627 1647 ex
642 1617 728 1655 hora,
745 1627 810 1658 qua
823 1617 895 1659 quis
915 1623 1008 1648 natus

243 1665 332 1695 esset,
360 1659 424 1690 sive
445 1660 626 1701 horoscopo,
648 1661 825 1692 secundum
843 1660 1007 1692 constella-

244 1702 364 1734 tionem
386 1703 451 1733 sive
475 1703 644 1741 stellarum,
667 1714 804 1745 quarum
824 1714 954 1735 cursum
976 1710 1008 1735 et

245 1745 483 1788 conjunctiones
514 1747 548 1777 in
583 1748 834 1788 ephemeridibus
862 1747 929 1779 suis
957 1747 1007 1778 vel

247 1789 363 1820 tabulis
391 1790 604 1822 astronomicis
639 1790 808 1832 descriptas
838 1791 1004 1825 habebant.

247 1833 495 1873 computationes
537 1840 569 1865 et
604 1844 773 1866 numerum
802 1845 868 1865 suae
895 1834 1010 1876 cuique

247 1875 322 1906 vitae
336 1876 456 1907 exitum
470 1877 659 1916 praedicendi
673 1885 772 1909 artem
787 1877 916 1918 professi
926 1878 989 1909 sint
997 1890 1008 1916 ;

249 1930 396 1952 numeros
418 1921 603 1961 Babylonios
621 1928 743 1953 tentare
763 1920 839 1953 erit:
873 1931 912 1952 ex
934 1923 1009 1952 sub-

250 1962 349 1994 ducto
391 1964 566 1994 secundum
619 1964 868 2006 Babyloniorum
912 1970 1010 1996 artem

251 2006 413 2038 stellarum
434 2016 577 2045 numero,
600 2008 664 2039 sive
693 2019 733 2039 ex
765 2010 937 2040 Chaldaicis
959 2010 1012 2051 (ut

253 2049 366 2082 Cicero
381 2050 519 2090 loquitur
535 2051 575 2082 de
592 2051 666 2082 Div.
689 2051 738 2083 ΙΙ.
756 2050 827 2093 47,)
842 2053 1013 2085 rationibus

251 2094 324 2125 vitae
338 2093 459 2124 exitum
470 2094 630 2134 explorare
644 2102 676 2126 et
690 2095 808 2127 discere
821 2095 919 2134 velle;
934 2095 966 2126 h.
981 2105 1008 2126 e.

251 2137 416 2170 consulere
429 2137 611 2179 astrologos.
678 2149 705 2169 v.
721 2139 752 2170 3.
769 2146 807 2171 ut
821 2141 892 2171 mel.
911 2140 1011 2180 quicq.

253 2193 298 2214 er.
323 2182 390 2221 pali
411 2180 430 2210 i.
453 2191 480 2211 e.
509 2188 627 2221 quanto
656 2183 836 2222 sapientius,
866 2181 1016 2224 quicquid

254 2223 411 2258 acciderit,
425 2223 578 2264 patienter
591 2225 671 2256 ferre
683 2226 690 2258 !

254 2272 258 2276 '
298 2278 326 2298 v.
344 2266 377 2298 5.
406 2269 484 2302 Quae
503 2279 593 2300 ‘nunc
614 2270 754 2309 oppositis
775 2271 840 2301 deb.
860 2280 952 2310 pum.
969 2281 1014 2301 m.

261 2314 299 2345 Τ.
326 2310 425 2352 lyrico
447 2317 560 2341 ornatu
585 2322 640 2351 pro
662 2313 803 2354 vulgari:
835 2323 907 2354 quae
930 2323 1017 2344 nunc

255 2354 367 2387 transit
380 2353 429 2384 vel
442 2354 624 2395 transigitur
637 2355 747 2387 hiems.
836 2368 907 2398 quae
927 2367 1015 2388 nunc

256 2399 391 2430 debilitat
406 2408 504 2435 mare,
521 2406 577 2438 pro
591 2398 732 2440 vulgari:
752 2409 816 2440 qua
830 2409 916 2431 nunc
930 2410 1016 2431 mare

258 2441 438 2485 debilitatur
452 2441 482 2470 h.
501 2451 528 2471 e.
553 2440 717 2483 frangitur,
739 2442 948 2482 repercutitur
967 2455 1020 2484 op-

255 2486 360 2527 positis
384 2485 571 2525 pumicibus,
601 2495 675 2524 pro:
711 2485 852 2525 rupibus,
884 2486 1020 2518 marino-

260 2539 334 2561 rum
365 2526 520 2558 fluctuum
548 2527 678 2568 impetu,
708 2529 870 2568 pumicum
909 2530 1016 2568 instar,

260 2571 362 2604 exesis
387 2577 420 2602 et
448 2570 574 2602 cavatis.
632 2571 683 2602 Sic
710 2583 828 2612 pumex
855 2583 912 2611 pro
939 2583 1019 2614 rupe

260 2625 427 2648 cavernosa
439 2614 525 2654 apud
542 2613 630 2656 Virg.
651 2614 728 2645 AEn.
749 2615 790 2645 V.
809 2614 883 2647 214.
911 2619 1018 2652 Qualis

259 2661 409 2701 spelunca
446 2659 543 2690 subito
581 2664 731 2689 commota
768 2661 917 2697 columba,
959 2662 1019 2692 Cui

263 2706 372 2735 domus
391 2709 421 2734 et
445 2704 550 2734 dulces
570 2702 715 2733 latebroso
737 2703 771 2733 in
790 2705 914 2741 pumice
939 2706 1016 2742 nidi,

264 2749 383 2779 Fertur
404 2748 440 2778 in
461 2757 536 2777 arva
557 2747 661 2776 volam
681 2750 753 2775 cett.
779 2751 811 2775 et
833 2745 921 2776 XII.
940 2746 1013 2777 587.

265 2792 409 2822 Inclusas
423 2796 459 2822 ut
474 2800 547 2821 cum
559 2790 702 2820 latebroso
723 2790 758 2819 in
775 2791 900 2828 pumice
916 2797 1021 2830 pastor

272 2834 436 2873 Vestigavit
446 2843 516 2874 apes
528 2837 601 2863 cett.
695 2833 840 2872 Voigtius,
849 2833 1022 2864 matheseos

268 2877 391 2906 Doctor
405 2877 438 2907 in
459 2874 630 2907 Academia
638 2874 770 2907 Jenensi
783 2874 1023 2914 Celeberrimus,

268 2929 307 2949 ex
330 2920 464 2959 physicis
485 2918 658 2950 rationibus
685 2919 738 2962 (ut
757 2928 795 2948 ex
821 2918 871 2949 cl.
897 2920 1020 2950 Mitsclz.

274 2962 370 2992 Anal.
394 2963 434 2993 ad
459 2964 541 2994 Hor.
569 2963 608 2994 T.
635 2962 686 2994 11.
710 2972 741 3002 p.
766 2960 840 2992 677.
869 2961 1024 3002 intellexi)

268 3006 354 3036 hunc
382 3005 486 3037 locum
516 3005 734 3047 explicandum
764 3017 830 3037 esse
858 3006 1022 3037 existimat.

1052 1399 1149 1430 Putat
1171 1397 1322 1429 nimirum
1344 1408 1399 1439 per
1419 1399 1563 1439 oppositos
1570 1399 1711 1440 pumices
1725 1408 1806 1429 mas-

1049 1453 1116 1473 sam
1145 1442 1307 1473 ardentem
1337 1442 1402 1473 sive
1429 1441 1548 1482 lapides
1582 1442 1657 1484 igne
1685 1451 1808 1482 peresos

1050 1484 1273 1527 intelligendos
1294 1495 1370 1521 esse.
1385 1495 1463 1527 quos
1476 1495 1569 1517 mons
1580 1485 1759 1528 ignivomus
1773 1485 1808 1516 in

1054 1529 1233 1561 AEoliarum
1247 1529 1352 1561 insula
1362 1539 1434 1565 una,
1450 1528 1624 1571 Strongyle,
1636 1528 1809 1572 ejaculetur

1051 1580 1083 1604 et
1107 1573 1142 1603 in
1165 1583 1252 1603 mare
1280 1572 1480 1613 Tyrrhenum
1502 1571 1636 1614 dejiciat.
1695 1572 1809 1612 Itaque

1051 1617 1136 1648 hunc
1154 1616 1262 1647 locum
1281 1615 1326 1647 ita
1346 1615 1412 1647 fere
1432 1615 1619 1647 vertendum
1639 1626 1706 1647 esse
1726 1616 1809 1647 arbi-

1049 1666 1167 1691 tratur:
1190 1661 1270 1692 Oder
1283 1671 1314 1692 es
1327 1671 1402 1700 mag
1415 1661 1513 1692 dieser
1531 1661 1641 1691 winter
1651 1661 1707 1692 der
1719 1661 1810 1691 letzte

1050 1715 1134 1746 seyn,
1147 1703 1284 1743 derjetzt
1297 1705 1377 1735 oden
1387 1705 1488 1744 dreng
1501 1705 1554 1735 des
1568 1704 1810 1745 Zyrrhevuischen

1050 1758 1164 1779 meere-³
1209 1748 1308 1779 durch
1357 1748 1512 1785 glichende
1551 1748 1734 1781 lavam-lime
1769 1757 1812 1778 zu

1050 1792 1176 1822 brecken
1191 1790 1396 1822 strebt.-sed
1415 1790 1497 1827 banc
1517 1788 1695 1830 explicandi
1715 1789 1811 1820 ratio·

1052 1844 1126 1865 nem
1164 1833 1348 1876 neutiquam
1377 1843 1455 1864 usus
1481 1832 1631 1874 loquendi
1661 1828 1808 1864 admittit.

1051 1878 1141 1909 Nam
1155 1887 1258 1908 massa
1271 1877 1326 1908 illa
1339 1875 1451 1908 ardens
1461 1887 1486 1908 s.
1504 1877 1579 1919 igne
1592 1875 1678 1908 adesi
1691 1875 1812 1916 lapides

1053 1922 1122 1962 ejici
1136 1921 1263 1962 quidem
1278 1930 1317 1951 ex
1331 1926 1440 1951 monte
1452 1919 1622 1961 ignivomo,
1634 1925 1667 1951 et
1679 1919 1714 1950 in
1726 1929 1814 1951 mara

1053 1965 1153 2005 dejici,
1175 1964 1231 1995 sed
1252 1974 1317 1995 non
1337 1963 1420 1995 sicut
1440 1973 1544 2004 rupes,
1558 1963 1608 1994 vel
1629 1969 1714 1994 vasta
1727 1973 1814 2005 φιβ-

1055 2008 1129 2039 dam
1150 2008 1259 2045 moles,
1281 2017 1354 2049 quoe
1372 2006 1520 2038 fluctibus
1540 2006 1669 2038 marinis
1689 2005 1814 2045 resistit,

1056 2051 1135 2082 mari
1155 2053 1275 2093 opponi
1288 2056 1370 2082 recte
1391 2049 1560 2088 dicuntum
1582 2060 1641 2082 nee
1661 2056 1749 2082 tanta
1769 2049 1816 2082 vis

1057 2095 1179 2126 ardenti
1200 2095 1247 2125 illi
1267 2105 1378 2125 massae
1392 2099 1424 2125 et
1437 2093 1594 2134 lapidibus
1607 2093 1682 2136 igne
1701 2092 1817 2134 peresis

1058 2138 1154 2170 tribui
1168 2144 1279 2179 potest,
1296 2144 1333 2169 ut
1345 2147 1442 2174 mare,
1458 2137 1539 2168 sicut
1551 2147 1646 2178 rupes
1659 2135 1815 2178 qudam,

1059 2184 1216 2214 debilitent
1240 2182 1271 2213 h.
1297 2192 1326 2212 e.
1350 2180 1465 2212 fluctus
1489 2179 1758 2232 marislsrangaut
1784 2186 1818 2212 et

1058 2225 1237 2257 retundant.

1103 2279 1133 2300 v.
1149 2268 1246 2300 6-8.
1271 2269 1379 2309 Sapiat
1399 2274 1471 2299 cett.
1499 2276 1626 2299 sensus:
1659 2276 1700 2298 ne
1721 2266 1817 2298 stulte

1060 2313 1158 2355 igitur
1182 2312 1222 2350 de
1246 2312 1318 2343 vitae
1346 2311 1433 2343 exitu
1461 2309 1646 2343 sciscitando
1673 2310 1818 2342 animum

1059 2362 1152 2388 tuum
1167 2365 1323 2393 maceres;
1353 2355 1441 2396 quin,
1455 2355 1597 2396 cogitans
1609 2352 1651 2385 de
1662 2353 1735 2385 vitae
1747 2355 1818 2386 bre-

1061 2400 1155 2431 vitate
1169 2406 1201 2430 et
1218 2398 1370 2441 fugientis
1385 2398 1484 2430 aetatis
1498 2397 1668 2435 velocitate,
1683 2397 1819 2439 vinoque

1063 2442 1242 2485 indulgens,
1258 2441 1413 2482 sapienter
1425 2440 1585 2483 praesentis
1605 2441 1678 2472 vite
1696 2440 1820 2472 fructus

1064 2497 1165 2527 carpe.
1253 2488 1316 2518 vin.
1347 2487 1425 2528 quu.
1442 2502 1486 2511 —
1501 2487 1610 2518 vinum
1629 2485 1748 2526 limam-e
1772 2489 1820 2514 est

1060 2530 1172 2562 vinum
1185 2528 1373 2571 pei-colando
1391 2527 1542 2571 liquidIus
1558 2534 1594 2559 et
1614 2527 1658 2559 sic
1682 2526 1819 2558 bibendo

1063 2580 1173 2614 aptum
1198 2572 1345 2610 reddere3
1375 2583 1451 2604 nos:
1483 2575 1545 2604 den
1568 2573 1649 2604 mein
1711 2572 1819 2608 trio-en,

1061 2619 1282 2654 durchsefflem
1309 2616 1430 2648 Graecis
1449 2615 1581 2647 dicitur:
1607 2615 1655 2646 ὅλα
1677 2627 1720 2650 m,
1743 2626 1818 2645 ean-

1063 2661 1162 2700 κίζυν,
1177 2660 1367 2704 ἐξητςιιίζυη
1390 2660 1430 2691 cf.
1451 2660 1501 2691 Cl.
1526 2659 1667 2691 Schrlel‘d·
1691 2656 1821 2688 usco-

1061 2705 1141 2735 lum.
1168 2704 1257 2735 XII.
1287 2702 1338 2743 19,
1352 2702 1383 2734 4„
1397 2703 1618 2734 —utebantur
1641 2706 1758 2732 veteres
1778 2699 1821 2731 ad

1062 2748 1173 2779 vinum
1186 2747 1372 2789 liquandam
1394 2746 1603 2789 colodi-51⁶5,
1627 2744 1768 2786 uinea-531,
1783 2743 1817 2774 h.

1065 2801 1092 2822 e.
1121 2791 1248 2822 sacculo
1268 2791 1376 2828 linteo,
1404 2789 1494 2821 tenui
1516 2788 1633 2819 vimine
1658 2787 1759 2818 rarius
1785 2786 1822 2818 in

1065 2834 1137 2865 coni
1166 2835 1280 2865 inversi
1306 2834 1440 2865 formam
1454 2830 1625 2871 contexto)
1646 2835 1685 2862 ut
1709 2830 1821 2861 vinum

1067 2888 1123 2916 per
1136 2878 1217 2909 illud
1230 2877 1446 2909 transmissum
1467 2873 1744 2918 defaecarentffivel
1764 2883 1821 2913 po-

1068 2921 1142 2958 tius,
1166 2928 1203 2952 ut
1226 2922 1305 2952 mihi
1327 2920 1459 2957 videtur,
1480 2929 1500 2950 a
1519 2917 1595 2950 flore
1615 2916 1666 2949 vel
1686 2925 1821 2948 ‘mucore

1071 2964 1191 3006 (kahn)
1215 2963 1592 3007 purgarenu-Ceterum
1612 2967 1735 3003 poetam
1750 2958 1822 2990 ideo

1072 3007 1263 3040 Leuconoen
1278 3010 1386 3042 vinum
1407 3009 1524 3050 liquare
1541 3005 1661 3048 jubere,
1684 3010 1721 3036 ut
1741 3002 1822 3034 illud
