1904 3250
137 2534 147 2546 Ι
192 2507 240 2538 Mn
262 2506 365 2547 χαμαὶ
387 2507 462 2547 σιγᾷ
479 2513 559 2537 aazia
552 2508 631 2545 ’ψαι-

206 169 289 208 230

825 169 1126 213 HORATII

1567 175 1674 224 [Lm.
1697 186 1753 214 iv.

231 295 285 333 25
318 292 472 336 Vixere
491 293 618 337 fortes
638 302 732 336 ante
754 294 1071 352 Agamemnona

319 360 470 409 Multi:
502 367 575 409 sed
596 382 738 409 omnes
759 367 1078 410 inlacrimabiles

435 439 680 497 Urguentur
700 440 913 497 ignotique
932 440 1060 498 longa

547 511 694 563 Nocte,
717 520 858 554 carent
878 513 976 570 quia
994 521 1087 555 vate
1107 509 1238 555 sacro.

319 582 511 623 Paullum
532 581 705 638 sepultae
726 581 852 624 distat
870 583 1032 624 inertiae

227 657 282 695 30
316 653 461 695 Celata
480 653 621 695 virt-us.

684 653 782 696 Non
803 670 882 713 ego
902 663 943 698 te
963 656 1065 698 meis

430 723 597 765 Chartis
618 724 853 766 inornatum
875 725 1018 777 silebo,

543 793 679 836 Totve
695 802 787 836 tuos
808 795 943 851 patiar
962 795 1126 838 labores

313 867 489 922 Inpune‚
514 866 638 918 Lolli,
661 883 831 924 carpere
851 868 998 910 lividas

313 939 569 987 Obliviones.

226 1016 280 1054 35

632 940 709 983 Est
728 942 889 983 animus
909 942 986 984 tibi

432 1012 672 1071 Rerumque
693 1015 890 1071 prudens,
913 1023 955 1057 et
977 1015 1168 1057 secundis

544 1083 824 1141 Temporibus
845 1085 1065 1142 dubiisque
1086 1093 1222 1127 rectus
1238 1101 1250 1125 :

312 1152 481 1195 Vindex
503 1170 638 1196 avarae
657 1154 828 1206 fraudis,
850 1163 891 1197 et
911 1155 1122 1197 abstinens

311 1224 517 1266 Ducentis
538 1225 593 1266 ad
613 1241 656 1267 se
677 1234 826 1267 cuncta
844 1226 1034 1281 pecuniae
1051 1242 1060 1266 :

429 1295 670 1354 Consulque
690 1313 775 1339 non
796 1298 917 1339 unius
938 1297 1049 1347 anni,

224 1369 280 1406 40

193 1502 340 1539 tensium,
360 1504 478 1544 ingens,
501 1503 547 1533 vir
573 1503 776 1542 fortissimus3
801 1504 860 1535 deo
885 1503 951 1534 cui.

193 1546 266 1576 dam
281 1555 356 1576 eum
370 1547 540 1588 aequiparat
557 1548 656 1578 Hom.
675 1547 766 1579 Iliad.
783 1548 854 1579 ΙΙΙ.
875 1547 949 1578 230.

192 1591 415 1625 -διΙιεπεΙαε,
431 1591 471 1621 cf.
489 1601 573 1630 supr.
601 1591 629 1622 1.
656 1589 706 1622 15.
733 1590 787 1623 24,
874 1593 952 1623 Dei-

187 1634 317 1674 phobus,
350 1633 468 1664 Priami
496 1635 591 1671 filius,
626 1634 816 1667 fortitudinis
850 1635 950 1676 gloria

192 1682 263 1716 post
278 1676 450 1708 Hectorem
466 1678 547 1709 inter
563 1678 715 1720 Trojanos
726 1679 948 1710 nobilissimus.

192 1737 237 1745 —
246 1731 354 1761 graves
367 1723 476 1771 eoecelfit
489 1723 577 1758 ictus,
593 1732 719 1764 gravem
733 1722 869 1754 hostium
890 1722 950 1753 im-

191 1770 302 1804 petum
316 1765 473 1802 sustinuit,
489 1776 546 1805 pro
559 1766 701 1807 vulgari:
730 1767 891 1808 pugnavit.

235 1817 263 1837 v.
293 1806 430 1839 25-30,
456 1812 509 1841 sed
533 1820 638 1842 omnes
659 1811 839 1842 illacrimab.
873 1812 948 1850 Urg.

191 1852 380 1892 igrw1010ng.
399 1854 491 1885 Nm
509 1864 573 1884 car.
593 1864 642 1894 qu.
659 1860 723 1885 vat.
747 1865 842 1885 sacro.
891 1853 954 1884 Sed

547 1366 630 1408 Sed
651 1368 811 1424 quoties
832 1367 968 1409 bonus
989 1375 1113 1424 atque
1133 1366 1244 1409 fidus

994 1504 1114 1544 positus
1126 1504 1198 1542 fuit,
1212 1503 1380 1545 reportavit
1403 1502 1535 1535 Lollius.
1623 1505 1750 1544 inpune,

994 1548 1124 1588 pulchre
1138 1556 1170 1578 et
1189 1547 1400 1597 significanter
1422 1558 1479 1588 pro
1502 1547 1608 1579 tenui.
1634 1547 1750 1587 libere3

996 1601 1070 1622 nam
1084 1591 1138 1633 qui
1154 1591 1282 1622 virtutes
1303 1590 1435 1632 alicujus
1454 1592 1495 1622 ab
1515 1590 1671 1622 oblivione
1683 1591 1752 1621 vin-

993 1635 1084 1673 dieat,
1108 1634 1255 1685 injuriam
1276 1634 1373 1676 quasi,
1395 1645 1490 1678 quam
1511 1634 1613 1666 faeere
1630 1634 1754 1666 volebat

996 1678 1133 1716 Oblivio,
1159 1678 1252 1718 punit
1271 1685 1304 1709 et
1328 1674 1498 1710 ulciscitur.
1545 1680 1606 1711 Est
1628 1680 1752 1710 aueum

993 1723 1047 1754 tibi
1059 1733 1225 1763 rerumque
1233 1724 1376 1763 prudens
1388 1727 1460 1753 cett.
1477 1721 1574 1763 digna
1587 1722 1672 1752 enim
1694 1727 1752 1759 est,

993 1776 1064 1807 quae
1075 1765 1214 1796 carmine
1227 1765 1406 1801 celebretur,
1421 1773 1477 1796 tua
1490 1765 1523 1795 in
1537 1766 1630 1796 rebus
1638 1774 1750 1806 geren-

994 1809 1043 1840 dis
1064 1808 1239 1849 prudentia,
1266 1812 1298 1840 et
1321 1808 1356 1839 in
1380 1815 1512 1850 utraque
1532 1809 1659 1839 sorum·
1676 1817 1753 1839 eon-

996 1853 1117 1884 stantia.
1225 1854 1339 1884 Vindea·
1373 1853 1430 1894 (sc.
1469 1851 1607 1892 mimus)
1648 1862 1754 1883 avam

191 1904 266 1925 cum
280 1902 441 1934 poetarum
457 1897 596 1928 carmina
609 1895 671 1928 de'
663 1897 700 1928 iis
710 1897 831 1936 sileant,
844 1907 954 1928 omnes
983 1897 1116 1939 fraudis
1129 1903 1158 1927 et
1171 1898 1280 1928 obstin.
1297 1899 1368 1928 duc-
1385 1897 1428 1926 ad
1446 1906 1478 1927 se
1502 1902 1618 1927 cuncta
1636 1905 1750 1937 pecun-

191 1944 307 1969 aeterna
331 1946 422 1970 nocte
443 1948 475 1971 et
496 1940 668 1972 oblivione
666 1948 872 1980 premuntur,
899 1951 954 1971 ne·
995 1940 1053 1971 tibi
1065 1946 1111 1971 est
1123 1940 1248 1971 animus
1263 1940 1369 1982 justus
1382 1939 1598 1975 etcontinens,
1611 1938 1643 1969 h.
1666 1949 1695 1970 e.
1718 1939 1754 1969 in

190 1981 277 2012 mine
291 1993 344 2012 eos
359 1990 394 2014 ut
408 1984 533 2025 ignotos
546 1984 639 2024 plane
652 1984 711 2016 sibi
729 1984 872 2016 deflente
901 1984 950 2015 cl.

997 1990 1028 2014 te
1040 1990 1104 2014 tam
1114 1983 1245 2025 justitiae
1258 1993 1352 2025 quam
1366 1983 1567 2014 eontinentioe
1576 1982 1645 2014 laus
1654 1981 1752 2020 cadit5

190 2026 316 2056 Mitsclz.
334 2035 509 2067 opportune
524 2035 682 2068 comparat
699 2027 828 2060 Pindar·
842 2028 948 2059 -.Nem
990 2027 1143 2069 justitiam
1157 2027 1254 2058 enim
1258 2033 1389 2063 exercet,
1404 2026 1459 2067 qui
1472 2026 1616 2058 fmudem
1634 2031 1667 2056 et
1685 2035 1753 2056 ma.-

193 2068 276 2099 VII.
295 2067 363 2100 18³
349 2081 432 2112 seqq.
481 2072 535 2102 Ταὶ
546 2073 682 2112 μεγάλαι
698 2074 757 2115 »γὰρ
773 2073 870 2103 dana)
883 2071 953 2102 Σκο-

191 2126 240 2143 φυ
255 2125 292 2143 n
294 2115 346 2144 λην
335 2114 422 2154 νῧμι
423 2129 458 2145 ων
480 2116 536 2156 ῗχο
538 2129 580 2147 mre
601 2114 642 2146 3⁶6
630 2128 694 2155 ομεν
695 2129 734 2147 us.
759 2122 791 2146 et
812 2115 954 2146 similiter

188 2156 255 2187 fere
272 2157 424 2188 Theocrit.
454 2159 554 2189 XVI.
579 2157 632 2189 ι42.
664 2159 741 2200 Ἀμι
742 2159 884 2196 acen-0133,
911 2160 952 2190 τὰ

191 2201 296 2231 eom
321 2202 372 2231 ιιιὶ
402 2201 489 2238 ολβια
519 2204 557 2236 τῆ
559 2216 592 2233 ια
620 2203 691 2234 'urci
679 2216 764 2241 Μντις
796 2206 904 2237 Δυλοῖς
928 2203 953 2233 ἓν

192 2256 313 2275 neuun
326 2257 422 2295 μαιιρο
425 2258 453 2279 υς
469 2259 500 2276 αι
496 2246 524 2275 ’ω
525 2260 570 2280 νας
586 2246 644 2277 't'tm
635 2260 702 2278 ιντο.
791 2248 897 2278 Paull-
905 2257 954 2278 Se-

186 2288 254 2328 pul.
267 2289 356 2319 distat
371 2289 463 2319 inert.
480 2291 565 2320 celat.
584 2291 653 2321 virt.
681 2289 738 2320 viri
759 2290 844 2321 enim
865 2299 955 2331 egre-

189 2330 246 2372 gii,
260 2340 395 2373 quorum
410 2332 569 2370 memoria,
585 2343 648 2364 non
661 2333 850 2365 carminibus
870 2333 952 2364 cele-

190 2376 289 2412 brata,
312 2373 460 2406 oblivioni
483 2375 622 2413 traditur,
654 2377 795 2408 similiter
818 2376 893 2414 fere,
915 2382 953 2407 ut

190 2418 334 2449 homines
346 2418 470 2455 inertes,
485 2419 598 2457 sepulti
607 2421 722 2461 jacent.
762 2421 953 2461 Comparant

192 2460 289 2493 Pind.
303 2461 397 2493 Nem-
424 2461 490 2492 IX.
519 2461 568 2493 16.
586 2481 629 2487 —
646 2465 848 2504 Τιτελεσμίνον
873 2464 953 2495 ἰσλδν

721 2510 850 2545 inertiae,
865 2517 955 2538 casus

189 2550 300 2580 tertius
313 2559 387 2589 pro.
413 2550 452 2579 ab
473 2548 593 2586 inertia,
617 2556 653 2580 ut
674 2550 746 2580 infr.
774 2551 836 2582 Sat.
865 2552 893 2582 Ι.
918 2549 950 2581 4.

189 2591 242 2623 48.
261 2592 301 2623 de
314 2591 482 2624 comedia:
508 2595 570 2624 nisi
584 2596 663 2632 quod
679 2597 757 2634 pede
774 2601 852 2626 certe
874 2597 952 2626 Dis-

189 2643 235 2668 tat
249 2638 390 2672 sermoni,
404 2646 500 2668 sermo
514 2648 627 2668 merus.

233 2691 263 2710 v.
281 2677 421 2711 30-44.
446 2681 523 2712 Nem
536 2691 588 2720 ego
602 2686 632 2711 te
645 2691 703 2711 me.
724 2683 820 2712 chart.
846 2684 947 2713 inorn-

188 2726 276 2755 silebo
290 2730 363 2754 cett.
380 2733 446 2755 non
458 2733 519 2765 ego
534 2723 642 2754 laudes
655 2729 726 2754 tuas
750 2725 783 2754 in
805 2726 953 2755 carmini-

189 2770 249 2799 bus
271 2767 349 2798 meis
370 2767 492 2798 silentio
512 2767 756 2807 pretermittam,
778 2778 836 2798 nec
864 2778 950 2798 com-

190 2812 324 2848 mittam,
355 2818 392 2842 ut
413 2810 593 2842 meritorum
616 2817 744 2841 tuorum
766 2811 951 2842 memoriam

192 2856 286 2885 libere
302 2854 476 2894 intercipiat
489 2853 639 2885 invidiosa
659 2853 792 2892 oblivio;
836 2856 950 2886 labores

189 2905 266 2935 111⁰,s
282 2909 331 2929 res
346 2897 570 2938 praeclareate
592 2903 704 2939 gestus,
726 2897 829 2938 cogita
854 2897 950 2937 inpri-

187 2941 246 2969 mis
261 2942 301 2972 de
316 2941 418 2978 laude,
433 2951 528 2983 quam
543 2951 582 2972 ex
607 2941 739 2978 Galatia,
762 2941 814 2971 cui
843 2941 883 2972 U.
909 2942 943 2972 C.

191 2985 433 3016 DCCXXIX.
455 2985 631 3025 Propraetor
645 2986 684 3016 ab
701 2986 850 3026 Augusto
870 2994 948 3024 prae-

996 2072 1041 2102 las
1068 2078 1149 2102 artes
1176 2070 1340 2101 hominum
1368 2079 1532 2101 avarorum
1565 2068 1750 2109 supprimit,

995 2114 1219 2146 continentiam
1233 2124 1316 2151 vero,
1338 2113 1393 2155 qui
1413 2113 1554 2153 pecunia,
1580 2121 1652 2153 quo
1672 2112 1754 2152 capit

995 2166 1026 2189 et
1040 2158 1136 2189 vincit
1149 2158 1266 2194 omnia,
1281 2168 1315 2188 se
1328 2167 1392 2188 non
1406 2156 1475 2197 capi
1489 2163 1521 2187 et
1532 2155 1612 2187 vinei
1622 2155 1750 2196 patitur.

995 2219 1038 2226 —
1051 2203 1224 2243 σοππιίᾳιιε
1249 2213 1313 2233 non
1334 2203 1431 2232 unius
1450 2201 1537 2237 anni,
1561 2201 1616 2231 sed
1638 2199 1754 2241 queue:

996 2252 1068 2277 cett.
1092 2252 1140 2276 est
1163 2244 1220 2276 tibi
1244 2245 1378 2282 animus,
1401 2243 1457 2285 qui
1481 2253 1546 2274 ιιοιι
1572 2252 1629 2282 per
1650 2251 1752 2273 unum

996 2295 1119 2320 tantum
1133 2298 1253 2320 annum
1267 2287 1451 2329 dignitatem
1469 2285 1664 2317 consularem
1682 2292 1754 2316 tue-

993 2340 1054 2370 tur,
1081 2332 1136 2363 sed
1162 2331 1408 2372 quotiescunque
1434 2330 1498 2368 ille,
1528 2336 1565 2360 nt
1592 2331 1694 2360 bonus
1721 2335 1754 2360 et

994 2376 1078 2407 fidus
1087 2375 1196 2418 judex,
1211 2376 1243 2406 h.
1261 2385 1289 2406 e.
1304 2376 1384 2406 bene
1398 2380 1430 2405 et
1443 2383 1514 2405 vere
1533 2372 1575 2404 de
1594 2382 1653 2411 eo,
1667 2371 1753 2413 quod

995 2420 1094 2458 decet,
1105 2419 1260 2461 judicans,
1275 2419 1467 2449 honestatem
1482 2415 1609 2448 utilitati
1627 2415 1753 2456 profer·

996 2473 1038 2500 re,
1054 2463 1138 2494 dona
1151 2462 1375 2513 flagitiosorum
1388 2460 1485 2492 nobili
1498 2470 1572 2492 cum
1592 2464 1752 2491 contemtu

996 2507 1169 2547 repudiare,
1183 2513 1216 2538 et
1227 2505 1352 2537 virtutis
1363 2515 1439 2542 suae,
1454 2515 1519 2546 qua
1537 2509 1674 2534 armatus
1693 2509 1750 2540 est,

997 2549 1151 2591 praesidio,
1166 2549 1314 2592 quiequid
1327 2559 1407 2580 verae
1428 2547 1547 2589 gloriae
1556 2548 1664 2582 obstat,
1689 2544 1752 2576 for-

995 2595 1067 2626 titer
1094 2594 1217 2625 vincere
1243 2593 1331 2624 solet.
1417 2592 1529 2625 Conna
1561 2599 1626 2621 mm
1655 2590 1752 2621 unius

959 2635 965 2639 ’
995 2640 1084 2674 anni,
1101 2637 1253 2675 Lollium,
1267 2636 1321 2678 qui
1335 2635 1422 2667 haud
1441 2634 1544 2670 dubie,
1569 2639 1607 2663 ut
1627 2631 1662 2663 in
1688 2632 1751 2662 Ar-

994 2687 1146 2724 gumento
1160 2681 1350 2717 monuimus,
1365 2679 1424 2710 hoc
1437 2686 1521 2709 anno
1541 2675 1661 2708 consul
1678 2674 1750 2712 fuit.

993 2733 1063 2766 post
1079 2724 1286 2756 Consulatum
1300 2731 1426 2763 quoque
1438 2719 1632 2752 consularem
1647 2718 1751 2761 digni-

994 2774 1089 2799 tatem
1105 2767 1259 2798 tuiturum
1275 2776 1340 2797 esse
1361 2766 1414 2801 ait,
1436 2762 1537 2812 quod
1545 2762 1581 2799 is,
1607 2762 1662 2803 qui
1682 2768 1752 2802 post

994 2817 1098 2852 gestos
1111 2810 1264 2840 honores'
1256 2819 1289 2839 ιιι
1303 2809 1425 2839 vir-ustis
1437 2805 1583 2838 exercitio
1597 2805 1655 2837 §ibi
1675 2815 1753 2837 eon-

995 2860 1063 2892 stat,
1091 2854 1125 2883 in
1154 2852 1262 2883 eadem
1292 2861 1413 2891 semper
1446 2850 1597 2892 dignitate
1631 2855 1747 2880 manet.

994 2915 1037 2922 —-
1060 2899 1220 2928 honestum
1245 2897 1386 2936 praetuzit
1413 2895 1494 2931 utili,
1522 2893 1686 2924 commode
1715 2891 1750 2922 in

993 2942 1072 2972 hanc
1093 2938 1277 2970 sententiam
1298 2937 1428 2969 laudant
1450 2938 1517 2969 Cic.
1549 2936 1642 2968 Offic.
1666 2935 1746 2967 111.

993 2983 1023 3015 4.
1053 2986 1114 3020 Qui
1127 2989 1232 3015 autem
1243 2985 1344 3014 omnia
1359 2983 1528 3014 metiuntur
1541 2979 1749 3013 emolumentis
